,time,acc_trade_volume,trade_price,dev,high,ask_bid
0,1712601588.4137833,6954579.09057813,4582.0,0.0,4620.0,BID
1,1712601589.8664324,6954580.40004997,4574.0,-3.5550190639604797e-11,4620.0,ASK
2,1712601594.826466,6954632.3723102,4582.0,1.410968685217918e-09,4620.0,BID
3,1712601595.2263854,6954663.80704661,4582.0,8.534058073737353e-10,4620.0,BID
4,1712601597.1767786,6954939.89187625,4582.0,7.495287820073425e-09,4620.0,BID
5,1712601597.1785562,6955059.65137403,4583.0,3.2512902147604874e-09,4620.0,BID
6,1712601597.1803017,6955156.50704661,4582.0,2.6294858139901062e-09,4620.0,BID
7,1712601600.1080155,6955156.50704661,4582.0,0.0,4620.0,BID
8,1712601611.5566251,6955157.81623273,4583.0,3.557009469832096e-11,4620.0,BID
9,1712601623.276241,6955159.12541885,4576.0,-3.5570094723624646e-11,4620.0,ASK
10,1712601630.0880053,6955159.12541885,4576.0,-0.0,4620.0,ASK
11,1712601643.6365,6955160.43460497,4583.0,3.5570083110068177e-11,4620.0,BID
12,1712601655.5660417,6955161.74379109,4577.0,-3.557008313537185e-11,4620.0,ASK
13,1712601660.1561422,6955161.74379109,4577.0,-0.0,4620.0,ASK
14,1712601667.5959816,6955598.99783568,4583.0,1.1880020270624566e-08,4620.0,BID
15,1712601673.416321,6955643.56977825,4583.0,1.211002134299337e-09,4620.0,BID
16,1712601674.866339,6955644.87896437,4583.0,3.5570071545861374e-11,4620.0,BID
17,1712601675.2061048,6955703.32928667,4583.0,1.588072248485729e-09,4620.0,BID
18,1712601683.836101,6955825.07062575,4580.0,-3.3076642604902886e-09,4620.0,ASK
19,1712601689.295957,6955826.37981187,4580.0,-3.5570071520557705e-11,4620.0,ASK
20,1712601690.1461885,6955826.37981187,4580.0,-0.0,4620.0,ASK
21,1712601691.3663905,6956108.75544422,4583.0,7.671399973346293e-09,4620.0,BID
22,1712601691.8071542,6956381.23533808,4583.0,7.402558900328988e-09,4620.0,BID
23,1712601699.157117,6956563.84734671,4580.0,-4.961085864523712e-09,4620.0,ASK
24,1712601701.6658392,6956759.06903651,4583.0,5.303657590640689e-09,4620.0,BID
25,1712601701.9060488,6956843.71926878,4583.0,2.2997231884971157e-09,4620.0,BID
26,1712601701.9079952,6956944.01496715,4583.0,2.7247691714654155e-09,4620.0,BID
27,1712601702.1057618,6957112.00690855,4583.0,4.563897260010342e-09,4620.0,BID
28,1712601702.3061593,6957223.26116578,4583.0,3.022484266243921e-09,4620.0,BID
29,1712601702.346012,6957696.80371258,4583.0,1.2864900029317854e-08,4620.0,BID
30,1712601702.3476615,6957699.59189675,4583.0,7.574759828578234e-11,4620.0,BID
31,1712601711.2459643,6957700.89908629,4590.0,3.5512886572028766e-11,4620.0,BID
32,1712601720.0986865,6957700.89908629,4590.0,0.0,4620.0,BID
33,1712601724.22709,6957755.26858185,4590.0,1.476730928807771e-09,4620.0,BID
34,1712601724.2286725,6957796.29123328,4592.0,1.114217035175809e-09,4620.0,BID
35,1712601724.3358064,6957797.59842282,4581.0,-3.5504600578759747e-11,4620.0,ASK
36,1712601750.09576,6957797.59842282,4581.0,-0.0,4620.0,ASK
37,1712601767.6958606,6957944.73264119,4592.0,3.996267189133335e-09,4620.0,BID
38,1712601767.69776,6958233.1384925,4592.0,7.833302501000338e-09,4620.0,BID
39,1712601775.365723,6958274.76820487,4582.0,-1.13069179608169e-09,4620.0,ASK
40,1712601780.1395156,6958274.76820487,4582.0,-0.0,4620.0,ASK
41,1712601781.985669,6958276.07482507,4592.0,3.5486597298185174e-11,4620.0,BID
42,1712601791.1956956,6958277.38144527,4583.0,-3.5486597298185174e-11,4620.0,ASK
43,1712601810.147109,6958277.38144527,4583.0,-0.0,4620.0,ASK
44,1712601810.3054764,6958278.68806547,4592.0,3.5486585744124394e-11,4620.0,BID
45,1712601824.160782,6958296.6631584,4586.0,-4.88186755746742e-10,4620.0,ASK
46,1712601824.275746,6958438.67198487,4592.0,3.856827252720669e-09,4620.0,BID
47,1712601824.2776566,6958439.54926467,4592.0,2.382610099954347e-11,4620.0,BID
48,1712601830.475656,6958440.85588487,4586.0,-3.5486585718830536e-11,4620.0,ASK
49,1712601840.0956826,6958440.85588487,4586.0,-0.0,4620.0,ASK
50,1712601844.9054942,6958442.16250507,4592.0,3.5485862383252986e-11,4620.0,BID
51,1712601859.9354074,6958443.46912527,4590.0,-3.5485862383252986e-11,4620.0,ASK
52,1712601863.81622,6958476.2273694,4590.0,-8.89665216381675e-10,4620.0,ASK
53,1712601870.096407,6958476.2273694,4590.0,-0.0,4620.0,ASK
54,1712601871.2552643,6958480.58277009,4592.0,1.1828568699138642e-10,4620.0,BID
55,1712601882.6553588,6958481.88939029,4592.0,3.5485705912775376e-11,4620.0,BID
56,1712601887.7752123,6958483.19601049,4590.0,-3.5485705912775376e-11,4620.0,ASK
57,1712601890.0650928,6958566.47931967,4590.0,-2.261840905752233e-09,4620.0,ASK
58,1712601900.1153803,6958566.47931967,4590.0,-0.0,4620.0,ASK
59,1712601908.4854596,6958567.78593987,4592.0,3.5504830948165e-11,4620.0,BID
60,1712601925.0063877,6958569.09256007,4590.0,-3.550483092285814e-11,4620.0,ASK
61,1712601925.7250686,6958602.94063153,4590.0,-9.197546884542541e-10,4620.0,ASK
62,1712601925.8050182,6958709.1336068,4590.0,-2.885584988167093e-09,4620.0,ASK
63,1712601925.814931,6958892.23116477,4590.0,-4.975315582859602e-09,4620.0,ASK
64,1712601930.0919669,6958892.23116477,4590.0,-0.0,4620.0,ASK
65,1712601940.1753943,6958893.53778497,4592.0,3.550338847343254e-11,4620.0,BID
66,1712601944.9350762,6958897.38142608,4592.0,1.0443913499518431e-10,4620.0,BID
67,1712601959.7855506,6958898.68804628,4584.0,-3.550338847343254e-11,4620.0,ASK
68,1712601960.145225,6958898.68804628,4584.0,-0.0,4620.0,ASK
69,1712601981.0249505,6958899.99466648,4592.0,3.5503359880318786e-11,4620.0,BID
70,1712601986.385534,6958901.30128668,4584.0,-3.5503359855012985e-11,4620.0,ASK
71,1712601990.1463723,6958901.30128668,4584.0,-0.0,4620.0,ASK
72,1712602004.9448285,6958902.60790688,4592.0,3.550334831407951e-11,4620.0,BID
73,1712602020.0969443,6958902.60790688,4592.0,0.0,4620.0,BID
74,1712602022.2734768,6958966.63793736,4590.0,1.739817051512741e-09,4620.0,BID
75,1712602022.6447368,6960283.60790688,4590.0,3.578456533758505e-08,4620.0,BID
76,1712602022.7474127,6960522.88356182,4590.0,-6.501572174053527e-09,4620.0,ASK
77,1712602023.135749,6960527.24846797,4583.0,-1.1860275703257475e-10,4620.0,ASK
78,1712602023.1378498,6960529.43044484,4583.0,-5.928843914397139e-11,4620.0,ASK
79,1712602023.1398926,6960722.09632747,4584.0,-5.235096490308817e-09,4620.0,ASK
80,1712602023.1419268,6960762.08356182,4583.0,-1.0865287997414147e-09,4620.0,ASK
81,1712602023.81618,6960812.09632747,4583.0,-1.3589414500911711e-09,4620.0,ASK
82,1712602025.0747497,6960813.40294767,4580.0,-3.5503342525920746e-11,4620.0,ASK
83,1712602025.255452,6960856.48932946,4588.0,1.1707384982325723e-09,4620.0,BID
84,1712602025.257536,6961192.29596986,4590.0,9.124501653261111e-09,4620.0,BID
85,1712602025.2596836,6961235.38235165,4588.0,1.1707384982325723e-09,4620.0,BID
86,1712602025.2657187,6961272.84909278,4592.0,1.0180422310110796e-09,4620.0,BID
87,1712602025.2673757,6961297.41351194,4592.0,6.674617362406397e-10,4620.0,BID
88,1712602025.2690153,6962678.41351194,4588.0,3.7524382389097794e-08,4620.0,BID
89,1712602025.270669,6963475.79913378,4590.0,2.16664757317145e-08,4620.0,BID
90,1712602025.2724082,6963508.19359387,4592.0,8.802187600919201e-10,4620.0,BID
91,1712602025.274088,6964037.84449387,4590.0,1.4391616874961153e-08,4620.0,BID
92,1712602025.27525,6964114.09766194,4592.0,2.07194282191504e-09,4620.0,BID
93,1712602025.315035,6967282.96692103,4592.0,-8.610417220790826e-08,4620.0,ASK
94,1712602025.317161,6967551.51516333,4592.0,-7.296963746570156e-09,4620.0,ASK
95,1712602025.354871,6967768.54915448,4580.0,-5.89722409509823e-09,4620.0,ASK
96,1712602025.3570237,6968029.24908896,4579.0,-7.0837103767067506e-09,4620.0,ASK
97,1712602025.3646224,6968033.40199591,4577.0,-1.1284233775472504e-10,4620.0,ASK
98,1712602025.3663118,6968066.21516333,4576.0,-8.915958302959593e-10,4620.0,ASK
99,1712602037.5846565,6968074.93165929,4589.0,2.3684368392237423e-10,4620.0,BID
100,1712602045.3246367,6968076.23913368,4589.0,3.552655249598998e-11,4620.0,BID
101,1712602050.09073,6968076.23913368,4589.0,0.0,4620.0,BID
102,1712602056.584593,6968077.54660807,4580.0,-3.5485955081136004e-11,4620.0,ASK
103,1712602073.3845704,6968078.85408246,4589.0,3.5485955081136004e-11,4620.0,BID
104,1712602080.144471,6968078.85408246,4589.0,0.0,4620.0,BID
105,1712602094.4644687,6968080.16155685,4580.0,-3.548594356032579e-11,4620.0,ASK
106,1712602103.854561,6968139.61853538,4580.0,-1.6137119010018255e-09,4620.0,ASK
107,1712602110.1378045,6968139.61853538,4580.0,-0.0,4620.0,ASK
108,1712602113.634588,6968140.92600977,4589.0,3.5485675500168997e-11,4620.0,BID
109,1712602122.2046273,6968312.22600977,4580.0,-4.649189507053383e-09,4620.0,ASK
110,1712602122.224727,6968394.32600977,4580.0,-2.22824552554402e-09,4620.0,ASK
111,1712602122.2267528,6968394.40386411,4580.0,-2.113015647640509e-12,4620.0,ASK
112,1712602122.544283,6968431.52600977,4576.0,-1.0075183308935131e-09,4620.0,ASK
113,1712602125.354669,6968432.83348416,4576.0,-3.5485675500168997e-11,4620.0,ASK
114,1712602140.0852928,6968432.83348416,4576.0,-0.0,4620.0,ASK
115,1712602144.9044592,6968434.14267028,4583.0,3.553083806513664e-11,4620.0,BID
116,1712602160.8942857,6968435.4518564,4576.0,-3.5530838039860875e-11,4620.0,ASK
117,1712602170.096481,6968435.4518564,4576.0,-0.0,4620.0,ASK
118,1712602171.754639,6968589.08910474,4576.0,-4.1696580261073335e-09,4620.0,ASK
119,1712602171.757471,6968863.1137077,4576.0,-7.436926249508516e-09,4620.0,ASK
120,1712602171.75973,6968928.53019265,4577.0,-1.7753791769832839e-09,4620.0,ASK
121,1712602181.574195,6968929.83852234,4586.0,3.550758330207363e-11,4620.0,BID
122,1712602193.014285,6968931.14685203,4577.0,-3.550758330207363e-11,4620.0,ASK
123,1712602200.1177745,6968931.14685203,4577.0,-0.0,4620.0,ASK
124,1712602202.3441863,6968935.02204295,4583.0,1.0520304954114164e-10,4620.0,BID
125,1712602208.1643517,6968938.08338771,4577.0,-8.310888707370369e-11,4620.0,ASK
126,1712602208.1670654,6969049.02204295,4577.0,-3.011744475651556e-09,4620.0,ASK
127,1712602208.264077,6969049.07617621,4577.0,-1.4696009094140372e-12,4620.0,ASK
128,1712602209.325009,6969140.07617621,4576.0,-2.47045312287718e-09,4620.0,ASK
129,1712602209.3279731,6969381.97617621,4576.0,-6.5670616529957115e-09,4620.0,ASK
130,1712602209.350456,6969488.57617621,4576.0,-2.8939593725284398e-09,4620.0,ASK
131,1712602209.3854098,6969488.66372469,4576.0,-2.376751806926715e-12,4620.0,ASK
132,1712602211.0741398,6969489.97462702,4577.0,3.558816214467514e-11,4620.0,BID
133,1712602211.1140912,6969526.01714068,4575.0,-9.784762684403731e-10,4620.0,ASK
134,1712602212.4742107,6969591.60524737,4574.0,-1.780575197756589e-09,4620.0,ASK
135,1712602218.944162,6969837.3256316,4574.0,-6.670776819509362e-09,4620.0,ASK
136,1712602228.2341154,6969838.63653393,4570.0,-3.558816214467514e-11,4620.0,ASK
137,1712602230.0912397,6969838.63653393,4570.0,-0.0,4620.0,ASK
138,1712602245.1941583,6969839.94657759,4580.0,3.5560842625001514e-11,4620.0,BID
139,1712602260.1185763,6969839.94657759,4580.0,0.0,4620.0,BID
140,1712602260.8841467,6969841.25662125,4571.0,-3.5560836833255694e-11,4620.0,ASK
141,1712602277.2243202,6969987.85662125,4572.0,-3.979423616898249e-09,4620.0,ASK
142,1712602280.713802,6969989.16666491,4580.0,3.5560836833255694e-11,4620.0,BID
143,1712602290.095361,6969989.16666491,4580.0,0.0,4620.0,BID
144,1712602293.2241695,6969990.37756159,4571.0,-3.286890593172362e-11,4620.0,ASK
145,1712602293.226365,6969990.47670857,4572.0,-2.691272350429096e-12,4620.0,ASK
146,1712602301.8738432,6970099.64701424,4572.0,-2.963348208389471e-09,4620.0,ASK
147,1712602320.1393943,6970099.64701424,4572.0,-0.0,4620.0,ASK
148,1712602329.7939315,6970129.56753315,4572.0,-8.12159496094801e-10,4620.0,ASK
149,1712602329.7960494,6970151.34701424,4572.0,-5.911800005841862e-10,4620.0,ASK
150,1712602333.604941,6970151.43979911,4572.0,-2.5185430048054464e-12,4620.0,ASK
151,1712602333.6066873,6970152.54701424,4571.0,-3.0054133905641566e-11,4620.0,ASK
152,1712602335.9172037,6970262.54701424,4572.0,-2.985828716327515e-09,4620.0,ASK
153,1712602350.1638658,6970262.54701424,4572.0,-0.0,4620.0,ASK
154,1712602354.2137792,6970263.8570579,4580.0,3.555897185788184e-11,4620.0,BID
155,1712602357.8637462,6970263.86307277,4572.0,-1.6326370145626297e-13,4620.0,ASK
156,1712602357.8738046,6970455.8570579,4571.0,-5.21135968413092e-09,4620.0,ASK
157,1712602358.7738855,6970455.9092227,4571.0,-1.4159273429135052e-12,4620.0,ASK
158,1712602358.7758226,6970457.16710156,4570.0,-3.4143044514968325e-11,4620.0,ASK
159,1712602379.843675,6970458.47714522,4580.0,3.555897185788184e-11,4620.0,BID
160,1712602380.0850797,6970458.47714522,4580.0,0.0,4620.0,BID
161,1712602397.9936535,6970459.78718888,4570.0,-3.555810743681753e-11,4620.0,ASK
162,1712602410.0892217,6970459.78718888,4570.0,-0.0,4620.0,ASK
163,1712602440.1489067,6970459.78718888,4570.0,-0.0,4620.0,ASK
164,1712602440.7883625,6970471.57327333,4570.0,-3.19905970940756e-10,4620.0,ASK
165,1712602440.7933598,6970490.88718888,4570.0,-5.242315149623704e-10,4620.0,ASK
166,1712602440.883736,6970602.78718888,4570.0,-3.037266388231699e-09,4620.0,ASK
167,1712602453.3335595,6970604.09780486,4578.0,3.5573635961766276e-11,4620.0,BID
168,1712602467.683758,6970604.18141406,4570.0,-2.269378133666997e-12,4620.0,ASK
169,1712602467.687284,6970605.40842084,4568.0,-3.330425782809928e-11,4620.0,ASK
170,1712602470.143219,6970605.40842084,4568.0,-0.0,4620.0,ASK
171,1712602487.5532784,6970606.71960965,4576.0,3.558854124309014e-11,4620.0,BID
172,1712602500.115414,6970606.71960965,4576.0,0.0,4620.0,BID
173,1712602504.193408,6970608.03079846,4568.0,-3.559571885276219e-11,4620.0,ASK
174,1712602507.2836618,6970688.03079846,4568.0,-2.1718134607358862e-09,4620.0,ASK
175,1712602508.4730878,6970688.05559542,4568.0,-6.731796423982309e-13,4620.0,ASK
176,1712602508.57316,6970986.40257044,4568.0,8.099424703981973e-09,4620.0,BID
177,1712602509.2964551,6971052.04808466,4567.0,-1.782122642749044e-09,4620.0,ASK
178,1712602509.2993898,6971271.00257044,4567.0,-5.944103743808757e-09,4620.0,ASK
179,1712602518.0646975,6971271.01020421,4567.0,-2.0723905239704665e-13,4620.0,ASK
180,1712602518.1435225,6971358.29597172,4567.0,2.3696050601002088e-09,4620.0,BID
181,1712602527.4044082,6971359.60716053,4576.0,3.559571885276219e-11,4620.0,BID
182,1712602530.090548,6971359.60716053,4576.0,0.0,4620.0,BID
183,1712602534.6141703,6971360.91834934,4566.0,-3.559239605709858e-11,4620.0,ASK
184,1712602534.6645217,6971382.81935678,4566.0,-5.94505783728673e-10,4620.0,ASK
185,1712602534.667436,6971404.72036422,4566.0,-5.94505783753953e-10,4620.0,ASK
186,1712602534.6703951,6974045.91534237,4566.0,-7.169559184759063e-08,4620.0,ASK
187,1712602534.7438946,6975068.38425237,4566.0,2.7755055667866368e-08,4620.0,BID
188,1712602536.5142918,6975287.33282846,4565.0,-5.943388457429251e-09,4620.0,ASK
189,1712602536.5172904,6975408.18425237,4565.0,-3.2805281073621182e-09,4620.0,ASK
190,1712602536.654235,6975408.1847233,4565.0,-1.2783452002384418e-14,4620.0,ASK
191,1712602537.2941935,6975430.09052834,4565.0,-5.9463601522969e-10,4620.0,ASK
192,1712602545.004473,6975583.46476146,4564.0,-4.163364124454482e-09,4620.0,ASK
193,1712602552.5844314,6975718.70396719,4566.0,3.671086374173692e-09,4620.0,BID
194,1712602552.604381,6976040.48072258,4566.0,8.734673173060715e-09,4620.0,BID
195,1712602554.2344332,6976041.79478302,4566.0,3.5670346857877825e-11,4620.0,BID
196,1712602560.144786,6976041.79478302,4566.0,0.0,4620.0,BID
197,1712602570.7952652,6976043.10884346,4563.0,-3.5649658832492124e-11,4620.0,ASK
198,1712602570.8764038,6976166.94458064,4563.0,-3.359588074883818e-09,4620.0,ASK
199,1712602570.880206,6976394.92167904,4563.0,-6.184879733227261e-09,4620.0,ASK
200,1712602570.8835828,6977775.92167904,4561.0,-3.746568831477176e-08,4620.0,ASK
201,1712602570.8863723,6977795.4272548,4563.0,-5.291743821864325e-10,4620.0,ASK
202,1712602570.9550447,6978615.42513453,4561.0,2.2246042708731373e-08,4620.0,BID
203,1712602590.1602318,6978615.42513453,4561.0,0.0,4620.0,BID
204,1712602590.3781838,6978616.73747048,4572.0,3.5591539494259105e-11,4620.0,BID
205,1712602602.8660672,6978618.04980643,4562.0,-3.559153951951728e-11,4620.0,ASK
206,1712602620.0998814,6978618.04980643,4562.0,-0.0,4620.0,ASK
207,1712602642.766752,6978851.28007654,4571.0,6.325378555030521e-09,4620.0,BID
208,1712602642.906991,6978874.41022136,4572.0,6.273067468802791e-10,4620.0,BID
209,1712602650.0922358,6978874.41022136,4572.0,0.0,4620.0,BID
210,1712602661.9807427,6978875.72255731,4572.0,3.559039683803295e-11,4620.0,BID
211,1712602673.547501,6978877.03489326,4568.0,-3.559039683803295e-11,4620.0,ASK
212,1712602680.1496496,6978877.03489326,4568.0,-0.0,4620.0,ASK
213,1712602685.9476542,6979145.48496631,4572.0,7.280332083199394e-09,4620.0,BID
214,1712602710.140029,6979145.48496631,4572.0,0.0,4620.0,BID
215,1712602714.4683363,6979163.6957884,4572.0,4.93858757142179e-10,4620.0,BID
216,1712602723.4886682,6979172.80119944,4572.0,-2.4692937841955075e-10,4620.0,ASK
217,1712602740.0934873,6979172.80119944,4572.0,-0.0,4620.0,ASK
218,1712602750.179613,6979177.17182881,4576.0,1.1852656994293483e-10,4620.0,BID
219,1712602757.3591926,6979178.48301762,4576.0,3.5557970942470166e-11,4620.0,BID
220,1712602770.1019788,6979178.48301762,4576.0,0.0,4620.0,BID
221,1712602770.7295809,6979179.79420643,4573.0,-3.5557945896143966e-11,4620.0,ASK
222,1712602781.229885,6979182.85651423,4573.0,-8.304629676767692e-11,4620.0,ASK
223,1712602781.2334242,6979268.09707785,4573.0,-2.3116269183118403e-09,4620.0,ASK
224,1712602788.6796796,6979269.40912683,4573.0,3.558127271327449e-11,4620.0,BID
225,1712602800.1324427,6979269.40912683,4573.0,0.0,4620.0,BID
226,1712602804.0601954,6979271.59587513,4573.0,5.930689556378089e-11,4620.0,BID
227,1712602804.6204922,6979272.90792411,4572.0,-3.5584137343320226e-11,4620.0,ASK
228,1712602815.573177,6979353.78800294,4573.0,2.193552128932358e-09,4620.0,BID
229,1712602815.576044,6979422.07113866,4581.0,1.8519098880342547e-09,4620.0,BID
230,1712602815.5788014,6979443.9051998,4580.0,5.921625199703549e-10,4620.0,BID
231,1712602815.5815473,6979631.96886987,4581.0,5.100482959773815e-09,4620.0,BID
232,1712602815.5843377,6979653.82679337,4575.0,5.92809692098262e-10,4620.0,BID
233,1712602815.587179,6981399.52679337,4583.0,4.734520548050651e-08,4620.0,BID
234,1712602815.588534,6981432.09949834,4582.0,8.83405745463664e-10,4620.0,BID
235,1712602815.5897765,6981447.04163937,4576.0,4.052464555096596e-10,4620.0,BID
236,1712602815.591058,6981511.14577973,4580.0,1.738571173449485e-09,4620.0,BID
237,1712602815.5923252,6981599.36241176,4574.0,2.392527106751937e-09,4620.0,BID
238,1712602815.5937853,6981621.18694254,4582.0,5.919040466916203e-10,4620.0,BID
239,1712602815.595063,6983002.18694254,4588.0,3.745416094894456e-08,4620.0,BID
240,1712602815.5963452,6986148.01058924,4585.0,8.531801968175081e-08,4620.0,BID
241,1712602815.5976272,6986180.01058924,4583.0,8.67873389113849e-10,4620.0,BID
242,1712602815.5989454,6987561.01058924,4585.0,3.745416094894456e-08,4620.0,BID
243,1712602815.6002448,6987675.89530802,4586.0,3.115793445141688e-09,4620.0,BID
244,1712602815.6015377,6987697.70555884,4585.0,5.915167592840729e-10,4620.0,BID
245,1712602815.6028483,6988354.1078306,4586.0,1.7802314506691172e-08,4620.0,BID
246,1712602815.6308186,6988572.1078306,4588.0,-5.912387463338098e-09,4620.0,ASK
247,1712602815.6503725,6988818.74717387,4588.0,-6.689116335394885e-09,4620.0,ASK
248,1712602815.653398,6992035.38691073,4588.0,-8.723862593709438e-08,4620.0,ASK
249,1712602815.670418,6992223.4505808,4588.0,-5.100482959773815e-09,4620.0,ASK
250,1712602815.6724267,6994203.32570905,4588.0,-5.36962792992572e-08,4620.0,ASK
251,1712602815.6901534,6994312.49601473,4588.0,-2.960812599422381e-09,4620.0,ASK
252,1712602815.7102857,6994930.89601473,4588.0,-1.677165324463524e-08,4620.0,ASK
253,1712602815.7317944,6994958.56391937,4588.0,-7.50382442789464e-10,4620.0,ASK
254,1712602815.7368417,6994986.16428637,4588.0,-7.48550751542481e-10,4620.0,ASK
255,1712602815.7409792,6995474.28806013,4589.0,1.32384260574833e-08,4620.0,BID
256,1712602815.7702224,6995502.08870649,4588.0,-7.539825367511499e-10,4620.0,ASK
257,1712602815.830179,6995516.58870649,4588.0,-3.9325512944221295e-10,4620.0,ASK
258,1712602815.8501008,6995792.89659722,4589.0,7.493758298960181e-09,4620.0,BID
259,1712602816.1503258,6995838.52791678,4589.0,-1.2375689986365702e-09,4620.0,ASK
260,1712602816.15336,6995871.39659722,4589.0,-8.914329090333415e-10,4620.0,ASK
261,1712602816.2531257,6995920.63823283,4588.0,-1.335484536958225e-09,4620.0,ASK
262,1712602816.2563016,6995920.69659722,4589.0,-1.5829031655055408e-12,4620.0,ASK
263,1712602816.3130786,6996764.49659722,4588.0,-2.2884736429190762e-08,4620.0,ASK
264,1712602816.3901389,6997614.99659722,4588.0,-2.3066447420041524e-08,4620.0,ASK
265,1712602816.4902997,6998119.19659722,4588.0,-1.3674430087230142e-08,4620.0,ASK
266,1712602816.9700725,6998154.59659722,4588.0,-9.600849366920408e-10,4620.0,ASK
267,1712602818.860329,6998173.09659722,4588.0,-5.017393030814441e-10,4620.0,ASK
268,1712602822.770422,6998175.34202006,4588.0,-6.089821032022525e-11,4620.0,ASK
269,1712602824.480352,6998176.64977943,4588.0,3.546779863585389e-11,4620.0,BID
270,1712602830.1041224,6998176.64977943,4588.0,0.0,4620.0,BID
271,1712602840.6208005,6998177.46627167,4588.0,2.2092163659179128e-11,4620.0,BID
272,1712602840.7805138,6998201.66627167,4588.0,-6.54789273432043e-10,4620.0,ASK
273,1712602841.0805817,6998202.97403104,4588.0,-3.5384578848282046e-11,4620.0,ASK
274,1712602841.8207555,6998220.17403104,4588.0,-4.6538741745688435e-10,4620.0,ASK
275,1712602853.2307854,6998220.2417585,4588.0,-1.832529531769823e-12,4620.0,ASK
276,1712602853.550832,6998673.81606846,4591.0,1.2272545159663961e-08,4620.0,BID
277,1712602853.5630922,6998704.16412877,4590.0,8.211398495962702e-10,4620.0,BID
278,1712602853.5671935,6998826.53696794,4593.0,3.311091836654822e-09,4620.0,BID
279,1712602853.572003,6998827.88679921,4592.0,3.652293539535936e-11,4620.0,BID
280,1712602853.5762112,6999416.58316471,4593.0,1.5928597745238712e-08,4620.0,BID
281,1712602853.5781026,7000214.24865295,4588.0,2.1582760557135053e-08,4620.0,BID
282,1712602853.5800238,7000233.26408532,4593.0,5.14508311792729e-10,4620.0,BID
283,1712602853.5819402,7000466.82420868,4588.0,6.319531548606387e-09,4620.0,BID
284,1712602853.5838754,7000571.89967355,4594.0,2.843069723047236e-09,4620.0,BID
285,1712602853.585814,7000581.49336068,4592.0,2.5958030681071967e-10,4620.0,BID
286,1712602853.5878303,7000701.49336068,4593.0,3.246888959142165e-09,4620.0,BID
287,1712602853.5899253,7001002.20156786,4595.0,8.136384648487717e-09,4620.0,BID
288,1712602853.5918686,7001023.97383,4593.0,5.89100979628886e-10,4620.0,BID
289,1712602853.5938156,7001030.50408686,4594.0,1.7669182418320394e-10,4620.0,BID
290,1712602853.59579,7001164.37962708,4593.0,3.6223251119755598e-09,4620.0,BID
291,1712602853.5977397,7001217.17962708,4594.0,1.4286311420427122e-09,4620.0,BID
292,1712602853.5997648,7001550.84443923,4595.0,9.028104955186594e-09,4620.0,BID
293,1712602856.6910727,7001552.15162877,4590.0,3.5369160707936016e-11,4620.0,BID
294,1712602860.1510477,7001552.15162877,4590.0,0.0,4620.0,BID
295,1712602861.0813189,7001607.65209457,4582.0,-1.5010692655140243e-09,4620.0,ASK
296,1712602861.0844872,7002933.15162877,4579.0,-3.5849547991338574e-08,4620.0,ASK
297,1712602861.261001,7002988.65209457,4579.0,-1.5010692655140243e-09,4620.0,ASK
298,1712602861.3610356,7003044.15256037,4579.0,1.5010692655140243e-09,4620.0,BID
299,1712602861.3712196,7003155.15349197,4579.0,3.002138531028049e-09,4620.0,BID
300,1712602861.3742516,7003254.45162877,4579.0,2.6856239695295503e-09,4620.0,BID
301,1712602861.9911842,7003276.29045821,4579.0,-5.906544241517322e-10,4620.0,ASK
302,1712602862.291,7003298.12928765,4579.0,-5.906544241517322e-10,4620.0,ASK
303,1712602871.2613657,7003332.70669107,4577.0,-9.35182737797219e-10,4620.0,ASK
304,1712602871.2656205,7003769.67413699,4577.0,-1.1818250417259842e-08,4620.0,ASK
305,1712602871.341413,7004209.60672699,4577.0,1.1898445900013203e-08,4620.0,BID
306,1712602871.362689,7004209.60672746,4577.0,1.2720249007024104e-17,4620.0,BID
307,1712602881.3857477,7004282.97661201,4577.0,-1.9843667458313328e-09,4620.0,ASK
308,1712602881.5088918,7004284.28380155,4577.0,-3.535433467844572e-11,4620.0,ASK
309,1712602890.151359,7004284.28380155,4577.0,-0.0,4620.0,ASK
310,1712602895.3914478,7004285.59241659,4585.0,3.538091934720583e-11,4620.0,BID
311,1712602907.6429348,7004289.94962977,4578.0,-1.1780562149226178e-10,4620.0,ASK
312,1712602911.6517365,7004291.25824481,4578.0,-3.538091934720583e-11,4620.0,ASK
313,1712602920.1013083,7004291.25824481,4578.0,-0.0,4620.0,ASK
314,1712602931.9923868,7004303.36447862,4578.0,-3.273149849745652e-10,4620.0,ASK
315,1712602931.9963732,7004303.38058593,4577.0,-4.354916806011288e-13,4620.0,ASK
316,1712602950.1042273,7004303.38058593,4577.0,-0.0,4620.0,ASK
317,1712602961.9226165,7004325.19559466,4584.0,5.898092381905727e-10,4620.0,BID
318,1712602962.0625572,7004433.74362049,4584.0,-2.9347972863546803e-09,4620.0,ASK
319,1712602962.142445,7004906.30206749,4584.0,-1.2776494434609708e-08,4620.0,ASK
320,1712602970.1026523,7004907.61011196,4587.0,3.5365409286769226e-11,4620.0,BID
321,1712602980.1535616,7004907.61011196,4587.0,0.0,4620.0,BID
322,1712602984.4838183,7004908.91815643,4580.0,-3.5362761094494643e-11,4620.0,ASK
323,1712602999.7828326,7005055.39564659,4580.0,-3.959994181675909e-09,4620.0,ASK
324,1712603010.1531937,7005055.39564659,4580.0,-0.0,4620.0,ASK
325,1712603040.1196127,7005055.39564659,4580.0,-0.0,4620.0,ASK
326,1712603040.5129962,7005056.70426163,4585.0,3.53775389969848e-11,4620.0,BID
327,1712603041.593875,7005176.76321577,4578.0,-3.245714134479601e-09,4620.0,ASK
328,1712603051.3164575,7005178.07183081,4578.0,-3.53775389969848e-11,4620.0,ASK
329,1712603070.1441891,7005178.07183081,4578.0,-0.0,4620.0,ASK
330,1712603100.155319,7005178.07183081,4578.0,-0.0,4620.0,ASK
331,1712603100.3941436,7005244.54155088,4578.0,-1.798057355713264e-09,4620.0,ASK
332,1712603105.5442064,7005245.8504514,4584.0,3.5406771746450946e-11,4620.0,BID
333,1712603115.764364,7005266.35655961,4584.0,5.547060927266332e-10,4620.0,BID
334,1712603115.8642905,7005288.19538952,4584.0,-5.90757245841165e-10,4620.0,ASK
335,1712603115.8838663,7006056.39538952,4584.0,-2.0780404358522343e-08,4620.0,ASK
336,1712603115.9641483,7006090.91660071,4584.0,-9.33825471853609e-10,4620.0,ASK
337,1712603116.044063,7006146.39986239,4584.0,-1.5008651560088727e-09,4620.0,ASK
338,1712603116.3440895,7006180.91660071,4578.0,-9.337044772491659e-10,4620.0,ASK
339,1712603124.254537,7006182.22550123,4578.0,-3.540677177164394e-11,4620.0,ASK
340,1712603130.1465113,7006182.22550123,4578.0,-0.0,4620.0,ASK
341,1712603160.0948844,7006182.22550123,4578.0,-0.0,4620.0,ASK
342,1712603172.409114,7006183.53440175,4584.0,3.5402364205555826e-11,4620.0,BID
343,1712603190.1019552,7006183.53440175,4584.0,0.0,4620.0,BID
344,1712603193.947038,7006184.84330227,4581.0,-3.5402358460304e-11,4620.0,ASK
345,1712603214.385345,7006186.15191731,4585.0,3.5394636963363106e-11,4620.0,BID
346,1712603220.1553414,7006186.15191731,4585.0,0.0,4620.0,BID
347,1712603223.525396,7006187.46053235,4582.0,-3.539462547913038e-11,4620.0,ASK
348,1712603224.1752217,7006197.06053235,4582.0,-2.5965497429834173e-10,4620.0,ASK
349,1712603225.5959785,7006700.48223967,4581.0,-1.361624484171681e-08,4620.0,ASK
350,1712603225.6005344,7006700.48589001,4582.0,-9.873218794297545e-14,4620.0,ASK
351,1712603225.6030154,7006911.46053235,4581.0,-5.706314097556737e-09,4620.0,ASK
352,1712603231.115128,7006922.37240222,4581.0,-2.951376344415973e-10,4620.0,ASK
353,1712603231.1250472,7006922.46053235,4581.0,-2.383690286797945e-12,4620.0,ASK
354,1712603232.1454256,7006922.46330993,4581.0,-7.512627774290233e-14,4620.0,ASK
355,1712603232.149289,7006933.46053235,4580.0,-2.9744619845065227e-10,4620.0,ASK
356,1712603242.3852873,7006996.36053235,4580.0,-1.7012810295681643e-09,4620.0,ASK
357,1712603242.505154,7007347.56053235,4580.0,-9.499044476787984e-09,4620.0,ASK
358,1712603242.7253346,7007522.86053235,4580.0,-4.7414080204392965e-09,4620.0,ASK
359,1712603242.867908,7007891.96053235,4580.0,-9.983192814310633e-09,4620.0,ASK
360,1712603243.0274894,7007940.96053235,4580.0,-1.325322264699215e-09,4620.0,ASK
361,1712603243.21553,7007942.26943287,4584.0,3.540234694837609e-11,4620.0,BID
362,1712603243.4356463,7008176.56943287,4580.0,-6.337204216709781e-09,4620.0,ASK
363,1712603243.735319,7008293.86943287,4580.0,-3.17265921735113e-09,4620.0,ASK
364,1712603243.8953528,7008335.06943287,4580.0,-1.1143525980534734e-09,4620.0,ASK
365,1712603244.435447,7009796.66943287,4580.0,-3.95324698384717e-08,4620.0,ASK
366,1712603244.5555575,7010820.86943287,4580.0,-2.7701940071534347e-08,4620.0,ASK
367,1712603244.560601,7010975.5048594,4580.0,-4.182485177368342e-09,4620.0,ASK
368,1712603244.8754964,7011243.60262065,4579.0,-7.2513455530770085e-09,4620.0,ASK
369,1712603244.881228,7011247.96943287,4580.0,-1.1811088695344668e-10,4620.0,ASK
370,1712603245.2059815,7012293.46943287,4579.0,-2.8278049545776123e-08,4620.0,ASK
371,1712603245.2405505,7012798.06943287,4579.0,-1.3648114587076128e-08,4620.0,ASK
372,1712603248.1730826,7012897.46943287,4579.0,-2.6885108798284837e-09,4620.0,ASK
373,1712603248.1852252,7014608.26943287,4579.0,-4.627268021320757e-08,4620.0,ASK
374,1712603248.6678238,7015036.5436524,4579.0,-1.1583701194706724e-08,4620.0,ASK
375,1712603248.6759107,7015292.66943287,4578.0,-6.927534682040961e-09,4620.0,ASK
376,1712603248.9554713,7015580.91999578,4578.0,-7.796426302789638e-09,4620.0,ASK
377,1712603248.9596784,7015878.81999578,4578.0,-8.057418421492971e-09,4620.0,ASK
378,1712603248.9633372,7016627.86943287,4578.0,-2.0259834619118183e-08,4620.0,ASK
379,1712603248.975111,7016648.36943287,4578.0,-5.544715597211e-10,4620.0,ASK
380,1712603249.1756058,7016883.91052572,4577.0,-6.370772542955323e-09,4620.0,ASK
381,1712603249.180128,7016883.96943287,4578.0,-1.593284853684105e-12,4620.0,ASK
382,1712603249.2551167,7017010.66943287,4577.0,-3.4269047130130086e-09,4620.0,ASK
383,1712603249.7153275,7017010.70260454,4577.0,-8.972071888097103e-13,4620.0,ASK
384,1712603250.1610332,7017010.70260454,4577.0,-0.0,4620.0,ASK
385,1712603252.8654156,7017131.78972244,4580.0,3.2707058240787752e-09,4620.0,BID
386,1712603258.385831,7017300.95082941,4572.0,-4.5692409512232414e-09,4620.0,ASK
387,1712603263.085769,7017302.25972993,4575.0,-3.5354946329686234e-11,4620.0,ASK
388,1712603280.1021402,7017302.25972993,4575.0,-0.0,4620.0,ASK
389,1712603281.8557668,7017303.56863045,4584.0,3.535367246081527e-11,4620.0,BID
390,1712603289.0659122,7017346.40467183,4584.0,1.1570102945782207e-09,4620.0,BID
391,1712603292.7057493,7017347.71357235,4584.0,-3.535367246081527e-11,4620.0,ASK
392,1712603294.1259456,7017423.01357235,4584.0,-2.033868498940507e-09,4620.0,ASK
393,1712603310.1078036,7017423.01357235,4584.0,-0.0,4620.0,ASK
394,1712603315.7861354,7017424.32190204,4586.0,3.533772588790638e-11,4620.0,BID
395,1712603326.9263191,7017425.54048199,4583.0,-3.2913603168913995e-11,4620.0,ASK
396,1712603326.931587,7017425.63023173,4584.0,-2.42412269383755e-12,4620.0,ASK
397,1712603340.160189,7017425.63023173,4584.0,-0.0,4620.0,ASK
398,1712603344.016399,7017426.93884677,4585.0,3.534542167672276e-11,4620.0,BID
399,1712603361.3562589,7017428.24746181,4583.0,-3.534542167672276e-11,4620.0,ASK
400,1712603364.2316897,7017466.66929448,4585.0,1.0377657567610312e-09,4620.0,BID
401,1712603370.1486478,7017466.66929448,4585.0,0.0,4620.0,BID
402,1712603379.886473,7017467.97762417,4586.0,3.533753482031706e-11,4620.0,BID
403,1712603398.5064962,7017469.28595386,4583.0,-3.533753484547176e-11,4620.0,ASK
404,1712603400.1267142,7017469.28595386,4583.0,-0.0,4620.0,ASK
405,1712603418.966789,7017470.5945689,4585.0,3.535361950133817e-11,4620.0,BID
406,1712603420.1265202,7017505.0433568,4585.0,9.306704435317347e-10,4620.0,BID
407,1712603420.7368958,7017799.87908069,4586.0,7.965298945010674e-09,4620.0,BID
408,1712603420.8767529,7017820.37177745,4587.0,5.536318792159269e-10,4620.0,BID
409,1712603420.8822792,7017837.74374506,4587.0,4.693220802784978e-10,4620.0,BID
410,1712603421.2423456,7017864.98249534,4587.0,7.35883650750202e-10,4620.0,BID
411,1712603422.816493,7018216.97495515,4587.0,9.509448623753352e-09,4620.0,BID
412,1712603423.036483,7018238.78045014,4588.0,5.890985120435391e-10,4620.0,BID
413,1712603424.446675,7018460.98921021,4589.0,6.003204695831162e-09,4620.0,BID
414,1712603424.451607,7018482.78045014,4589.0,5.887133965224321e-10,4620.0,BID
415,1712603427.5173037,7018484.08906518,4586.0,-3.535361950133817e-11,4620.0,ASK
416,1712603430.0984778,7018484.08906518,4586.0,-0.0,4620.0,ASK
417,1712603448.0272012,7018484.51591916,4590.0,1.1530461693504436e-11,4620.0,BID
418,1712603448.0327597,7018485.39644655,4589.0,2.378538755544564e-11,4620.0,BID
419,1712603448.451229,7018506.75608495,4590.0,5.769806630075904e-10,4620.0,BID
420,1712603448.4535227,7018624.197809,4590.0,3.1724134341527143e-09,4620.0,BID
421,1712603459.547572,7018625.50519037,4590.0,-3.531584924895008e-11,4620.0,ASK
422,1712603460.1721768,7018625.50519037,4590.0,-0.0,4620.0,ASK
423,1712603480.8970466,7018626.81152609,4593.0,3.52869847455814e-11,4620.0,BID
424,1712603489.8169804,7018628.11786181,4590.0,-3.52869847455814e-11,4620.0,ASK
425,1712603490.1548674,7018628.11786181,4590.0,-0.0,4620.0,ASK
426,1712603515.4374802,7019031.93054923,4591.0,-1.0907860286608458e-08,4620.0,ASK
427,1712603515.4438877,7019935.3074043,4590.0,-2.4402176623541573e-08,4620.0,ASK
428,1712603520.1036825,7019935.3074043,4590.0,-0.0,4620.0,ASK
429,1712603543.8573031,7019936.61374002,4593.0,3.528125478507821e-11,4620.0,BID
430,1712603550.1108162,7019936.61374002,4593.0,0.0,4620.0,BID
431,1712603558.1675618,7019937.92007574,4590.0,-3.5281249042711617e-11,4620.0,ASK
432,1712603567.1981127,7020001.97321714,4590.0,-1.729934197096053e-09,4620.0,ASK
433,1712603567.2034838,7020006.68317573,4589.0,-1.2720560230149014e-10,4620.0,ASK
434,1712603567.208354,7020028.5077065,4582.0,-5.894324819889649e-10,4620.0,ASK
435,1712603567.212454,7021409.5077065,4587.0,-3.72977667287606e-08,4620.0,ASK
436,1712603567.2165468,7021741.73502701,4580.0,-8.972727806880356e-09,4620.0,ASK
437,1712603567.2199285,7021775.73502701,4580.0,-9.182650751468935e-10,4620.0,ASK
438,1712603567.2222743,7021780.96974802,4588.0,-1.4137827888607368e-10,4620.0,ASK
439,1712603567.224652,7021814.96974802,4582.0,-9.182650751468935e-10,4620.0,ASK
440,1712603572.457538,7021816.27608374,4593.0,3.528124906786459e-11,4620.0,BID
441,1712603577.6019835,7021818.45330995,4593.0,5.880208203968834e-11,4620.0,BID
442,1712603580.1265004,7021818.45330995,4593.0,0.0,4620.0,BID
443,1712603595.4578564,7021819.75964567,4584.0,-3.5273028285086074e-11,4620.0,ASK
444,1712603610.103858,7021819.75964567,4584.0,-0.0,4620.0,ASK
445,1712603612.157537,7021821.06598139,4593.0,3.527302260688308e-11,4620.0,BID
446,1712603624.8276663,7021822.37231711,4584.0,-3.527302260688308e-11,4620.0,ASK
447,1712603640.153998,7021822.37231711,4584.0,-0.0,4620.0,ASK
448,1712603645.3778656,7021823.67922192,4591.0,3.528837744859301e-11,4620.0,BID
449,1712603656.6080422,7021824.98612673,4584.0,-3.528837747374011e-11,4620.0,ASK
450,1712603660.7876587,7021944.52081837,4584.0,-3.22761480865152e-09,4620.0,ASK
451,1712603666.7679107,7021983.91144731,4581.0,-1.0636056825237022e-09,4620.0,ASK
452,1712603670.1697793,7021983.91144731,4581.0,-0.0,4620.0,ASK
453,1712603670.4580157,7021992.62414606,4591.0,2.352511471622682e-10,4620.0,BID
454,1712603674.997809,7021993.9313356,4590.0,3.529535998682343e-11,4620.0,BID
455,1712603680.0277958,7021996.70405948,4590.0,7.486618006167412e-11,4620.0,BID
456,1712603689.808073,7021998.01124902,4581.0,-3.529535998682343e-11,4620.0,ASK
457,1712603700.1391306,7021998.01124902,4581.0,-0.0,4620.0,ASK
458,1712603706.5298097,7021999.31872341,4589.0,3.535938660531327e-11,4620.0,BID
459,1712603727.918013,7022000.6261978,4579.0,-3.535938658012655e-11,4620.0,ASK
460,1712603730.1047106,7022000.6261978,4579.0,-0.0,4620.0,ASK
461,1712603740.7481668,7022412.20481632,4590.0,1.1130744034106321e-08,4620.0,BID
462,1712603740.7537627,7022567.10874767,4589.0,4.1892263887247454e-09,4620.0,BID
463,1712603747.494471,7022568.41593721,4590.0,3.535167163491883e-11,4620.0,BID
464,1712603754.958148,7022569.72312675,4579.0,-3.535167163491883e-11,4620.0,ASK
465,1712603760.1609392,7022569.72312675,4579.0,-0.0,4620.0,ASK
466,1712603790.1609232,7022569.72312675,4579.0,-0.0,4620.0,ASK
467,1712603812.6582918,7022571.03060114,4589.0,3.5356877556662846e-11,4620.0,BID
468,1712603820.1035647,7022571.03060114,4589.0,0.0,4620.0,BID
469,1712603832.4395611,7022572.33807553,4579.0,-3.535687181991454e-11,4620.0,ASK
470,1712603847.7384124,7022976.15076295,4579.0,-1.0919948827412955e-08,4620.0,ASK
471,1712603850.1505716,7022976.15076295,4579.0,-0.0,4620.0,ASK
472,1712603851.9303107,7022977.45880742,4587.0,3.537051365633411e-11,4620.0,BID
473,1712603861.038445,7022978.76685189,4579.0,-3.537051365633411e-11,4620.0,ASK
474,1712603880.1788597,7022978.76685189,4579.0,-0.0,4620.0,ASK
475,1712603880.5691018,7022980.07518158,4586.0,3.537821476041924e-11,4620.0,BID
476,1712603896.7716126,7022981.38351127,4579.0,-3.537821476041924e-11,4620.0,ASK
477,1712603903.2486196,7022983.56406076,4586.0,5.896369141846735e-11,4620.0,BID
478,1712603910.150721,7022983.56406076,4586.0,0.0,4620.0,BID
479,1712603915.2885184,7022984.87239045,4586.0,3.5378193722817835e-11,4620.0,BID
480,1712603933.2888682,7022986.18072014,4579.0,-3.5378193722817835e-11,4620.0,ASK
481,1712603940.098601,7022986.18072014,4579.0,-0.0,4620.0,ASK
482,1712603951.4386775,7022987.48904983,4586.0,3.537818222657186e-11,4620.0,BID
483,1712603966.9294302,7023020.91201778,4579.0,-9.037812566452792e-10,4620.0,ASK
484,1712603966.936075,7023024.18712695,4580.0,-8.856132362851115e-11,4620.0,ASK
485,1712603969.079958,7023025.49545664,4579.0,-3.537818222657186e-11,4620.0,ASK
486,1712603970.100257,7023025.49545664,4579.0,-0.0,4620.0,ASK
487,1712603990.9090452,7023026.80378633,4586.0,3.537801002218238e-11,4620.0,BID
488,1712604000.1484923,7023026.80378633,4586.0,0.0,4620.0,BID
489,1712604002.733109,7023028.11211602,4579.0,-3.5391650131091644e-11,4620.0,ASK
490,1712604019.029873,7023029.42044571,4586.0,3.5391650131091644e-11,4620.0,BID
491,1712604024.9289153,7023031.6668478,4586.0,6.076746358153473e-11,4620.0,BID
492,1712604030.1052485,7023031.6668478,4586.0,0.0,4620.0,BID
493,1712604038.5192175,7023032.97517749,4579.0,-3.5391628788380087e-11,4620.0,ASK
494,1712604058.7621624,7023034.28350718,4586.0,3.5391628788380087e-11,4620.0,BID
495,1712604060.1625535,7023034.28350718,4586.0,0.0,4620.0,BID
496,1712604069.5590856,7023035.59183687,4579.0,-3.5391617283410486e-11,4620.0,ASK
497,1712604074.6806302,7023293.37891365,4579.0,-6.973396412638035e-09,4620.0,ASK
498,1712604074.6832788,7023807.29183687,4579.0,-1.3901854894915578e-08,4620.0,ASK
499,1712604074.6895418,7024161.99183687,4579.0,-9.594987221447931e-09,4620.0,ASK
500,1712604074.692088,7024306.49183687,4579.0,-3.908868490269236e-09,4620.0,ASK
501,1712604074.729377,7024911.42741125,4579.0,-1.6364107995404322e-08,4620.0,ASK
502,1712604074.8532417,7024942.82741125,4579.0,-8.49401180594534e-10,4620.0,ASK
503,1712604075.21259,7024994.52741125,4579.0,-1.398536338738045e-09,4620.0,ASK
504,1712604075.3889394,7025103.22741125,4579.0,-2.940442940410751e-09,4620.0,ASK
505,1712604075.519334,7025136.52741125,4579.0,-9.007980673278743e-10,4620.0,ASK
506,1712604075.6591887,7025225.71567477,4584.0,2.412631093244677e-09,4620.0,BID
507,1712604075.665017,7025516.56758272,4579.0,-7.86783292955039e-09,4620.0,ASK
508,1712604075.9792876,7025531.50049355,4576.0,-4.039500665089064e-10,4620.0,ASK
509,1712604075.985149,7025581.76758272,4576.0,-1.3597746778944307e-09,4620.0,ASK
510,1712604086.8941617,7025583.07648324,4584.0,3.540705882580125e-11,4620.0,BID
511,1712604090.1557324,7025583.07648324,4584.0,0.0,4620.0,BID
512,1712604106.3725474,7025584.38538376,4576.0,-3.5395883718156466e-11,4620.0,ASK
513,1712604120.1148195,7025584.38538376,4576.0,-0.0,4620.0,ASK
514,1712604125.7193012,7025595.68538376,4576.0,-3.055796948411456e-10,4620.0,ASK
515,1712604125.7590458,7025596.99456988,4583.0,3.5403601317437675e-11,4620.0,BID
516,1712604129.989355,7025627.99456988,4576.0,-8.38315976942559e-10,4620.0,ASK
517,1712604130.209326,7025661.79456988,4576.0,-9.140348393710436e-10,4620.0,ASK
518,1712604130.399224,7025673.59456988,4576.0,-3.1910092025051773e-10,4620.0,ASK
519,1712604131.3807087,7025677.69456988,4576.0,-1.1087404857848187e-10,4620.0,ASK
520,1712604131.539232,7025823.69456988,4576.0,-3.9481978268907635e-09,4620.0,ASK
521,1712604131.7058856,7025873.69456988,4576.0,-1.3521225434557402e-09,4620.0,ASK
522,1712604131.962674,7025975.29456988,4576.0,-2.747513008291991e-09,4620.0,ASK
523,1712604132.0391796,7026025.29456988,4576.0,-1.3521225434557402e-09,4620.0,ASK
524,1712604132.17947,7026078.39456988,4576.0,-1.4359541411651075e-09,4620.0,ASK
525,1712604132.4193091,7026083.49456988,4576.0,-1.3791649942241144e-10,4620.0,ASK
526,1712604133.4191852,7026083.58975332,4576.0,-2.573993512844765e-12,4620.0,ASK
527,1712604133.4293537,7026088.59456988,4575.0,-1.3534250590956668e-10,4620.0,ASK
528,1712604133.5492487,7026090.59456988,4575.0,-5.408490173822962e-11,4620.0,ASK
529,1712604135.509032,7026091.903756,4575.0,-3.540360134262292e-11,4620.0,ASK
530,1712604139.6892931,7026507.303756,4575.0,-1.1233434091015182e-08,4620.0,ASK
531,1712604150.1052496,7026507.303756,4575.0,-0.0,4620.0,ASK
532,1712604161.9298496,7026542.09410792,4576.0,9.407089568829747e-10,4620.0,BID
533,1712604162.7498376,7026546.63942033,4576.0,1.2290235249670097e-10,4620.0,BID
534,1712604180.156155,7026546.63942033,4576.0,0.0,4620.0,BID
535,1712604192.3710334,7026547.94889217,4582.0,3.5407112181977244e-11,4620.0,BID
536,1712604200.9593189,7026549.25836401,4575.0,-3.5407112181977244e-11,4620.0,ASK
537,1712604210.1493134,7026549.25836401,4575.0,-0.0,4620.0,ASK
538,1712604218.673834,7026556.85836401,4576.0,-2.0549809253506847e-10,4620.0,ASK
539,1712604220.4492743,7026868.55836401,4576.0,-8.428125715593362e-09,4620.0,ASK
540,1712604228.4794114,7026875.45836401,4576.0,-1.8657063661485357e-10,4620.0,ASK
541,1712604240.0994515,7026875.45836401,4576.0,-0.0,4620.0,ASK
542,1712604254.889503,7026876.76783585,4582.0,3.5405671686441136e-11,4620.0,BID
543,1712604267.9214685,7026878.07730769,4576.0,-3.5405671686441136e-11,4620.0,ASK
544,1712604270.1044388,7026878.07730769,4576.0,-0.0,4620.0,ASK
545,1712604279.962114,7026922.87014083,4576.0,-1.2111141158947863e-09,4620.0,ASK
546,1712604285.2197242,7026924.17961267,4582.0,3.540566020632784e-11,4620.0,BID
547,1712604287.0227206,7026955.34275103,4582.0,8.42592756860321e-10,4620.0,BID
548,1712604287.0810091,7026963.44275103,4576.0,-2.1900879340980823e-10,4620.0,ASK
549,1712604300.1695924,7026963.44275103,4576.0,-0.0,4620.0,ASK
550,1712604300.909875,7026964.75222287,4576.0,-3.540627855332507e-11,4620.0,ASK
551,1712604312.4698184,7027283.25222287,4577.0,-8.611792466586704e-09,4620.0,ASK
552,1712604312.4730124,7027651.15222287,4577.0,-9.94749905325104e-09,4620.0,ASK
553,1712604312.4895372,7027806.95222287,4577.0,-4.21261308098149e-09,4620.0,ASK
554,1712604312.4942198,7028057.15222287,4577.0,-6.765056436865298e-09,4620.0,ASK
555,1712604313.439845,7028057.17083768,4577.0,-5.033183051226492e-13,4620.0,ASK
556,1712604313.446417,7028079.25222287,4576.0,-5.97049628345922e-10,4620.0,ASK
557,1712604324.619888,7028080.56169471,4582.0,3.540627857850672e-11,4620.0,BID
558,1712604330.160071,7028080.56169471,4582.0,0.0,4620.0,BID
559,1712604335.5195863,7028081.87116655,4576.0,-3.5401384361044627e-11,4620.0,ASK
560,1712604354.1800723,7028083.18063839,4582.0,3.5401384361044627e-11,4620.0,BID
561,1712604360.1662598,7028083.18063839,4582.0,0.0,4620.0,BID
562,1712604371.1401598,7028084.49011023,4576.0,-3.5401372883711446e-11,4620.0,ASK
563,1712604390.1032214,7028084.49011023,4576.0,-0.0,4620.0,ASK
564,1712604393.5497377,7028085.79986792,4581.0,3.5409095056487594e-11,4620.0,BID
565,1712604407.2201884,7028087.10962561,4576.0,-3.5409095056487594e-11,4620.0,ASK
566,1712604407.8201363,7028179.5628596,4582.0,2.499458774544049e-09,4620.0,BID
567,1712604407.8299646,7028196.23591828,4581.0,4.5075354333923365e-10,4620.0,BID
568,1712604409.7500253,7028254.81097854,4576.0,-1.583567626764126e-09,4620.0,ASK
569,1712604420.1295755,7028254.81097854,4576.0,-0.0,4620.0,ASK
570,1712604424.5101385,7028256.12045038,4582.0,3.5400620618090264e-11,4620.0,BID
571,1712604442.1099582,7028257.42992222,4576.0,-3.5400620618090264e-11,4620.0,ASK
572,1712604450.1041396,7028257.42992222,4576.0,-0.0,4620.0,ASK
573,1712604464.2398984,7028258.73939406,4582.0,3.54006091412523e-11,4620.0,BID
574,1712604473.1402402,7028260.0488659,4576.0,-3.54006091412523e-11,4620.0,ASK
575,1712604480.1652105,7028260.0488659,4576.0,-0.0,4620.0,ASK
576,1712604492.2200763,7028261.35833774,4582.0,3.540059766442179e-11,4620.0,BID
577,1712604510.1604548,7028261.35833774,4582.0,0.0,4620.0,BID
578,1712604510.3602457,7028262.66780958,4576.0,-3.5400591922249696e-11,4620.0,ASK
579,1712604529.8500366,7028263.97756727,4581.0,3.5408319660702536e-11,4620.0,BID
580,1712604540.1025755,7028263.97756727,4581.0,0.0,4620.0,BID
581,1712604541.9801702,7028265.28732496,4576.0,-3.5408308181377854e-11,4620.0,ASK
582,1712604559.1000345,7028266.59736862,4580.0,3.5416039165235906e-11,4620.0,BID
583,1712604563.4802058,7028268.78077473,4580.0,5.902673221062093e-11,4620.0,BID
584,1712604570.1177497,7028268.78077473,4580.0,0.0,4620.0,BID
585,1712604570.1847596,7028273.14758695,4580.0,1.180533942294902e-10,4620.0,BID
586,1712604578.8704588,7028274.45763061,4576.0,-3.5416018107710504e-11,4620.0,ASK
587,1712604581.1813345,7028401.89346911,4580.0,3.445129427147788e-09,4620.0,BID
588,1712604581.1877642,7028835.30941198,4581.0,1.1717065125100398e-08,4620.0,BID
589,1712604581.1938114,7028864.86916095,4582.0,7.99124973274471e-10,4620.0,BID
590,1712604581.1988587,7029051.81587618,4581.0,5.053959996878907e-09,4620.0,BID
591,1712604581.2017353,7029124.45763061,4581.0,1.9638137024195877e-09,4620.0,BID
592,1712604596.1031058,7029131.29290059,4576.0,-1.8478624245916235e-10,4620.0,ASK
593,1712604598.4302776,7029132.60237243,4582.0,3.540055939709632e-11,4620.0,BID
594,1712604600.146045,7029132.60237243,4582.0,0.0,4620.0,BID
595,1712604610.070439,7029133.91184427,4576.0,-3.5417070978588076e-11,4620.0,ASK
596,1712604627.5503252,7029135.22131611,4582.0,3.5417070978588076e-11,4620.0,BID
597,1712604630.112146,7029135.22131611,4582.0,0.0,4620.0,BID
598,1712604646.433162,7029136.53078795,4576.0,-3.5417059491081265e-11,4620.0,ASK
599,1712604660.165758,7029136.53078795,4576.0,-0.0,4620.0,ASK
600,1712604665.070572,7029137.84025979,4582.0,3.5417053751093765e-11,4620.0,BID
601,1712604680.8904464,7029139.14973163,4576.0,-3.5417053751093765e-11,4620.0,ASK
602,1712604690.153203,7029139.14973163,4576.0,-0.0,4620.0,ASK
603,1712604702.880281,7029140.45920347,4582.0,3.541704223840882e-11,4620.0,BID
604,1712604714.040388,7029141.76867531,4576.0,-3.541704226359813e-11,4620.0,ASK
605,1712604720.1116257,7029141.76867531,4576.0,-0.0,4620.0,ASK
606,1712604722.1404471,7029182.53485728,4576.0,-1.102595013737476e-09,4620.0,ASK
607,1712604731.710441,7029183.84432912,4582.0,3.5417030776109936e-11,4620.0,BID
608,1712604744.9711618,7029916.7211281,4576.0,-1.9821976579350048e-08,4620.0,ASK
609,1712604744.978587,7029966.16755872,4576.0,-1.337368014734416e-09,4620.0,ASK
610,1712604744.9843123,7031333.71689039,4575.0,-3.698784142326842e-08,4620.0,ASK
611,1712604744.9877138,7031829.41424615,4576.0,-1.3407030199348177e-08,4620.0,ASK
612,1712604748.220255,7031830.72371799,4575.0,-3.5417030776109936e-11,4620.0,ASK
613,1712604750.1163564,7031830.72371799,4575.0,-0.0,4620.0,ASK
614,1712604763.1111808,7031832.90617106,4582.0,5.900874867081184e-11,4620.0,BID
615,1712604766.1103137,7031834.2156429,4582.0,3.5405249152125256e-11,4620.0,BID
616,1712604776.4711175,7032827.2156429,4575.0,-2.684854407179622e-08,4620.0,ASK
617,1712604780.12253,7032827.2156429,4575.0,-0.0,4620.0,ASK
618,1712604784.0422134,7033043.02105648,4575.0,-5.8341863466993584e-09,4620.0,ASK
619,1712604786.4104438,7033044.33052832,4575.0,-3.540088547280777e-11,4620.0,ASK
620,1712604801.5803833,7033045.64000016,4582.0,3.540088547280777e-11,4620.0,BID
621,1712604804.1195772,7033085.74000016,4575.0,-1.0840825011076275e-09,4620.0,ASK
622,1712604804.1249998,7033594.64000016,4575.0,-1.3757845007615414e-08,4620.0,ASK
623,1712604804.4697983,7033596.82245323,4582.0,5.9001475871939e-11,4620.0,BID
624,1712604804.880544,7033708.64380948,4575.0,-3.0230318094520876e-09,4620.0,ASK
625,1712604804.887294,7034801.02245323,4575.0,-2.9531884594932343e-08,4620.0,ASK
626,1712604805.143105,7034801.06242429,4575.0,-1.0805966789461897e-12,4620.0,ASK
627,1712604810.110618,7034801.06242429,4575.0,-0.0,4620.0,ASK
628,1712604817.2311218,7035268.91017127,4572.0,-1.2644931819679042e-08,4620.0,ASK
629,1712604817.236757,7036160.76242429,4572.0,-2.4104873872857733e-08,4620.0,ASK
630,1712604817.550675,7036162.07189613,4572.0,-3.539224511382762e-11,4620.0,ASK
631,1712604826.3804116,7036192.15102598,4572.0,-8.12975051387645e-10,4620.0,ASK
632,1712604831.8703194,7036377.03716639,4572.0,-4.997080043615787e-09,4620.0,ASK
633,1712604835.3607223,7036378.34778237,4578.0,3.5423168790884566e-11,4620.0,BID
634,1712604840.1612446,7036378.34778237,4578.0,0.0,4620.0,BID
635,1712604851.020631,7036379.65839835,4572.0,-3.541626588922782e-11,4620.0,ASK
636,1712604862.4507885,7036380.7695715,4572.0,-3.002679986548676e-11,4620.0,ASK
637,1712604870.1562495,7036380.7695715,4572.0,-0.0,4620.0,ASK
638,1712604871.0209403,7036382.08018748,4578.0,3.541625529248248e-11,4620.0,BID
639,1712604880.841497,7036383.39080346,4572.0,-3.541625529248248e-11,4620.0,ASK
640,1712604886.1813104,7036717.23172036,4580.0,9.021250556861756e-09,4620.0,BID
641,1712604886.1876771,7037917.23172036,4580.0,3.2427123579576033e-08,4620.0,BID
642,1712604886.1929295,7038401.24128896,4582.0,1.3079198412240802e-08,4620.0,BID
643,1712604886.1981947,7038527.08128896,4580.0,3.400524359374179e-09,4620.0,BID
644,1712604886.201149,7039238.99637763,4582.0,1.92377987987313e-08,4620.0,BID
645,1712604898.2709868,7039240.30642129,4580.0,3.5400789714347825e-11,4620.0,BID
646,1712604900.1009011,7039240.30642129,4580.0,0.0,4620.0,BID
647,1712604916.8204668,7039241.61646495,4575.0,-3.539033372109928e-11,4620.0,ASK
648,1712604930.1028717,7039241.61646495,4575.0,-0.0,4620.0,ASK
649,1712604932.6805837,7039242.92679471,4579.0,3.53980568595234e-11,4620.0,BID
650,1712604951.5306664,7039244.23712447,4575.0,-3.5398056884682717e-11,4620.0,ASK
651,1712604960.1567936,7039244.23712447,4575.0,-0.0,4620.0,ASK
652,1712604971.2806878,7039245.54716813,4580.0,3.5390316523364594e-11,4620.0,BID
653,1712604980.482202,7039246.85721179,4575.0,-3.5390316523364594e-11,4620.0,ASK
654,1712604990.16723,7039246.85721179,4575.0,-0.0,4620.0,ASK
655,1712604998.000831,7039248.16725545,4580.0,3.539030505696423e-11,4620.0,BID
656,1712605018.2480288,7039249.47729911,4575.0,-3.539030505696423e-11,4620.0,ASK
657,1712605020.1724164,7039249.47729911,4575.0,-0.0,4620.0,ASK
658,1712605036.9106808,7039250.78734277,4580.0,3.5390293590571286e-11,4620.0,BID
659,1712605050.1167688,7039250.78734277,4580.0,0.0,4620.0,BID
660,1712605054.9006443,7039252.09738643,4575.0,-3.5390287854246425e-11,4620.0,ASK
661,1712605070.590744,7039253.40743009,4580.0,3.5390287854246425e-11,4620.0,BID
662,1712605080.193515,7039253.40743009,4580.0,0.0,4620.0,BID
663,1712605090.4808156,7039254.71747375,4575.0,-3.5390276387864645e-11,4620.0,ASK
664,1712605110.1631718,7039254.71747375,4575.0,-0.0,4620.0,ASK
665,1712605113.751081,7039256.02751741,4580.0,3.5390270657807706e-11,4620.0,BID
666,1712605127.2611976,7039257.33756107,4575.0,-3.5390270657807706e-11,4620.0,ASK
667,1712605140.1136286,7039257.33756107,4575.0,-0.0,4620.0,ASK
668,1712605170.124329,7039257.33756107,4575.0,-0.0,4620.0,ASK
669,1712605188.690866,7039258.64760473,4580.0,3.5390259191437066e-11,4620.0,BID
670,1712605198.043187,7039259.95764839,4575.0,-3.5390259191437066e-11,4620.0,ASK
671,1712605200.133937,7039259.95764839,4575.0,-0.0,4620.0,ASK
672,1712605204.9911811,7039375.25062893,4575.0,-3.1145891760880757e-09,4620.0,ASK
673,1712605204.9965894,7039688.15764839,4575.0,-8.453045548588607e-09,4620.0,ASK
674,1712605216.0312166,7039738.15764839,4575.0,-1.350728015491785e-09,4620.0,ASK
675,1712605216.037191,7039788.15764839,4575.0,-1.350728015491785e-09,4620.0,ASK
676,1712605216.0510786,7039812.40909887,4575.0,-6.551422715919257e-10,4620.0,ASK
677,1712605216.054007,7040472.55764839,4575.0,-1.7833622804444536e-08,4620.0,ASK
678,1712605220.9713602,7040473.86769205,4580.0,3.539025346138573e-11,4620.0,BID
679,1712605230.116625,7040473.86769205,4580.0,0.0,4620.0,BID
680,1712605239.9611845,7040475.08497377,4574.0,-3.2879397582963325e-11,4620.0,ASK
681,1712605239.968246,7040475.17773571,4575.0,-2.505547100726841e-12,4620.0,ASK
682,1712605260.1558402,7040475.17773571,4575.0,-0.0,4620.0,ASK
683,1712605263.971291,7040476.48777937,4580.0,3.538493895652305e-11,4620.0,BID
684,1712605274.1714408,7040477.79782303,4575.0,-3.538493895652305e-11,4620.0,ASK
685,1712605290.1562717,7040477.79782303,4575.0,-0.0,4620.0,ASK
686,1712605294.9612143,7041351.50922305,4575.0,-2.3599377245375882e-08,4620.0,ASK
687,1712605313.2605484,7041622.80922305,4575.0,-7.327947244952009e-09,4620.0,ASK
688,1712605313.2913053,7042299.20922305,4575.0,-1.8269898696958533e-08,4620.0,ASK
689,1712605313.311199,7042375.60922305,4575.0,-2.063601804340021e-09,4620.0,ASK
690,1712605313.351645,7042398.70922305,4575.0,-6.23942430356718e-10,4620.0,ASK
691,1712605313.3910143,7042398.74632222,4575.0,-1.002066952617179e-12,4620.0,ASK
692,1712605320.1071324,7042398.74632222,4575.0,-0.0,4620.0,ASK
693,1712605323.1910236,7042464.64632222,4574.0,-1.779569179196889e-09,4620.0,ASK
694,1712605325.2409267,7042496.14632222,4575.0,-8.50628666846393e-10,4620.0,ASK
695,1712605325.460857,7042502.94632222,4575.0,-1.8362777572029348e-10,4620.0,ASK
696,1712605325.5410285,7042502.9822785,4575.0,-9.709664123562768e-13,4620.0,ASK
697,1712605331.5274928,7042508.9822785,4574.0,-1.6202450797074166e-10,4620.0,ASK
698,1712605335.4610393,7043078.53932199,4574.0,-1.5380366622122926e-08,4620.0,ASK
699,1712605335.8010466,7043079.84965175,4579.0,3.538425578537447e-11,4620.0,BID
700,1712605336.2488651,7043093.04965175,4574.0,-3.5645391754066153e-10,4620.0,ASK
701,1712605343.0921566,7043093.05639343,4574.0,-1.82052877865466e-13,4620.0,ASK
702,1712605346.381205,7043094.36672319,4572.0,-3.538425578537447e-11,4620.0,ASK
703,1712605350.1150548,7043094.36672319,4572.0,-0.0,4620.0,ASK
704,1712605365.16116,7043531.62076778,4574.0,1.1806630791057442e-08,4620.0,BID
705,1712605370.0813084,7043532.93252991,4574.0,3.541989226838331e-11,4620.0,BID
706,1712605380.1607912,7043532.93252991,4574.0,0.0,4620.0,BID
707,1712605384.6514056,7043534.24429204,4572.0,-3.541797385985702e-11,4620.0,ASK
708,1712605402.1911843,7043535.55605417,4574.0,3.541797383471103e-11,4620.0,BID
709,1712605410.1633725,7043535.55605417,4574.0,0.0,4620.0,BID
710,1712605421.4415455,7043536.8678163,4572.0,-3.5417962361671706e-11,4620.0,ASK
711,1712605438.3911772,7043538.17957843,4574.0,3.5417962361671706e-11,4620.0,BID
712,1712605440.1037507,7043538.17957843,4574.0,0.0,4620.0,BID
713,1712605445.0416358,7043666.54054927,4574.0,3.465782749508557e-09,4620.0,BID
714,1712605452.7417648,7043996.63808963,4582.0,8.91272754910837e-09,4620.0,BID
715,1712605452.7503834,7045377.63808963,4581.0,3.7287393089622185e-08,4620.0,BID
716,1712605452.7544577,7045912.94396524,4580.0,1.4453411011640373e-08,4620.0,BID
717,1712605452.7581372,7046233.57284577,4579.0,8.657071038519267e-09,4620.0,BID
718,1712605452.761874,7046237.939658,4580.0,1.179051731874396e-10,4620.0,BID
719,1712605452.7656226,7046282.82761693,4583.0,1.2119876680731556e-09,4620.0,BID
720,1712605454.3513677,7046284.13937906,4574.0,-3.541795088863982e-11,4620.0,ASK
721,1712605470.120355,7046284.13937906,4574.0,-0.0,4620.0,ASK
722,1712605477.9415495,7046285.4488509,4582.0,3.534410961998303e-11,4620.0,BID
723,1712605489.641458,7046286.75832274,4574.0,-3.534410961998303e-11,4620.0,ASK
724,1712605500.1247702,7046286.75832274,4574.0,-0.0,4620.0,ASK
725,1712605504.5415497,7046301.35832274,4575.0,-3.9424478654779776e-10,4620.0,ASK
726,1712605504.5613835,7046439.55832274,4575.0,-3.731823938518446e-09,4620.0,ASK
727,1712605511.7612586,7046440.86779458,4582.0,3.535975658079857e-11,4620.0,BID
728,1712605530.119743,7046440.86779458,4582.0,0.0,4620.0,BID
729,1712605532.181512,7046659.01788184,4584.0,-5.890609397178112e-09,4620.0,ASK
730,1712605532.5213983,7046659.02366474,4575.0,-1.5615307671031777e-13,4620.0,ASK
731,1712605532.5291054,7046691.02366474,4575.0,-8.640817112545506e-10,4620.0,ASK
732,1712605533.141406,7046692.33313658,4576.0,-3.5359083386889176e-11,4620.0,ASK
733,1712605548.061538,7046693.64175162,4585.0,3.5335947598939656e-11,4620.0,BID
734,1712605560.164048,7046693.64175162,4585.0,0.0,4620.0,BID
735,1712605572.3718476,7046694.95036666,4576.0,-3.53348423158782e-11,4620.0,ASK
736,1712605573.8682573,7046908.5193961,4585.0,5.7667287536503e-09,4620.0,BID
737,1712605578.1447277,7046912.5916653,4585.0,1.0995822730680879e-10,4620.0,BID
738,1712605578.3214233,7047753.0858824,4585.0,-2.2694780145490808e-08,4620.0,ASK
739,1712605578.4015973,7047788.68056618,4585.0,-9.61117288240888e-10,4620.0,ASK
740,1712605578.4816108,7048001.33498299,4576.0,-5.742032649713641e-09,4620.0,ASK
741,1712605578.4914343,7048186.78056618,4576.0,-5.007347645965048e-09,4620.0,ASK
742,1712605578.495799,7048397.13193699,4576.0,-5.6798464721088645e-09,4620.0,ASK
743,1712605578.5001073,7048431.13193699,4578.0,-9.180581011116863e-10,4620.0,ASK
744,1712605578.6915329,7048454.03193699,4576.0,-6.18339132817636e-10,4620.0,ASK
745,1712605590.159095,7048454.03193699,4576.0,-0.0,4620.0,ASK
746,1712605591.301623,7048455.33969636,4588.0,3.5304047395481694e-11,4620.0,BID
747,1712605604.2612772,7048456.64745573,4576.0,-3.5304047395481694e-11,4620.0,ASK
748,1712605620.114288,7048456.64745573,4576.0,-0.0,4620.0,ASK
749,1712605625.3014967,7048457.9552151,4588.0,3.5304035998839705e-11,4620.0,BID
750,1712605640.4816248,7048459.26297447,4578.0,-3.53040359736979e-11,4620.0,ASK
751,1712605650.103783,7048459.26297447,4578.0,-0.0,4620.0,ASK
752,1712605657.3717024,7048460.57073384,4588.0,3.530402454942875e-11,4620.0,BID
753,1712605661.5215335,7048481.40406717,4576.0,-5.62412725433075e-10,4620.0,ASK
754,1712605675.7616038,7048482.71182654,4576.0,-3.530402454942875e-11,4620.0,ASK
755,1712605680.1616066,7048482.71182654,4576.0,-0.0,4620.0,ASK
756,1712605693.3815887,7048484.01958591,4588.0,3.530392229463422e-11,4620.0,BID
757,1712605710.164549,7048484.01958591,4588.0,0.0,4620.0,BID
758,1712605710.505322,7048485.32734528,4576.0,-3.530391655116195e-11,4620.0,ASK
759,1712605730.9417307,7048486.63510465,4588.0,3.530391655116195e-11,4620.0,BID
760,1712605733.851963,7048488.74971661,4576.0,-5.7085489810166535e-11,4620.0,ASK
761,1712605740.1163511,7048488.74971661,4576.0,-0.0,4620.0,ASK
762,1712605744.4915423,7048490.05747598,4576.0,-3.5303895932410804e-11,4620.0,ASK
763,1712605764.2520783,7048491.36523535,4588.0,3.530389590726909e-11,4620.0,BID
764,1712605770.114984,7048491.36523535,4588.0,0.0,4620.0,BID
765,1712605775.141752,7048495.88500936,4576.0,-1.2201448005311223e-10,4620.0,ASK
766,1712605775.9721434,7048497.19276873,4576.0,-3.5303884510725024e-11,4620.0,ASK
767,1712605800.1321409,7048497.19276873,4576.0,-0.0,4620.0,ASK
768,1712605824.822154,7048498.28256821,4588.0,2.954184195051671e-11,4620.0,BID
769,1712605824.8284175,7048498.5005281,4588.0,5.9083682335786736e-12,4620.0,BID
770,1712605830.1054037,7048498.5005281,4588.0,0.0,4620.0,BID
771,1712605842.3817625,7048499.80828747,4578.0,-3.545020441827688e-11,4620.0,ASK
772,1712605860.1619098,7048499.80828747,4578.0,-0.0,4620.0,ASK
773,1712605860.451962,7048501.11604684,4588.0,3.5450198690273325e-11,4620.0,BID
774,1712605873.461838,7048502.42380621,4581.0,-3.545019866502742e-11,4620.0,ASK
775,1712605890.1626675,7048502.42380621,4581.0,-0.0,4620.0,ASK
776,1712605892.101966,7048503.73156558,4588.0,3.545018714219679e-11,4620.0,BID
777,1712605893.1317956,7048975.68216395,4588.0,1.2793436943706026e-08,4620.0,BID
778,1712605904.9919498,7048976.98992332,4585.0,-3.545018714219679e-11,4620.0,ASK
779,1712605920.1173332,7048976.98992332,4585.0,-0.0,4620.0,ASK
780,1712605950.118527,7048976.98992332,4585.0,-0.0,4620.0,ASK
781,1712605957.0019133,7048978.29768269,4588.0,3.5448094968653225e-11,4620.0,BID
782,1712605974.3718364,7048979.60544206,4586.0,-3.5448094943408816e-11,4620.0,ASK
783,1712605980.154377,7048979.60544206,4586.0,-0.0,4620.0,ASK
784,1712605993.1119366,7048980.91320143,4588.0,3.5448083415662913e-11,4620.0,BID
785,1712606001.1218972,7048987.52317429,4588.0,1.791697117464485e-10,4620.0,BID
786,1712606007.5467272,7048988.83093366,4586.0,-3.544808344090731e-11,4620.0,ASK
787,1712606010.1549892,7048988.83093366,4586.0,-0.0,4620.0,ASK
788,1712606027.701912,7048990.13840805,4589.0,3.544031809731592e-11,4620.0,BID
789,1712606039.971877,7048991.44588244,4586.0,-3.544031809731592e-11,4620.0,ASK
790,1712606040.1159892,7048991.44588244,4586.0,-0.0,4620.0,ASK
791,1712606055.2018695,7049030.55932742,4589.0,1.0602062206263483e-09,4620.0,BID
792,1712606059.0620494,7049031.86680181,4589.0,3.5440306598615873e-11,4620.0,BID
793,1712606068.151986,7049175.13680181,4589.0,3.883466294145758e-09,4620.0,BID
794,1712606069.882048,7049176.4442762,4586.0,-3.544030657337151e-11,4620.0,ASK
795,1712606070.1029716,7049176.4442762,4586.0,-0.0,4620.0,ASK
796,1712606074.2932236,7049233.68671956,4589.0,1.551573839797104e-09,4620.0,BID
797,1712606074.331776,7049341.53671956,4589.0,2.923307056758812e-09,4620.0,BID
798,1712606084.69208,7049521.90568677,4586.0,-4.88895572245661e-09,4620.0,ASK
799,1712606087.0219817,7049523.21316116,4589.0,3.5439491076459334e-11,4620.0,BID
800,1712606088.9323368,7049573.86716534,4586.0,-1.3729921916794003e-09,4620.0,ASK
801,1712606088.9403155,7049613.39764476,4586.0,-1.0714856694100634e-09,4620.0,ASK
802,1712606100.130335,7049613.39764476,4586.0,-0.0,4620.0,ASK
803,1712606106.3124592,7049614.70511915,4587.0,-3.54581364811503e-11,4620.0,ASK
804,1712606124.1228898,7049616.01259354,4589.0,3.545813650640736e-11,4620.0,BID
805,1712606124.9219117,7049627.56733846,4587.0,-3.1335965400629677e-10,4620.0,ASK
806,1712606130.1044502,7049627.56733846,4587.0,-0.0,4620.0,ASK
807,1712606130.6227002,7049628.87481285,4586.0,-3.5458073977622095e-11,4620.0,ASK
808,1712606132.0918772,7049826.55481285,4587.0,5.360986126600689e-09,4620.0,BID
809,1712606149.772008,7049827.86285732,4587.0,3.5473534278482256e-11,4620.0,BID
810,1712606153.1925013,7049838.46659696,4586.0,-2.875682977467226e-10,4620.0,ASK
811,1712606153.2006056,7049843.86557862,4586.0,-1.4641777506670688e-10,4620.0,ASK
812,1712606153.2080345,7049957.61452673,4586.0,-3.084816535474565e-09,4620.0,ASK
813,1712606160.1662946,7049957.61452673,4586.0,-0.0,4620.0,ASK
814,1712606166.9623098,7049958.9225712,4586.0,-3.547207802907576e-11,4620.0,ASK
815,1712606167.4419324,7050096.2816904,4586.0,-3.7249600501641564e-09,4620.0,ASK
816,1712606172.462183,7050267.11807583,4587.0,4.6328100714838e-09,4620.0,BID
817,1712606172.9687774,7050324.96807583,4587.0,1.5687996556429367e-09,4620.0,BID
818,1712606183.4423697,7050326.26933995,4589.0,3.5288205769865293e-11,4620.0,BID
819,1712606183.4508538,7050326.27555293,4587.0,1.684861131845438e-13,4620.0,BID
820,1712606190.163039,7050326.27555293,4587.0,0.0,4620.0,BID
821,1712606198.0521674,7050327.58303003,4586.0,-3.5455066071554465e-11,4620.0,ASK
822,1712606215.7423491,7050328.89050442,4589.0,3.545499258001801e-11,4620.0,BID
823,1712606220.1195211,7050328.89050442,4589.0,0.0,4620.0,BID
824,1712606232.0022843,7050330.19797881,4586.0,-3.5454981071771254e-11,4620.0,ASK
825,1712606250.1081011,7050330.19797881,4586.0,-0.0,4620.0,ASK
826,1712606251.2722778,7050331.5054532,4589.0,3.545497528166002e-11,4620.0,BID
827,1712606263.76248,7050332.81292759,4586.0,-3.545497528166002e-11,4620.0,ASK
828,1712606272.7124474,7050441.84040251,4586.0,-2.956514069303283e-09,4620.0,ASK
829,1712606272.7165828,7050481.52896659,4586.0,-1.0762406281373354e-09,4620.0,ASK
830,1712606272.864362,7050512.39497473,4586.0,8.36998081413067e-10,4620.0,BID
831,1712606280.1622095,7050512.39497473,4586.0,0.0,4620.0,BID
832,1712606282.8923626,7050513.70330442,4586.0,3.547736474751189e-11,4620.0,BID
833,1712606296.6622858,7050515.01163411,4585.0,-3.547736472225765e-11,4620.0,ASK
834,1712606310.175342,7050515.01163411,4585.0,-0.0,4620.0,ASK
835,1712606315.8123844,7050516.3199638,4586.0,3.547735320449695e-11,4620.0,BID
836,1712606328.002746,7050517.62829349,4585.0,-3.547735320449695e-11,4620.0,ASK
837,1712606340.110743,7050517.62829349,4585.0,-0.0,4620.0,ASK
838,1712606345.7623477,7050518.93662318,4586.0,3.5477341661489505e-11,4620.0,BID
839,1712606350.192286,7050523.29772217,4586.0,1.1825780614439968e-10,4620.0,BID
840,1712606354.072616,7050536.38387266,4586.0,3.5485079595688005e-10,4620.0,BID
841,1712606358.5427449,7051074.88355186,4586.0,1.4602234624802636e-08,4620.0,BID
842,1712606367.382341,7051076.19188155,4586.0,-3.547734163623528e-11,4620.0,ASK
843,1712606370.1139877,7051076.19188155,4586.0,-0.0,4620.0,ASK
844,1712606370.5188804,7051084.90837751,4589.0,2.3634457667469435e-10,4620.0,BID
845,1712606378.1427455,7051230.10837751,4586.0,-3.937044506257392e-09,4620.0,ASK
846,1712606394.2228956,7051317.33035744,4589.0,2.3649918519842747e-09,4620.0,BID
847,1712606400.1530569,7051317.33035744,4589.0,0.0,4620.0,BID
848,1712606430.1113198,7051345.66974808,4589.0,7.688830200601e-10,4620.0,BID
849,1712606430.1181557,7051345.66974808,4589.0,0.0,4620.0,BID
850,1712606444.0532508,7051430.77951396,4589.0,2.3091341185569268e-09,4620.0,BID
851,1712606444.8166037,7051448.20379375,4589.0,4.727424466429394e-10,4620.0,BID
852,1712606446.58253,7051449.51126814,4589.0,3.5473411201661734e-11,4620.0,BID
853,1712606453.472751,7051558.35856599,4589.0,2.953162972311004e-09,4620.0,BID
854,1712606460.1561952,7051558.35856599,4589.0,0.0,4620.0,BID
855,1712606463.002704,7051558.39682594,4586.0,-1.038009033645045e-12,4620.0,ASK
856,1712606463.0127575,7051559.66604038,4586.0,-3.4434337668144904e-11,4620.0,ASK
857,1712606477.942335,7051648.16604038,4586.0,-2.401043345786132e-09,4620.0,ASK
858,1712606478.2653022,7051748.39129495,4586.0,-2.7191545826592237e-09,4620.0,ASK
859,1712606478.273963,7051833.06604038,4586.0,-2.297262531880327e-09,4620.0,ASK
860,1712606478.342327,7051841.86826073,4586.0,-2.3880805197543787e-10,4620.0,ASK
861,1712606482.092613,7051843.17573512,4589.0,3.547234670178995e-11,4620.0,BID
862,1712606483.5223608,7051949.27573512,4585.0,-2.878538971629947e-09,4620.0,ASK
863,1712606483.6826727,7052055.30469457,4582.0,-2.876611610695627e-09,4620.0,ASK
1064,1712606483.6912882,7052055.37573512,4585.0,-1.92736090905252e-12,4620.0,ASK
864,1712606483.6912882,7052055.37573512,4585.0,-1.9273609090525197e-12,4620.0,ASK
865,1712606490.162469,7052055.37573512,4585.0,-0.0,4620.0,ASK
866,1712606492.3929796,7052056.68320951,4582.0,-3.547015377092916e-11,4620.0,ASK
867,1712606496.0226562,7052072.78320951,4582.0,-4.3677297256653674e-10,4620.0,ASK
1067,1712606496.0226562,7052072.78320951,4582.0,-4.367729725665368e-10,4620.0,ASK
868,1712606500.602568,7052072.84766163,4582.0,-1.7485058437639977e-12,4620.0,ASK
869,1712606500.6825402,7052215.37299864,4582.0,3.866535099975743e-09,4620.0,BID
870,1712606508.3270738,7052217.55545172,4582.0,5.920723721991598e-11,4620.0,BID
871,1712606509.512557,7052218.86492356,4582.0,3.5524342114665233e-11,4620.0,BID
872,1712606520.1233344,7052218.86492356,4582.0,0.0,4620.0,BID
873,1712606529.0925856,7052220.1743954,4579.0,-3.552362019109515e-11,4620.0,ASK
874,1712606529.292428,7052241.99892617,4581.0,5.92060339305836e-10,4620.0,BID
875,1712606533.3226118,7052516.9860611,4581.0,7.459907300023794e-09,4620.0,BID
876,1712606533.3324828,7053555.20778183,4582.0,2.8165091415986973e-08,4620.0,BID
877,1712606547.6226263,7053556.51725367,4582.0,3.552362019109515e-11,4620.0,BID
878,1712606550.1224554,7053556.51725367,4582.0,0.0,4620.0,BID
879,1712606558.1626372,7053557.82672551,4579.0,-3.551771487571998e-11,4620.0,ASK
880,1712606575.7625933,7053559.13619735,4582.0,3.551771487571998e-11,4620.0,BID
881,1712606580.1304348,7053559.13619735,4582.0,0.0,4620.0,BID
882,1712606582.1925366,7053614.00444197,4582.0,1.488229051182701e-09,4620.0,BID
883,1712606584.9024615,7053632.30444197,4581.0,-4.96363458043253e-10,4620.0,ASK
884,1712606592.5225437,7053632.30999752,4581.0,-1.506870104479945e-13,4620.0,ASK
885,1712606592.5326116,7053633.61391381,4579.0,-3.5367016308600316e-11,4620.0,ASK
1085,1712606592.5326116,7053633.61391381,4579.0,-3.536701630860032e-11,4620.0,ASK
886,1712606597.3826456,7053645.82522138,4581.0,-3.312156750221065e-10,4620.0,ASK
887,1712606598.3924737,7053658.02522138,4579.0,-3.3090897203725606e-10,4620.0,ASK
888,1712606610.110973,7053658.02522138,4579.0,-0.0,4620.0,ASK
889,1712606610.8331356,7053876.41351577,4579.0,-5.923422786338981e-09,4620.0,ASK
890,1712606610.8407426,7053914.76700434,4579.0,-1.0402752069048231e-09,4620.0,ASK
891,1712606610.8459544,7054005.32522138,4579.0,-2.456242482254516e-09,4620.0,ASK
892,1712606611.0072672,7054020.18213513,4576.0,-4.0296931521811647e-10,4620.0,ASK
893,1712606611.010602,7054020.22522138,4579.0,-1.1686435487606558e-12,4620.0,ASK
894,1712606612.642485,7054039.90297991,4579.0,5.33726789664989e-10,4620.0,BID
895,1712606613.2825232,7054041.21245175,4582.0,3.551726688025993e-11,4620.0,BID
896,1712606623.2424717,7054042.52192359,4579.0,-3.551726688025993e-11,4620.0,ASK
897,1712606637.8018486,7054054.82192359,4579.0,-3.3361724113716354e-10,4620.0,ASK
898,1712606640.161595,7054054.82192359,4579.0,-0.0,4620.0,ASK
899,1712606644.1417336,7054056.13139543,4582.0,3.5515516668912986e-11,4620.0,BID
900,1712606646.9319365,7054138.92624484,4582.0,2.245563260240688e-09,4620.0,BID
901,1712606650.0112958,7054171.12624484,4579.0,-8.73328926807349e-10,4620.0,ASK
902,1712606651.1314905,7054171.15550278,4579.0,-7.935343308329592e-13,4620.0,ASK
903,1712606657.2514486,7054172.46497462,4576.0,-3.5515516668912986e-11,4620.0,ASK
904,1712606670.1551638,7054172.46497462,4576.0,-0.0,4620.0,ASK
905,1712606678.0015566,7054173.77530438,4579.0,3.553826571054562e-11,4620.0,BID
906,1712606687.4903812,7054175.08563414,4577.0,-3.5538265735804595e-11,4620.0,ASK
907,1712606690.1002824,7054204.28563414,4577.0,-7.919513017262164e-10,4620.0,ASK
908,1712606700.105085,7054204.28563414,4577.0,-0.0,4620.0,ASK
909,1712606705.059756,7054205.5959639,4579.0,3.5541388673820074e-11,4620.0,BID
910,1712606720.68048,7054205.68003973,4577.0,-2.28047308427037e-12,4620.0,ASK
911,1712606720.6866386,7054277.62903656,4577.0,-1.95154482348808e-09,4620.0,ASK
912,1712606725.0700336,7054278.93936632,4577.0,-3.5541388673820074e-11,4620.0,ASK
913,1712606730.1097558,7054278.93936632,4577.0,-0.0,4620.0,ASK
914,1712606739.4132376,7054280.24969608,4579.0,3.5541059251344165e-11,4620.0,BID
915,1712606748.8186283,7054291.16911079,4579.0,2.9617549505793076e-10,4620.0,BID
916,1712606750.2089317,7054326.69717365,4579.0,9.636543610960731e-10,4620.0,BID
917,1712606750.217457,7054334.84676966,4579.0,2.2104761991874e-10,4620.0,BID
1117,1712606750.217457,7054334.84676966,4579.0,2.2104761991874002e-10,4620.0,BID
918,1712606756.348811,7054336.15709942,4577.0,-3.554105927660513e-11,4620.0,ASK
919,1712606760.1584897,7054336.15709942,4577.0,-0.0,4620.0,ASK
920,1712606775.848784,7054337.46742918,4579.0,3.5540806685864994e-11,4620.0,BID
921,1712606787.027747,7054338.77775894,4577.0,-3.554080671112578e-11,4620.0,ASK
922,1712606790.1575017,7054338.77775894,4577.0,-0.0,4620.0,ASK
923,1712606796.387087,7054350.98218304,4579.0,3.3102731076570383e-10,4620.0,BID
924,1712606803.6074908,7054352.2925128,4579.0,3.554079512047707e-11,4620.0,BID
925,1712606820.1183982,7054352.2925128,4579.0,0.0,4620.0,BID
926,1712606825.3070192,7054353.60284256,4577.0,-3.554073549006752e-11,4620.0,ASK
927,1712606843.1271791,7054354.91317232,4579.0,3.554073549006752e-11,4620.0,BID
928,1712606848.706573,7054382.47144933,4577.0,-7.474770575739732e-10,4620.0,ASK
929,1712606850.1104078,7054382.47144933,4577.0,-0.0,4620.0,ASK
930,1712606853.1062765,7054383.78177909,4577.0,-3.554060230790758e-11,4620.0,ASK
931,1712606874.4458055,7054385.09210885,4579.0,3.5540602333168213e-11,4620.0,BID
932,1712606876.8759563,7054406.73374092,4577.0,-5.869947111522095e-10,4620.0,ASK
933,1712606876.8851814,7054724.22272067,4577.0,-8.611381588996355e-09,4620.0,ASK
934,1712606880.1503549,7054724.22272067,4577.0,-0.0,4620.0,ASK
935,1712606887.3754704,7054725.53305043,4577.0,-3.553909453810669e-11,4620.0,ASK
936,1712606908.2352188,7054726.84338019,4579.0,3.553909453810669e-11,4620.0,BID
937,1712606910.154971,7054726.84338019,4579.0,0.0,4620.0,BID
938,1712606921.1084216,7054728.15370995,4577.0,-3.553908294857348e-11,4620.0,ASK
939,1712606923.184651,7055383.31859311,4579.0,1.7769541566863018e-08,4620.0,BID
940,1712606928.2847283,7055400.6290032,4577.0,-4.69497159472828e-10,4620.0,ASK
941,1712606935.775499,7056299.61545971,4577.0,-2.438252967705261e-08,4620.0,ASK
942,1712606935.7850368,7056980.45703586,4577.0,-1.8465951089269923e-08,4620.0,ASK
943,1712606935.791365,7057070.00688506,4576.0,-2.428792825390398e-09,4620.0,ASK
944,1712606935.7956922,7057184.72850209,4576.0,-3.11150764460925e-09,4620.0,ASK
945,1712606935.8000867,7057668.45401653,4575.0,-1.3119721243807593e-08,4620.0,ASK
946,1712606940.1048088,7057668.45401653,4575.0,-0.0,4620.0,ASK
947,1712606941.0746365,7057669.76434629,4579.0,3.552610987168445e-11,4620.0,BID
948,1712606948.1943834,7058097.59160114,4579.0,1.1599399266453846e-08,4620.0,BID
949,1712606951.8342288,7058227.48505491,4579.0,3.521715868500805e-09,4620.0,BID
1150,1712606951.8415778,7058671.67043931,4579.0,1.2042906485220761e-08,4620.0,BID
950,1712606951.8415778,7058671.67043931,4579.0,1.204290648522076e-08,4620.0,BID
951,1712606952.4143293,7058672.98076907,4575.0,-3.552610984643411e-11,4620.0,ASK
952,1712606964.7741742,7059615.43785334,4575.0,-2.5552219705576933e-08,4620.0,ASK
953,1712606970.108309,7059615.43785334,4575.0,-0.0,4620.0,ASK
954,1712606972.5644622,7059616.7481831,4579.0,3.551752843272908e-11,4620.0,BID
955,1712606982.5634904,7059618.05851286,4575.0,-3.5517528457973314e-11,4620.0,ASK
956,1712607000.1283095,7059618.05851286,4575.0,-0.0,4620.0,ASK
957,1712607001.0447054,7059619.36884262,4579.0,3.5521646086397306e-11,4620.0,BID
958,1712607010.143473,7059623.86851503,4579.0,1.2198133298188274e-10,4620.0,BID
959,1712607022.7934058,7059625.17884479,4575.0,-3.5521646086397306e-11,4620.0,ASK
960,1712607030.1032114,7059625.17884479,4575.0,-0.0,4620.0,ASK
961,1712607037.3827045,7059626.48917455,4579.0,3.5521614695318664e-11,4620.0,BID
962,1712607052.5427723,7059627.79950431,4575.0,-3.5521614670071515e-11,4620.0,ASK
963,1712607060.1554036,7059627.79950431,4575.0,-0.0,4620.0,ASK
964,1712607069.1083732,7059638.10565048,4575.0,-2.7938832289534976e-10,4620.0,ASK
965,1712607069.1188524,7059649.62403508,4575.0,-3.1225077762213925e-10,4620.0,ASK
966,1712607071.972322,7059650.93436484,4579.0,3.552160314494152e-11,4620.0,BID
967,1712607084.382304,7059652.2446946,4575.0,-3.552160311969439e-11,4620.0,ASK
968,1712607090.1590507,7059652.2446946,4575.0,-0.0,4620.0,ASK
969,1712607102.36186,7059653.55502436,4579.0,3.552149544683497e-11,4620.0,BID
970,1712607102.661693,7059716.42636862,4575.0,-1.7043680425466731e-09,4620.0,ASK
971,1712607102.6716352,7059815.07306408,4575.0,-2.6741956486576153e-09,4620.0,ASK
972,1712607111.1616652,7059964.44571397,4575.0,4.049316487484245e-09,4620.0,BID
973,1712607118.161937,7059965.75604373,4574.0,-3.552149544683497e-11,4620.0,ASK
974,1712607120.1017003,7059965.75604373,4574.0,-0.0,4620.0,ASK
975,1712607120.127856,7060015.16338911,4579.0,1.339322825148858e-09,4620.0,BID
976,1712607120.1322696,7060079.41055096,4575.0,1.741597117916273e-09,4620.0,BID
977,1712607127.9064264,7060196.1893658,4575.0,3.16561294694098e-09,4620.0,BID
978,1712607137.401486,7060197.49998178,4578.0,3.552787310505522e-11,4620.0,BID
979,1712607146.2312722,7060198.81059776,4574.0,-3.552787310505522e-11,4620.0,ASK
980,1712607150.110668,7060198.81059776,4574.0,-0.0,4620.0,ASK
981,1712607155.921898,7060239.04576435,4574.0,-1.09065400715906e-09,4620.0,ASK
982,1712607164.1909685,7060240.35638033,4578.0,3.5526846080907377e-11,4620.0,BID
983,1712607180.1522098,7060240.35638033,4578.0,0.0,4620.0,BID
984,1712607182.2312932,7060241.66699631,4575.0,-3.552666307264485e-11,4620.0,ASK
985,1712607198.830552,7060242.97761229,4578.0,3.5526663047399625e-11,4620.0,BID
986,1712607210.1566708,7060242.97761229,4578.0,0.0,4620.0,BID
987,1712607214.870497,7060252.97761229,4578.0,2.7106835305371235e-10,4620.0,BID
988,1712607218.0803237,7060254.28822827,4575.0,-3.5526651520246494e-11,4620.0,ASK
989,1712607232.2501073,7060333.05418187,4576.0,-2.135095731916735e-09,4620.0,ASK
990,1712607236.310156,7060334.36479785,4578.0,3.5526651520246494e-11,4620.0,BID
991,1712607240.103185,7060334.36479785,4578.0,0.0,4620.0,BID
992,1712607249.0597887,7060335.67541383,4576.0,-3.5526248783164476e-11,4620.0,ASK
1192,1712607249.0597887,7060335.67541383,4576.0,-3.552624878316448e-11,4620.0,ASK
993,1712607253.4899545,7060407.95067613,4578.0,1.959131422467168e-09,4620.0,BID
994,1712607257.3004432,7060671.15067613,4578.0,-7.134438174072984e-09,4620.0,ASK
995,1712607257.3088124,7060934.35067613,4578.0,-7.1344381740477404e-09,4620.0,ASK
996,1712607257.3198092,7061437.65067613,4578.0,-1.3642715550963936e-08,4620.0,ASK
997,1712607257.420078,7061437.71046009,4578.0,-1.620535580234379e-12,4620.0,ASK
998,1712607265.7297292,7061439.02078985,4579.0,3.551849033718644e-11,4620.0,BID
1198,1712607265.7297292,7061439.02078985,4579.0,3.5518490337186436e-11,4620.0,BID
999,1712607270.1071177,7061439.02078985,4579.0,0.0,4620.0,BID
1000,1712607270.2101307,7061443.38855573,4579.0,1.183787407507708e-10,4620.0,BID
1201,1712607283.3398411,7061444.69888549,4576.0,-3.551362212678954e-11,4620.0,ASK
1202,1712607299.9994016,7061446.00950147,4578.0,3.552137948413793e-11,4620.0,BID
1203,1712607300.1253495,7061446.00950147,4578.0,0.0,4620.0,BID
1204,1712607301.189799,7061490.52391824,4578.0,1.2066873092802231e-09,4620.0,BID
1205,1712607307.5495045,7061518.40275316,4576.0,-7.55733506950046e-10,4620.0,ASK
1206,1712607307.5528572,7061619.33249518,4576.0,-2.735981905661448e-09,4620.0,ASK
1207,1712607308.2322583,7061644.39682067,4578.0,6.79438386011252e-10,4620.0,BID
1208,1712607318.0291586,7061645.70743665,4578.0,-3.5527898268432317e-11,4620.0,ASK
1209,1712607322.6292982,7061663.01969483,4578.0,-4.692969998679057e-10,4620.0,ASK
1210,1712607330.102213,7061663.01969483,4578.0,-0.0,4620.0,ASK
1211,1712607337.179109,7061664.33031081,4578.0,3.5526941745971636e-11,4620.0,BID
1212,1712607347.559997,7061665.64092679,4576.0,-3.5526941745971636e-11,4620.0,ASK
1213,1712607358.6395702,7061709.32289336,4576.0,-1.184089546640143e-09,4620.0,ASK
1214,1712607358.6431415,7062136.54092679,4576.0,-1.1580623475790072e-08,4620.0,ASK
1215,1712607360.1513093,7062136.54092679,4576.0,-0.0,4620.0,ASK
1216,1712607361.6711311,7062338.59131081,4577.0,-5.4766695448944036e-09,4620.0,ASK
1217,1712607362.0490198,7062540.56698368,4575.0,-5.474644464444619e-09,4620.0,ASK
1218,1712607362.052657,7062540.59131081,4576.0,-6.593981641922189e-13,4620.0,ASK
1219,1712607366.4485145,7062724.73627936,4575.0,-4.991334938516165e-09,4620.0,ASK
1220,1712607376.898949,7062876.24543618,4577.0,4.10672609682745e-09,4620.0,BID
1221,1712607381.3590117,7062908.88124791,4577.0,8.846088416887148e-10,4620.0,BID
1222,1712607381.3617282,7063069.7167733,4578.0,4.359521650576108e-09,4620.0,BID
1223,1712607381.3643732,7063210.59495518,4578.0,3.818568581196203e-09,4620.0,BID
1224,1712607389.848827,7063735.21738325,4575.0,-1.4220134687237193e-08,4620.0,ASK
1225,1712607389.852751,7063912.57766485,4575.0,-4.807432846144773e-09,4620.0,ASK
1226,1712607389.9684975,7064260.00525385,4575.0,9.417186237745432e-09,4620.0,BID
1227,1712607390.072361,7064260.00525446,4575.0,1.6534774896203606e-17,4620.0,BID
1228,1712607390.1492991,7064260.00525446,4575.0,0.0,4620.0,BID
1229,1712607397.9585495,7064261.3158689,4578.0,3.5515459669410554e-11,4620.0,BID
1230,1712607397.9623046,7064261.31587044,4578.0,4.171723106533249e-17,4620.0,BID
1231,1712607414.8185022,7064262.62648642,4574.0,-3.551550138664162e-11,4620.0,ASK
1232,1712607420.1084943,7064262.62648642,4574.0,-0.0,4620.0,ASK
1233,1712607430.8238847,7064314.97252237,4577.0,1.4184895776968332e-09,4620.0,BID
1234,1712607430.8324275,7064451.86648642,4577.0,3.709596299534739e-09,4620.0,BID
1235,1712607430.9979842,7064485.73210619,4577.0,9.177013658175567e-10,4620.0,BID
1236,1712607431.0081203,7064532.99533493,4577.0,1.2807540467749016e-09,4620.0,BID
1237,1712607431.0178003,7064600.57533493,4578.0,1.8313043943314438e-09,4620.0,BID
1238,1712607431.1683087,7064659.18344093,4578.0,1.588181149182653e-09,4620.0,BID
1239,1712607431.188552,7064700.48344056,4579.0,1.1191605624203415e-09,4620.0,BID
1240,1712607431.191035,7064700.48344092,4578.0,9.741588600837029e-18,4620.0,BID
1241,1712607433.6080549,7064701.79377068,4579.0,3.550773377162689e-11,4620.0,BID
1242,1712607435.2448452,7064854.49377068,4579.0,4.137913302966029e-09,4620.0,BID
1243,1712607444.1479745,7064855.80410044,4575.0,-3.5507733746389616e-11,4620.0,ASK
1244,1712607450.1106071,7064855.80410044,4575.0,-0.0,4620.0,ASK
1245,1712607461.1033835,7064857.1144302,4579.0,3.5505121121488666e-11,4620.0,BID
1246,1712607480.151806,7064857.1144302,4579.0,0.0,4620.0,BID
1247,1712607481.0375488,7064858.42475996,4575.0,-3.5505115323904405e-11,4620.0,ASK
1248,1712607486.9775364,7064890.26193902,4579.0,8.626704124871601e-10,4620.0,BID
1249,1712607499.6297605,7064891.57226878,4579.0,3.550511534913982e-11,4620.0,BID
1250,1712607510.150547,7064891.57226878,4579.0,0.0,4620.0,BID
1251,1712607510.5840309,7064892.88259854,4575.0,-3.550496353373602e-11,4620.0,ASK
1252,1712607531.0375583,7064894.1929283,4579.0,3.550496355897132e-11,4620.0,BID
1253,1712607537.4769838,7065224.77387063,4579.0,8.957488920125131e-09,4620.0,BID
1254,1712607540.0984502,7065224.77387063,4579.0,0.0,4620.0,BID
1255,1712607541.8073974,7065310.15583175,4579.0,2.313431465301428e-09,4620.0,BID
1256,1712607544.8372116,7065311.46616151,4574.0,-3.550349579637621e-11,4620.0,ASK
1257,1712607564.5870976,7065312.77649127,4579.0,3.550349579637621e-11,4620.0,BID
1258,1712607568.9672432,7065390.90804606,4574.0,-2.1169810919551923e-09,4620.0,ASK
1259,1712607570.1007044,7065390.90804606,4574.0,-0.0,4620.0,ASK
1260,1712607573.4070346,7065392.21837582,4574.0,-3.5502764370254456e-11,4620.0,ASK
1261,1712607573.526863,7065484.11073236,4574.0,-2.489779887874096e-09,4620.0,ASK
1262,1712607573.7074466,7065582.71987283,4574.0,-2.671767967961909e-09,4620.0,ASK
1263,1712607573.7169702,7065688.28572328,4574.0,-2.860256730726277e-09,4620.0,ASK
1264,1712607573.7204864,7065821.95002148,4574.0,-3.621570867432777e-09,4620.0,ASK
1265,1712607573.8697157,7065916.06276478,4574.0,2.549940215728898e-09,4620.0,BID
1266,1712607577.517111,7065966.01050647,4574.0,1.3533104099956911e-09,4620.0,BID
1267,1712607577.577058,7066082.55523711,4574.0,3.157724290797426e-09,4620.0,BID
1268,1712607595.4669354,7066083.86556687,4579.0,3.5502764395488195e-11,4620.0,BID
1269,1712607600.1108522,7066083.86556687,4579.0,0.0,4620.0,BID
1270,1712607606.907096,7066088.36523928,4579.0,1.2192102962052329e-10,4620.0,BID
1271,1712607608.8267355,7066089.67556904,4573.0,-3.550408537786753e-11,4620.0,ASK
1272,1712607628.9968867,7066090.9858988,4579.0,3.550408540310221e-11,4620.0,BID
1273,1712607630.0950377,7066090.9858988,4579.0,0.0,4620.0,BID
1274,1712607639.840067,7066092.29622856,4574.0,-3.550405402033964e-11,4620.0,ASK
1275,1712607650.4964864,7066388.62622856,4579.0,8.029212686062268e-09,4620.0,BID
1276,1712607659.5665967,7066392.99399444,4579.0,1.183468471466316e-10,4620.0,BID
1277,1712607660.116752,7066392.99399444,4579.0,0.0,4620.0,BID
1278,1712607683.9368773,7066628.60826551,4579.0,6.3838497998053474e-09,4620.0,BID
1279,1712607683.9400282,7067099.83680764,4579.0,1.2767699599358357e-08,4620.0,BID
1280,1712607683.9424725,7067859.6629312,4579.0,2.0587105461603573e-08,4620.0,BID
1281,1712607690.0963297,7067859.6629312,4579.0,0.0,4620.0,BID
1282,1712607690.321946,7067860.97326096,4579.0,3.5496264713286866e-11,4620.0,BID
1283,1712607707.7088509,7067862.28359072,4575.0,-3.5496264738516004e-11,4620.0,ASK
1284,1712607720.1562843,7067862.28359072,4575.0,-0.0,4620.0,ASK
1285,1712607726.3157473,7067863.59392048,4579.0,3.54962532046188e-11,4620.0,BID
1286,1712607735.1456602,7067864.90425024,4575.0,-3.549625317938968e-11,4620.0,ASK
1287,1712607750.14255,7067864.90425024,4575.0,-0.0,4620.0,ASK
1288,1712607753.8557456,7067866.21486622,4578.0,3.5503995231607256e-11,4620.0,BID
1289,1712607761.5858958,7067909.90206587,4578.0,1.1834665162476807e-09,4620.0,BID
1290,1712607773.431703,7067911.21268185,4575.0,-3.5503995231607256e-11,4620.0,ASK
1291,1712607779.1154823,7067975.96025691,4578.0,1.753982578524187e-09,4620.0,BID
1292,1712607780.0964704,7067975.96025691,4578.0,0.0,4620.0,BID
1293,1712607789.8559525,7067977.27058667,4579.0,3.5495752801568235e-11,4620.0,BID
1294,1712607803.9657598,7068021.67058667,4578.0,-1.2027593907802806e-09,4620.0,ASK
1295,1712607805.225893,7068022.91049237,4575.0,-3.358802307389785e-11,4620.0,ASK
1296,1712607805.2304292,7068022.98091643,4578.0,-1.907729727670385e-12,4620.0,ASK
1297,1712607805.3054123,7068344.92012672,4579.0,8.721067757695174e-09,4620.0,BID
1298,1712607810.114874,7068344.92012672,4579.0,0.0,4620.0,BID
1299,1712607811.4782495,7068458.72012672,4578.0,-3.082607092979838e-09,4620.0,ASK
1300,1712607813.04341,7068728.69317529,4579.0,7.3130126048814415e-09,4620.0,BID
1301,1712607813.0471628,7069191.5273418,4579.0,1.2537222184178974e-08,4620.0,BID
1302,1712607840.1450872,7069191.5273418,4579.0,0.0,4620.0,BID
1303,1712607852.8653,7069192.83767156,4579.0,3.5490401695737436e-11,4620.0,BID
1304,1712607869.4851234,7069192.87066332,4578.0,-8.935848302650949e-13,4620.0,ASK
1305,1712607869.487192,7069194.14800132,4575.0,-3.4596816840247384e-11,4620.0,ASK
1306,1712607870.1448488,7069194.14800132,4575.0,-0.0,4620.0,ASK
1307,1712607888.6124637,7069195.45833108,4579.0,3.549039016555496e-11,4620.0,BID
1308,1712607899.395021,7069205.24544029,4575.0,-2.6508466414494276e-10,4620.0,ASK
1309,1712607899.3986127,7069217.34016915,4575.0,-3.2758673362606416e-10,4620.0,ASK
1310,1712607900.129689,7069217.34016915,4575.0,-0.0,4620.0,ASK
1311,1712607901.1147852,7069218.65049891,4575.0,-3.55002290528783e-11,4620.0,ASK
1312,1712607914.6247816,7069225.48450654,4575.0,-1.8515097780602104e-10,4620.0,ASK
1313,1712607930.100774,7069225.48450654,4575.0,-0.0,4620.0,ASK
1314,1712607952.5647106,7069226.7948363,4579.0,3.550019324140103e-11,4620.0,BID
1315,1712607960.1449456,7069226.7948363,4579.0,0.0,4620.0,BID
1316,1712607962.3348496,7069228.10516606,4575.0,-3.550018744542249e-11,4620.0,ASK
1317,1712607969.804917,7069276.31914412,4575.0,-1.3062400866936266e-09,4620.0,ASK
1318,1712607969.8099017,7069576.50812159,4575.0,-8.132887841411202e-09,4620.0,ASK
1319,1712607979.7244906,7069577.81845135,4579.0,3.550018744542249e-11,4620.0,BID
1320,1712607990.1382108,7069577.81845135,4579.0,0.0,4620.0,BID
1321,1712607995.4741986,7069579.12878111,4575.0,-3.5498642960943736e-11,4620.0,ASK
1322,1712608011.6445334,7069580.43911087,4579.0,3.5498642935712924e-11,4620.0,BID
1323,1712608020.1179578,7069580.43911087,4579.0,0.0,4620.0,BID
1324,1712608028.9645684,7069581.74944063,4576.0,-3.549863142550096e-11,4620.0,ASK
1325,1712608046.829095,7069583.05977039,4579.0,3.549863142550096e-11,4620.0,BID
1326,1712608050.107179,7069583.05977039,4579.0,0.0,4620.0,BID
1327,1712608058.664167,7069586.61825618,4576.0,-9.640423214568907e-11,4620.0,ASK
1328,1712608058.6684225,7069702.48670929,4576.0,-3.13903438531573e-09,4620.0,ASK
1329,1712608059.6265588,7069754.06847358,4579.0,1.3974203280973623e-09,4620.0,BID
1330,1712608064.0440545,7069755.37880334,4576.0,-3.549861986357473e-11,4620.0,ASK
1331,1712608080.1513543,7069755.37880334,4576.0,-0.0,4620.0,ASK
1332,1712608083.2338316,7069756.6891331,4579.0,3.5497861420324635e-11,4620.0,BID
1333,1712608093.9338672,7069757.99946286,4576.0,-3.549786139509438e-11,4620.0,ASK
1334,1712608110.145573,7069757.99946286,4576.0,-0.0,4620.0,ASK
1335,1712608112.183508,7069759.30979262,4579.0,3.5497849884129696e-11,4620.0,BID
1336,1712608128.9236765,7069760.62012238,4577.0,-3.549784985889944e-11,4620.0,ASK
1337,1712608140.097272,7069760.62012238,4577.0,-0.0,4620.0,ASK
1338,1712608148.2535625,7069761.93045214,4579.0,3.549783834668214e-11,4620.0,BID
1339,1712608155.4833846,7069764.11528936,4579.0,5.918891625618903e-11,4620.0,BID
1340,1712608160.5632415,7069765.42561912,4576.0,-3.54978383214519e-11,4620.0,ASK
1341,1712608170.09274,7069765.42561912,4576.0,-0.0,4620.0,ASK
1342,1712608198.6828651,7069766.82085839,4576.0,-3.7798079573975816e-11,4620.0,ASK
1343,1712608200.1876578,7069766.82085839,4576.0,-0.0,4620.0,ASK
1344,1712608214.8732543,7069768.13118815,4579.0,3.550758802070009e-11,4620.0,BID
1345,1712608222.203225,7069896.69717377,4579.0,3.483907785652132e-09,4620.0,BID
1346,1712608223.8090143,7069898.00750353,4576.0,-3.550758804593727e-11,4620.0,ASK
1347,1712608230.1494236,7069898.00750353,4576.0,-0.0,4620.0,ASK
1348,1712608244.7831633,7069899.31783329,4579.0,3.5507010066885167e-11,4620.0,BID
1349,1712608256.4531324,7069900.62816305,4576.0,-3.550701004164841e-11,4620.0,ASK
1350,1712608260.096315,7069900.62816305,4576.0,-0.0,4620.0,ASK
1351,1712608274.0930526,7069901.93877903,4578.0,3.551475443527636e-11,4620.0,BID
1352,1712608290.0926368,7069901.93877903,4578.0,0.0,4620.0,BID
1353,1712608290.1184566,7069903.24939501,4576.0,-3.551474866105604e-11,4620.0,ASK
1354,1712608290.736503,7071666.35373038,4576.0,-4.777616654017692e-08,4620.0,ASK
1355,1712608302.033248,7071714.48637898,4576.0,-1.304286643401681e-09,4620.0,ASK
1356,1712608302.0369904,7072233.2952028,4576.0,-1.4058553581942229e-08,4620.0,ASK
1357,1712608305.492849,7072300.6024118,4576.0,1.8238741531221323e-09,4620.0,BID
1358,1712608309.6429143,7072300.60241221,4576.0,1.11041697733543e-17,4620.0,BID
1359,1712608309.6453342,7072301.91302778,4578.0,3.551473755688627e-11,4620.0,BID
1360,1712608320.144431,7072301.91302778,4578.0,0.0,4620.0,BID
1361,1712608321.0528584,7072303.22364376,4575.0,-3.5504182785078286e-11,4620.0,ASK
1362,1712608342.5525432,7072304.53425974,4578.0,3.5504182785078286e-11,4620.0,BID
1363,1712608342.6330807,7072376.16170464,4578.0,1.940365396747426e-09,4620.0,BID
1364,1712608350.136217,7072376.16170464,4578.0,0.0,4620.0,BID
1365,1712608355.132604,7072377.47232062,4575.0,-3.5503855866902326e-11,4620.0,ASK
1366,1712608375.802152,7072566.84832665,4575.0,-5.130090373547311e-09,4620.0,ASK
1367,1712608376.2523248,7072568.15865641,4579.0,3.549610231123039e-11,4620.0,BID
1368,1712608380.089923,7072568.15865641,4579.0,0.0,4620.0,BID
1369,1712608387.133363,7072569.46898617,4575.0,-3.5495257722178566e-11,4620.0,ASK
1370,1712608403.814001,7072570.77931593,4579.0,3.549525769695016e-11,4620.0,BID
1371,1712608405.532241,7072688.4315658,4575.0,-3.187057988648654e-09,4620.0,ASK
1372,1712608410.0984046,7072688.4315658,4575.0,-0.0,4620.0,ASK
1373,1712608412.082718,7072689.53602694,4575.0,-2.9918078372674134e-11,4620.0,ASK
1374,1712608425.8323998,7072690.8463567,4575.0,-3.5494728647908835e-11,4620.0,ASK
1375,1712608440.118412,7072690.8463567,4575.0,-0.0,4620.0,ASK
1376,1712608442.7927935,7072725.16406123,4575.0,-9.296112187566575e-10,4620.0,ASK
1377,1712608442.7974048,7072726.53917023,4575.0,-3.7249483060166965e-11,4620.0,ASK
1378,1712608442.8015904,7072946.37199474,4575.0,-5.954916353460238e-09,4620.0,ASK
1379,1712608443.572885,7072947.6823245,4579.0,3.5494718000404e-11,4620.0,BID
1380,1712608457.4022267,7072948.99265426,4575.0,-3.549471802563203e-11,4620.0,ASK
1381,1712608470.108205,7072948.99265426,4575.0,-0.0,4620.0,ASK
1382,1712608475.2421966,7072950.30298402,4579.0,3.549358248798534e-11,4620.0,BID
1383,1712608492.9321687,7072951.61331378,4575.0,-3.549358251321256e-11,4620.0,ASK
1384,1712608500.126667,7072951.61331378,4575.0,-0.0,4620.0,ASK
1385,1712608509.255018,7072954.36268433,4575.0,-7.448996272492237e-11,4620.0,ASK
1386,1712608512.7440166,7072955.67301409,4579.0,3.5501367765180157e-11,4620.0,BID
1387,1712608524.0419118,7072956.98334385,4575.0,-3.5501367739947406e-11,4620.0,ASK
1388,1712608530.0984557,7072956.98334385,4575.0,-0.0,4620.0,ASK
1389,1712608542.561911,7072958.29367361,4579.0,3.550134412941123e-11,4620.0,BID
1390,1712608554.6323402,7073183.39570462,4579.0,6.0987889525601805e-09,4620.0,BID
1391,1712608560.0545273,7073184.70603438,4575.0,-3.550134412941123e-11,4620.0,ASK
1392,1712608560.1455247,7073184.70603438,4575.0,-0.0,4620.0,ASK
1393,1712608560.9152975,7073468.6060467,4579.0,7.691611384939095e-09,4620.0,BID
1394,1712608560.9230702,7073490.44964652,4578.0,5.918015983675371e-10,4620.0,BID
1395,1712608576.2717872,7073491.7602625,4578.0,3.5508095628537125e-11,4620.0,BID
1396,1712608589.821446,7073495.7602625,4578.0,1.0837070871658776e-10,4620.0,BID
1397,1712608590.145183,7073495.7602625,4578.0,0.0,4620.0,BID
1398,1712608592.1718695,7073497.07087848,4575.0,-3.550672552615943e-11,4620.0,ASK
1399,1712608608.451444,7073498.38149446,4578.0,3.550672552615943e-11,4620.0,BID
1400,1712608609.7984066,7074131.26232988,4575.0,-1.7145774548623075e-08,4620.0,ASK
1401,1712608609.8023386,7074972.39323983,4575.0,-2.278760888420948e-08,4620.0,ASK
1402,1712608611.6415796,7075322.72772083,4575.0,9.491132756206428e-09,4620.0,BID
1403,1712608611.8418655,7075322.72772107,4575.0,6.5096104490733554e-18,4620.0,BID
1404,1712608616.4616594,7076389.39438774,4575.0,2.889774055664217e-08,4620.0,BID
1405,1712608620.083503,7076389.39438774,4575.0,0.0,4620.0,BID
1406,1712608627.0015366,7076390.70500372,4574.0,-3.549399562884469e-11,4620.0,ASK
1407,1712608642.1114063,7076402.33020716,4574.0,-3.1483281629275257e-10,4620.0,ASK
1408,1712608643.7416224,7076403.64082314,4578.0,3.549399562884469e-11,4620.0,BID
1409,1712608650.0970695,7076403.64082314,4578.0,0.0,4620.0,BID
1410,1712608652.471916,7076433.09260702,4578.0,7.976094136479976e-10,4620.0,BID
1411,1712608652.4769382,7076506.15316476,4578.0,1.9786166045462203e-09,4620.0,BID
1412,1712608660.481583,7076507.46378074,4578.0,-3.549393298608687e-11,4620.0,ASK
1413,1712608660.563044,7076552.35240007,4578.0,-1.2156678009133663e-09,4620.0,ASK
1414,1712608676.86209,7076553.66301605,4578.0,3.549393298608687e-11,4620.0,BID
1415,1712608680.1617131,7076553.66301605,4578.0,0.0,4620.0,BID
1416,1712608687.3029428,7076606.2860998,4573.0,-1.4251050623099238e-09,4620.0,ASK
1417,1712608687.3081205,7076715.62351506,4573.0,-2.961006708161917e-09,4620.0,ASK
1418,1712608687.3121123,7077304.55051586,4574.0,-1.5948948453153008e-08,4620.0,ASK
1419,1712608687.316052,7077729.33228532,4572.0,-1.150367114388218e-08,4620.0,ASK
1420,1712608687.3183043,7078149.77937758,4574.0,-1.138628215824878e-08,4620.0,ASK
1421,1712608687.3206344,7078164.86416765,4572.0,-4.085167413530408e-10,4620.0,ASK
1422,1712608687.322975,7078281.21119859,4573.0,-3.150836685380185e-09,4620.0,ASK
1423,1712608687.325324,7078327.06684163,4572.0,-1.241833514417709e-09,4620.0,ASK
1424,1712608687.3276813,7078378.00924267,4573.0,-1.379589876425411e-09,4620.0,ASK
1425,1712608696.942016,7078379.31985865,4571.0,-3.549327281574306e-11,4620.0,ASK
1426,1712608709.732144,7078616.26949977,4571.0,-6.4169202755033984e-09,4620.0,ASK
1427,1712608710.1375046,7078616.26949977,4571.0,-0.0,4620.0,ASK
1428,1712608712.4121566,7078617.58011575,4578.0,3.548420869956751e-11,4620.0,BID
1429,1712608732.0426342,7078618.89073173,4571.0,-3.548420867435246e-11,4620.0,ASK
1430,1712608740.0939543,7078618.89073173,4571.0,-0.0,4620.0,ASK
1431,1712608747.8704624,7078620.20134771,4578.0,3.5484197179799405e-11,4620.0,BID
1432,1712608752.3623998,7078729.58660258,4571.0,-2.961544809013515e-09,4620.0,ASK
1433,1712608763.5630856,7078730.89721856,4571.0,-3.5484197179799405e-11,4620.0,ASK
1434,1712608770.0859818,7078730.89721856,4571.0,-0.0,4620.0,ASK
1435,1712608782.3830154,7078732.20783454,4578.0,3.548370530942264e-11,4620.0,BID
1436,1712608793.8137932,7078733.51845052,4572.0,-3.548370530942264e-11,4620.0,ASK
1437,1712608800.1142251,7078733.51845052,4572.0,-0.0,4620.0,ASK
1438,1712608810.0728288,7078825.25181798,4578.0,2.484020592455784e-09,4620.0,BID
1439,1712608810.6128774,7078826.56243396,4578.0,3.5489780582964236e-11,4620.0,BID
1440,1712608810.7127943,7078829.45571391,4578.0,7.834626782908795e-11,4620.0,BID
1441,1712608810.7162044,7078929.51123196,4578.0,2.7093736347702236e-09,4620.0,BID
1442,1712608810.8126798,7078939.01968744,4578.0,2.5747663985214756e-10,4620.0,BID
1443,1712608810.9730198,7079056.82682297,4579.0,3.1900644083776673e-09,4620.0,BID
1444,1712608810.9773345,7079273.75931444,4579.0,5.8742504598492724e-09,4620.0,BID
1445,1712608810.9827192,7079748.60567256,4579.0,1.2858223397694125e-08,4620.0,BID
1446,1712608818.2631867,7079750.78812563,4582.0,5.909799800943307e-11,4620.0,BID
1447,1712608828.983137,7079752.09874161,4577.0,-3.5489780582964236e-11,4620.0,ASK
1448,1712608830.089712,7079752.09874161,4577.0,-0.0,4620.0,ASK
1449,1712608847.793159,7079753.40821345,4582.0,3.5454321166788864e-11,4620.0,BID
1450,1712608856.9634006,7079754.71768529,4577.0,-3.5454321166788864e-11,4620.0,ASK
1451,1712608860.150011,7079754.71768529,4577.0,-0.0,4620.0,ASK
1452,1712608870.163349,7079783.52761412,4582.0,7.800367343822281e-10,4620.0,BID
1453,1712608874.7933822,7079784.83708596,4582.0,3.545430965384819e-11,4620.0,BID
1454,1712608890.1434567,7079784.83708596,4582.0,0.0,4620.0,BID
1455,1712608891.1535373,7079813.68104299,4582.0,7.809551391014293e-10,4620.0,BID
1456,1712608891.1585298,7079842.71902353,4582.0,7.86208359322185e-10,4620.0,BID
1457,1712608891.5399263,7079867.84504803,4582.0,6.802914710412204e-10,4620.0,BID
1458,1712608895.0374146,7079998.73305065,4582.0,3.5438153714172442e-09,4620.0,BID
1459,1712608895.0423598,7080013.81784071,4582.0,4.084233071036319e-10,4620.0,BID
1460,1712608895.0453904,7080026.73163332,4582.0,3.4964317461583005e-10,4620.0,BID
1461,1712608898.225708,7080028.04110516,4580.0,-3.54541771512644e-11,4620.0,ASK
1462,1712608901.4135418,7080045.32044895,4587.0,4.678412299565442e-10,4620.0,BID
1463,1712608917.8937116,7080046.62849342,4587.0,3.541553088282955e-11,4620.0,BID
1464,1712608920.1000257,7080046.62849342,4587.0,0.0,4620.0,BID
1465,1712608926.2036154,7080047.93653789,4583.0,-3.5414380627988877e-11,4620.0,ASK
1466,1712608940.2947075,7080267.72330899,4587.0,5.950571672258521e-09,4620.0,BID
1467,1712608944.4541,7080269.03135346,4587.0,3.5414380627988877e-11,4620.0,BID
1468,1712608950.0961635,7080269.03135346,4587.0,0.0,4620.0,BID
1469,1712608961.8240528,7080270.33939793,4580.0,-3.541340250902784e-11,4620.0,ASK
1470,1712608968.5944808,7080345.33939793,4580.0,-2.0305159719447547e-09,4620.0,ASK
1471,1712608973.2865317,7080429.45035721,4587.0,2.2771819497894403e-09,4620.0,BID
1472,1712608980.150334,7080429.45035721,4587.0,0.0,4620.0,BID
