,time,acc_trade_volume,trade_price,dev,high,ask_bid
0,1712601588.4827323,1499113016272.6206,0.1088,0.0,0.1138,ASK
1,1712601600.398306,1499113456644.9067,0.1088,-2.425929902840756e-06,0.1138,ASK
2,1712601600.477492,1499113456644.9067,0.1088,-0.0,0.1138,ASK
3,1712601606.1365695,1499113511741.3254,0.1089,3.036589605677676e-07,0.1138,BID
4,1712601608.5063207,1499113576020.4807,0.1089,3.542687880018417e-07,0.1138,BID
5,1712601618.926469,1499114079135.0833,0.1088,-2.7728709207414924e-06,0.1138,ASK
6,1712601628.5864923,1499114143414.2383,0.1088,-3.542687866562826e-07,0.1138,ASK
7,1712601630.499386,1499114143414.2383,0.1088,-0.0,0.1138,ASK
8,1712601639.5866723,1499141270521.1047,0.1089,0.0001495085502041,0.1138,BID
9,1712601639.588565,1499152778559.4756,0.1089,6.342549321569632e-05,0.1138,BID
10,1712601646.5265744,1499152833655.8943,0.1088,-3.036588354964227e-07,0.1138,ASK
11,1712601648.236172,1499153277189.8667,0.1089,2.444496625021091e-06,0.1138,BID
12,1712601649.6466992,1499155137654.983,0.1089,1.0253782078549394e-05,0.1138,BID
13,1712601649.6482604,1499162721197.548,0.1089,4.179599615534869e-05,0.1138,BID
14,1712601649.6494482,1499192469661.157,0.1089,0.000163955916379,0.1138,BID
15,1712601649.6506188,1499225034754.6104,0.1089,0.0001794795122622,0.1138,BID
16,1712601660.756737,1499225034754.6104,0.1089,0.0,0.1138,BID
17,1712601664.5462985,1499225099033.7656,0.1089,3.5424506491526455e-07,0.1138,BID
18,1712601672.7781262,1499288378852.3647,0.1089,0.0003487376794563,0.1138,BID
19,1712601672.779407,1499362840080.5977,0.1089,0.0004103588872135,0.1138,BID
20,1712601672.9608676,1499363709967.5977,0.1089,4.793982986756594e-06,0.1138,BID
21,1712601675.5491536,1499371435022.694,0.1089,4.257309593552878e-05,0.1138,BID
22,1712601680.7659965,1499371499301.849,0.1088,-3.542450635697956e-07,0.1138,ASK
23,1712601681.647669,1499373029295.8347,0.1089,8.431859697622465e-06,0.1138,BID
24,1712601684.0759714,1499374561445.8464,0.1089,8.443741646143238e-06,0.1138,BID
25,1712601690.7675283,1499374561445.8464,0.1089,0.0,0.1138,BID
26,1712601694.196124,1499375575329.8464,0.1089,5.587054992887677e-06,0.1138,BID
27,1712601695.775939,1499632924139.3718,0.1089,0.0014181325981794,0.1138,BID
28,1712601696.5359385,1499634076162.5332,0.1089,6.348277274020847e-06,0.1138,BID
29,1712601703.186009,1499647191553.6587,0.1089,7.227297350716061e-05,0.1138,BID
30,1712601705.4757786,1499647290858.4944,0.1089,5.472239211571283e-07,0.1138,BID
31,1712601706.6658237,1499647345904.366,0.109,3.033328385300898e-07,0.1138,BID
32,1712601712.3293886,1499655220547.109,0.109,4.3393585512778056e-05,0.1138,BID
33,1712601713.465809,1499663095189.8518,0.109,4.3393585512778056e-05,0.1138,BID
34,1712601720.4866312,1499663095189.8518,0.109,0.0,0.1138,BID
35,1712601726.3588176,1499663145077.507,0.109,2.748606532212604e-07,0.1138,BID
36,1712601726.365811,1499663448341.5813,0.109,1.6708614802886652e-06,0.1138,BID
37,1712601726.3675628,1499670116284.8088,0.109,3.673765024870811e-05,0.1138,BID
38,1712601727.248489,1499670180504.9924,0.109,3.538270443021988e-07,0.1138,BID
39,1712601728.346106,1499679813020.7349,0.109,5.307123685443159e-05,0.1138,BID
40,1712601728.347883,1499682701290.4712,0.109,1.5913189386333816e-05,0.1138,BID
41,1712601740.796087,1499685583185.9612,0.109,1.587806988627668e-05,0.1138,BID
42,1712601740.797532,1499687583185.9612,0.109,1.1019185075535468e-05,0.1138,BID
43,1712601740.7990377,1499868157616.4314,0.109,0.0009948915346303,0.1138,BID
44,1712601744.485854,1499868221836.615,0.109,-3.538270443021988e-07,0.1138,ASK
45,1712601750.4756072,1499868221836.615,0.109,-0.0,0.1138,ASK
46,1712601753.3459284,1499868276882.4866,0.109,-3.0324296743820066e-07,0.1138,ASK
47,1712601769.119881,1499871249277.103,0.1091,1.6374666037360056e-05,0.1138,BID
48,1712601769.1217403,1499873036737.4866,0.1091,9.84696536372628e-06,0.1138,BID
49,1712601777.2457163,1499873091732.9036,0.1091,3.029650174465779e-07,0.1138,BID
50,1712601780.7556872,1499873091732.9036,0.1091,0.0,0.1138,BID
51,1712601784.995621,1499873155894.2234,0.1091,3.534581524889527e-07,0.1138,BID
52,1712601785.5971117,1499874164652.753,0.1091,5.557147626262713e-06,0.1138,BID
53,1712601785.5991528,1499875264734.2944,0.1091,6.060236764337856e-06,0.1138,BID
54,1712601785.6010027,1499882345970.6162,0.1091,3.9009807068967394e-05,0.1138,BID
55,1712601785.602865,1499884859885.5522,0.1092,1.384890041600994e-05,0.1138,BID
56,1712601785.6047285,1499898608739.8145,0.1091,7.574103275421098e-05,0.1138,BID
57,1712601785.6066048,1499899804991.1064,0.1092,6.5900260895269024e-06,0.1138,BID
58,1712601785.6075194,1499909635222.2163,0.1091,5.415373836060283e-05,0.1138,BID
59,1712601785.608359,1499920624740.6887,0.1092,6.054013394119419e-05,0.1138,BID
60,1712601785.6092076,1499933929939.4353,0.1091,7.329697986808015e-05,0.1138,BID
61,1712601801.125548,1499933994100.7551,0.1091,-3.534581524889527e-07,0.1138,ASK
62,1712601810.7861686,1499933994100.7551,0.1091,-0.0,0.1138,ASK
63,1712601815.055671,1499939124126.5305,0.1092,2.82597529786735e-05,0.1138,BID
64,1712601815.057192,1499939125629.5012,0.1092,8.279410195095301e-09,0.1138,BID
65,1712601818.0253594,1499946219115.725,0.1092,3.907585989441976e-05,0.1138,BID
66,1712601823.4055498,1499946274111.142,0.1091,-3.02953039083704e-07,0.1138,ASK
67,1712601824.185696,1499955147702.0027,0.1091,-4.888191536368819e-05,0.1138,ASK
68,1712601828.1754484,1499957272010.8936,0.1092,1.1702172101590971e-05,0.1138,BID
69,1712601833.4963143,1499958400486.0012,0.1092,6.2164264241563145e-06,0.1138,BID
70,1712601833.4986346,1500062100512.9993,0.1092,0.0005712519342581,0.1138,BID
71,1712601839.775888,1500063015348.6218,0.1092,5.0395514258129884e-06,0.1138,BID
72,1712601840.4657133,1500063015348.6218,0.1092,0.0,0.1138,BID
73,1712601840.7456172,1500063219227.7966,0.1092,1.1230212598790383e-06,0.1138,BID
74,1712601840.7479167,1500074824787.3894,0.1092,6.392653966724821e-05,0.1138,BID
75,1712601840.7501683,1500291725050.5474,0.1092,0.0011947449121917,0.1138,BID
76,1712601842.715533,1500292640801.4631,0.1092,5.044202028727413e-06,0.1138,BID
77,1712601843.7954752,1500297077596.8933,0.1091,-2.4439061020306857e-05,0.1138,ASK
78,1712601847.865782,1500297141699.4575,0.1092,3.530941425891796e-07,0.1138,BID
79,1712601859.4261022,1500297233865.356,0.1092,5.076745257592882e-07,0.1138,BID
80,1712601859.4282155,1500443573421.8784,0.1092,0.0008060775863617,0.1138,BID
81,1712601859.4302735,1500478050876.632,0.1092,0.0001899110819531,0.1138,BID
82,1712601859.4352572,1500486291691.1182,0.1092,4.539261979776607e-05,0.1138,BID
83,1712601865.329143,1500503730943.9688,0.1092,-9.606008915023258e-05,0.1138,ASK
84,1712601865.4256425,1500503795046.533,0.1092,-3.530941425891796e-07,0.1138,ASK
85,1712601867.9155388,1500503870060.2742,0.1093,4.131958364244386e-07,0.1138,BID
86,1712601868.8352475,1500503945074.0156,0.1093,4.131958377692309e-07,0.1138,BID
87,1712601870.4950802,1500503945074.0156,0.1093,0.0,0.1138,BID
88,1712601870.925322,1500504020087.7568,0.1093,4.130862784410432e-07,0.1138,BID
89,1712601871.6160145,1500504065842.56,0.1093,2.519629214452974e-07,0.1138,BID
90,1712601871.6182046,1500543147232.5796,0.1093,0.0002152137154987,0.1138,BID
91,1712601871.6203723,1500748278203.5454,0.1093,0.0011296168944699,0.1138,BID
92,1712601871.6225572,1500773888872.058,0.1093,0.0001410330370597,0.1138,BID
93,1712601877.4057338,1500773943716.6648,0.1094,3.02018726236477e-07,0.1138,BID
94,1712601878.335781,1500780466087.198,0.1093,-3.5917442946860426e-05,0.1138,ASK
95,1712601878.3381028,1500782474998.469,0.1093,-1.106268887883496e-05,0.1138,ASK
96,1712601882.3452413,1500791624129.3018,0.1093,5.038250786677851e-05,0.1138,BID
97,1712601889.6352742,1500802613860.587,0.1093,6.051834136342911e-05,0.1138,BID
98,1712601900.4675243,1500802659015.9795,0.1094,2.486620847358097e-07,0.1138,BID
99,1712601900.469664,1500810283513.2375,0.1094,4.198664333188164e-05,0.1138,BID
100,1712601900.4756963,1500810740551.629,0.1094,2.5168227199817443e-06,0.1138,BID
101,1712601900.4766686,1500811754628.4111,0.1094,5.584326248246904e-06,0.1138,BID
102,1712601900.4851842,1500811754628.4111,0.1094,0.0,0.1138,BID
103,1712601904.848745,1500813781713.5889,0.1094,1.1164800215831071e-05,0.1138,BID
104,1712601905.7251463,1500813845698.9636,0.1094,3.5241929334350945e-07,0.1138,BID
105,1712601912.875696,1500814028514.3203,0.1094,1.0069122680404216e-06,0.1138,BID
106,1712601912.8781092,1500840849939.1562,0.1094,0.0001477273146123,0.1138,BID
107,1712601912.879557,1500925552478.4778,0.1094,0.0004665255015852,0.1138,BID
108,1712601912.8806677,1500926586513.2002,0.1094,5.6952668880282965e-06,0.1138,BID
109,1712601914.4354277,1500927439989.5698,0.1094,4.7007857688988426e-06,0.1138,BID
110,1712601915.705065,1500927494834.1768,0.1093,-3.020736800087224e-07,0.1138,ASK
111,1712601920.9776647,1500928408910.9592,0.1094,5.034561334823387e-06,0.1138,BID
112,1712601921.153207,1500931656326.0657,0.1094,1.7886145722725378e-05,0.1138,BID
113,1712601921.155749,1500932768491.9644,0.1094,6.125598569823814e-06,0.1138,BID
114,1712601921.158174,1501018784637.3472,0.1094,0.0004737605943171,0.1138,BID
115,1712601921.160226,1501025070536.582,0.1095,3.4621539294433274e-05,0.1138,BID
116,1712601921.1622374,1501025330541.465,0.1094,1.4320575223376651e-06,0.1138,BID
117,1712601921.164229,1501223753445.8735,0.1095,0.0010928756770046,0.1138,BID
118,1712601923.525371,1501223817431.2483,0.1093,-3.5241929334350945e-07,0.1138,ASK
119,1712601924.215045,1501224535358.3972,0.1093,-3.954206402039946e-06,0.1138,ASK
120,1712601930.495163,1501224535358.3972,0.1093,-0.0,0.1138,ASK
121,1712601931.9002962,1501231834387.128,0.1094,4.019144284769328e-05,0.1138,BID
122,1712601943.856254,1501241664094.6233,0.1094,5.412639702964573e-05,0.1138,BID
123,1712601944.113533,1501241711626.616,0.1094,2.61730627121268e-07,0.1138,BID
124,1712601949.4553924,1501250869135.7737,0.1094,5.042499756040506e-05,0.1138,BID
125,1712601950.4059358,1501252715890.641,0.1094,1.01689889773634e-05,0.1138,BID
126,1712601956.064957,1501260477384.6655,0.1094,4.273796624232265e-05,0.1138,BID
127,1712601960.7578306,1501260477384.6655,0.1094,0.0,0.1138,BID
128,1712601967.288164,1501260541370.0403,0.1094,3.523220620471521e-07,0.1138,BID
129,1712601969.6152573,1501286912585.751,0.1093,-0.000145207574908,0.1138,ASK
130,1712601969.6357265,1501301624419.7957,0.1093,-8.100763224242426e-05,0.1138,ASK
131,1712601971.755309,1501312614151.0808,0.1093,-6.051265312587362e-05,0.1138,ASK
132,1712601975.1150222,1501312668995.6875,0.1094,3.019903388975589e-07,0.1138,BID
133,1712601977.6947782,1501315024390.2024,0.1094,1.296948647252387e-05,0.1138,BID
134,1712601979.444908,1501316837203.548,0.1093,-9.981876927589897e-06,0.1138,ASK
135,1712601984.2850556,1501316901188.9226,0.1093,-3.523220620471521e-07,0.1138,ASK
136,1712601987.5952168,1501372745853.861,0.1093,-0.0003074969488045,0.1138,ASK
137,1712601987.597824,1501382358100.0234,0.1093,-5.292781985978874e-05,0.1138,ASK
138,1712601990.7749298,1501382358100.0234,0.1093,-0.0,0.1138,ASK
139,1712601993.2354245,1501386225165.6997,0.1093,-2.1291625227927923e-05,0.1138,ASK
140,1712601994.4952848,1501387915757.7954,0.1093,-9.30820842877508e-06,0.1138,ASK
141,1712601994.498534,1501390565814.286,0.1093,-1.4590910616780542e-05,0.1138,ASK
142,1712601994.5012796,1501425390779.9766,0.1093,-0.0001917423132113,0.1138,ASK
143,1712601994.5047216,1501477670751.2324,0.1093,-0.0002878475950919,0.1138,ASK
144,1712601994.615332,1501481595312.2822,0.1093,-2.1608188238077426e-05,0.1138,ASK
145,1712601994.6185508,1501502854948.167,0.1093,-0.0001170531451138,0.1138,ASK
146,1712601997.204912,1501503548837.27,0.1093,3.820474739541058e-06,0.1138,BID
147,1712601998.9951253,1501507415902.946,0.1093,2.1291625227927923e-05,0.1138,BID
148,1712601998.9981096,1501518279748.6646,0.1094,5.9815102962046863e-05,0.1138,BID
149,1712602008.2247126,1501528875493.793,0.1093,-5.833897150585584e-05,0.1138,ASK
150,1712602017.0750437,1501545038473.6023,0.1093,8.899153453748563e-05,0.1138,BID
151,1712602018.6931543,1501545093318.2092,0.1092,-3.019681883973848e-07,0.1138,ASK
152,1712602019.46494,1501554250827.3667,0.1092,-5.042020729334621e-05,0.1138,ASK
153,1712602020.631776,1501554250827.3667,0.1092,-0.0,0.1138,ASK
154,1712602024.7068942,1501554314871.2825,0.1093,3.525820672041827e-07,0.1138,BID
155,1712602039.415038,1501554369766.0676,0.1093,3.022132016127894e-07,0.1138,BID
156,1712602040.3146508,1501554433809.9834,0.1092,-3.525820672041827e-07,0.1138,ASK
157,1712602041.0347831,1501560026082.4656,0.1093,3.078723354722181e-05,0.1138,BID
158,1712602050.4478052,1501560026082.4656,0.1093,0.0,0.1138,BID
159,1712602058.8047423,1501560758012.932,0.1093,4.029495339777984e-06,0.1138,BID
160,1712602073.15475,1501569907143.765,0.1093,5.036869175192904e-05,0.1138,BID
161,1712602080.7546732,1501569907143.765,0.1093,0.0,0.1138,BID
162,1712602087.0445597,1501569971187.681,0.1093,3.5257874560980813e-07,0.1138,BID
163,1712602087.444332,1501570026082.4656,0.1092,-3.022103531878272e-07,0.1138,ASK
164,1712602087.704675,1501571991869.9287,0.1093,1.0822181459993486e-05,0.1138,BID
165,1712602090.4945538,1501573821696.0952,0.1093,1.0073678454826906e-05,0.1138,BID
166,1712602095.8750155,1501575894756.4795,0.1093,1.1412747347771235e-05,0.1138,BID
167,1712602099.384495,1501575955959.59,0.1093,3.369393595208524e-07,0.1138,BID
168,1712602104.4245927,1501576020003.506,0.1092,-3.5257874695386704e-07,0.1138,ASK
169,1712602109.0670097,1501576074898.291,0.1093,3.022103531878272e-07,0.1138,BID
170,1712602110.7644386,1501576074898.291,0.1093,0.0,0.1138,BID
171,1712602118.584935,1501581564376.7903,0.1093,3.022092320769403e-05,0.1138,BID
172,1712602135.2944753,1501618160900.1208,0.1093,0.0002014728213859,0.1138,BID
173,1712602140.479645,1501618160900.1208,0.1093,0.0,0.1138,BID
174,1712602144.9244788,1501618224944.0366,0.1093,3.525685086245285e-07,0.1138,BID
175,1712602149.164584,1501640429759.535,0.1092,-0.0001222398504246,0.1138,ASK
176,1712602154.0946658,1501640484654.3198,0.1092,-3.022015786290216e-07,0.1138,ASK
177,1712602160.72451,1501640548698.2356,0.1092,-3.525685086245285e-07,0.1138,ASK
178,1712602163.5940611,1501709166949.184,0.1092,-0.0003777507060569,0.1138,ASK
179,1712602164.0776908,1501709251601.204,0.1092,-4.660182952715184e-07,0.1138,ASK
180,1712602164.25425,1501713830355.7827,0.1092,-2.520652670426182e-05,0.1138,ASK
181,1712602170.484247,1501713830355.7827,0.1092,-0.0,0.1138,ASK
182,1712602171.8141854,1501737622768.6672,0.1092,-0.0001309722088877,0.1138,ASK
183,1712602173.2275374,1501737686257.682,0.1092,-3.494936205481907e-07,0.1138,ASK
184,1712602176.954538,1501737741152.467,0.1093,3.021841992761817e-07,0.1138,BID
185,1712602181.2546144,1501738773785.251,0.1092,-5.684425423280286e-06,0.1138,ASK
186,1712602181.2576325,1501747364034.0657,0.1092,-4.728750579510588e-05,0.1138,ASK
187,1712602182.1572502,1501748282364.3494,0.1093,5.055214295723398e-06,0.1138,BID
188,1712602187.9342997,1501788239637.3376,0.1092,-0.0002199563503628,0.1138,ASK
189,1712602188.0182948,1501788549991.7334,0.1092,-1.7084354137155769e-06,0.1138,ASK
190,1712602188.020628,1501796069138.2034,0.1092,-4.13913135629611e-05,0.1138,ASK
191,1712602188.0240014,1501798813877.4531,0.1092,-1.510920998665611e-05,0.1138,ASK
192,1712602194.1094694,1501798905536.4814,0.1091,-5.045635960456518e-07,0.1138,ASK
193,1712602194.1110451,1501836349900.3677,0.1091,-0.0002061233163857,0.1138,ASK
194,1712602194.112563,1501836624877.4531,0.1091,-1.5136907908248407e-06,0.1138,ASK
195,1712602194.2242496,1501840657874.7034,0.1091,-2.2200798248855705e-05,0.1138,ASK
196,1712602194.2641203,1501922249533.2034,0.1091,-0.0004491448510257,0.1138,ASK
197,1712602194.3843195,1501930006433.2034,0.1091,-4.2700096541380977e-05,0.1138,ASK
198,1712602200.554449,1501930006433.2034,0.1091,-0.0,0.1138,ASK
199,1712602202.374284,1501930500912.9968,0.1091,-2.7224118510189425e-06,0.1138,ASK
200,1712602206.864246,1501934416316.994,0.1091,-2.1556679128643545e-05,0.1138,ASK
201,1712602208.334846,1501938380906.6514,0.109,-2.182747608849111e-05,0.1138,ASK
202,1712602208.3381271,1501948779394.11,0.1091,-5.724999456856789e-05,0.1138,ASK
203,1712602208.3414114,1501967128017.9631,0.109,-0.0001010203282095,0.1138,ASK
204,1712602208.343967,1501968024093.256,0.109,-4.933439199332477e-06,0.1138,ASK
205,1712602208.346605,1501986970316.994,0.109,-0.0001043104788486,0.1138,ASK
206,1712602208.354571,1501990995316.994,0.109,-2.2160071746801183e-05,0.1138,ASK
207,1712602208.5940418,1501991059419.558,0.1092,3.529235831118071e-07,0.1138,BID
208,1712602219.1341324,1501992437949.7778,0.1091,7.589646850751361e-06,0.1138,BID
209,1712602219.3142507,1501992492844.5627,0.109,-3.022291607894566e-07,0.1138,ASK
210,1712602220.584211,1502003088589.6912,0.109,-5.833601795194071e-05,0.1138,ASK
211,1712602228.1543217,1502006544341.9033,0.109,-1.90260166361721e-05,0.1138,ASK
212,1712602228.3140745,1502006608444.4673,0.109,-3.5292358176766456e-07,0.1138,ASK
213,1712602229.133978,1502014439252.4614,0.109,-4.311335825728709e-05,0.1138,ASK
214,1712602230.5015175,1502014439252.4614,0.109,-0.0,0.1138,ASK
215,1712602246.8943198,1502014494247.8784,0.1091,3.027678578731756e-07,0.1138,BID
216,1712602248.6040373,1502015411679.071,0.109,-5.050760447496096e-06,0.1138,ASK
217,1712602252.5849366,1502015646350.726,0.109,-1.2919446416210714e-06,0.1138,ASK
218,1712602252.5890875,1502107450822.603,0.109,-0.0005054138110692,0.1138,ASK
219,1712602256.9944155,1502110670194.5684,0.109,-1.772370148187077e-05,0.1138,ASK
220,1712602256.9981046,1502176108076.9272,0.109,-0.0003602570641181,0.1138,ASK
221,1712602260.5272274,1502176108076.9272,0.109,-0.0,0.1138,ASK
222,1712602262.80066,1502181108076.9272,0.1089,-2.752397421813616e-05,0.1138,ASK
223,1712602262.8038847,1502194456700.7805,0.1089,-7.348143575700833e-05,0.1138,ASK
224,1712602265.424149,1502194520862.1003,0.1091,3.531949025286771e-07,0.1138,BID
225,1712602279.5139682,1502198892997.7556,0.1091,2.4067709810787985e-05,0.1138,BID
226,1712602281.4239192,1502198957159.0757,0.1089,-3.531949038726211e-07,0.1138,ASK
227,1712602286.9240117,1502199012154.493,0.1089,-3.027384878817232e-07,0.1138,ASK
228,1712602290.5147965,1502199012154.493,0.1089,-0.0,0.1138,ASK
229,1712602301.653906,1502223381241.6782,0.1089,-0.0001341449829692,0.1138,ASK
230,1712602310.593924,1502223436237.0952,0.1091,3.0273432975274605e-07,0.1138,BID
231,1712602320.750169,1502223436237.0952,0.1091,0.0,0.1138,BID
232,1712602326.8586872,1502223644089.1729,0.1091,1.1441505778121252e-06,0.1138,BID
233,1712602327.8360524,1502223708250.493,0.1091,3.531848815950136e-07,0.1138,BID
234,1712602332.1340158,1502224380812.2607,0.1091,3.7022094944517847e-06,0.1138,BID
235,1712602332.13759,1502225626064.425,0.1091,6.854663179279896e-06,0.1138,BID
236,1712602332.1536374,1502226358603.7466,0.1091,4.032364254098047e-06,0.1138,BID
237,1712602344.3777652,1502226422765.0664,0.1089,-3.531848802511077e-07,0.1138,ASK
238,1712602350.794974,1502226422765.0664,0.1089,-0.0,0.1138,ASK
239,1712602350.8738368,1502227339355.3506,0.1091,5.045489245557483e-06,0.1138,BID
240,1712602351.9635112,1502227394350.7676,0.1089,-3.0272935441091214e-07,0.1138,ASK
241,1712602352.4637663,1502243376536.2134,0.1089,-8.797599775941437e-05,0.1138,ASK
242,1712602352.4666033,1502261541511.4353,0.1089,-9.999144515268244e-05,0.1138,ASK
243,1712602359.8941574,1502263958427.483,0.1089,-1.3304225602317143e-05,0.1138,ASK
244,1712602360.3739908,1502267833807.88,0.1089,-2.133253041635825e-05,0.1138,ASK
245,1712602360.3776083,1502272776575.0728,0.1089,-2.7208098475550378e-05,0.1138,ASK
246,1712602380.4667566,1502272776575.0728,0.1089,-0.0,0.1138,ASK
247,1712602381.484677,1502273255077.7866,0.1089,-2.633906612720368e-06,0.1138,ASK
248,1712602381.4884503,1502308671513.4702,0.1089,-0.0001949489134389,0.1138,ASK
249,1712602381.4921565,1502310447026.6345,0.1089,-9.773269260364818e-06,0.1138,ASK
250,1712602381.4944506,1502310502022.0515,0.1089,-3.0272094240460644e-07,0.1138,ASK
251,1712602381.4961424,1502313004317.7356,0.1089,-1.3773826058413192e-05,0.1138,ASK
252,1712602381.6234686,1502314153884.5396,0.1089,6.327762662473645e-06,0.1138,BID
253,1712602384.5938046,1502314218045.8594,0.1091,3.531744328053742e-07,0.1138,BID
254,1712602400.404097,1502314282207.1792,0.1088,-3.531744328053742e-07,0.1138,ASK
255,1712602401.5435803,1502323078221.6377,0.1091,4.841744879684689e-05,0.1138,BID
256,1712602410.473817,1502323078221.6377,0.1091,0.0,0.1138,BID
257,1712602411.0433223,1502323124269.4316,0.1088,-2.5346132278155685e-07,0.1138,ASK
258,1712602423.5537302,1502324081737.5354,0.1091,5.270201052157097e-06,0.1138,BID
259,1712602424.3542242,1502324136732.9524,0.1088,-3.027118118691572e-07,0.1138,ASK
260,1712602439.59339,1502330904097.8855,0.1089,-3.724967301993676e-05,0.1138,ASK
261,1712602440.733455,1502330904097.8855,0.1089,-0.0,0.1138,ASK
262,1712602443.4636087,1502337671462.8188,0.1089,-3.724949824469351e-05,0.1138,ASK
263,1712602447.173605,1502344438827.7522,0.1089,-3.724949824603733e-05,0.1138,ASK
264,1712602447.7638474,1502344503047.9355,0.109,3.534861250429759e-07,0.1138,BID
265,1712602448.8037963,1502344558093.8071,0.109,3.029881079475904e-07,0.1138,BID
266,1712602464.3540905,1502344622313.9907,0.1089,-3.534861263867952e-07,0.1138,ASK
267,1712602466.143401,1502345518284.0518,0.1089,-4.9316736345282085e-06,0.1138,ASK
268,1712602470.3154304,1502391451199.9468,0.1088,-0.0002528278121422,0.1138,ASK
269,1712602470.325242,1502425366034.8088,0.1088,-0.0001866768814968,0.1138,ASK
270,1712602470.7632737,1502425366034.8088,0.1088,-0.0,0.1138,ASK
271,1712602476.0237093,1502438994301.9414,0.1088,-7.500960825845822e-05,0.1138,ASK
272,1712602476.0276968,1502444772159.547,0.1088,-3.1801169683705816e-05,0.1138,ASK
273,1712602482.3636053,1502450909725.0923,0.1088,-3.378099231131409e-05,0.1138,ASK
274,1712602482.367879,1502451793254.5042,0.1088,-4.862921632358302e-06,0.1138,ASK
275,1712602493.6941848,1502452102380.5862,0.1088,-1.7014214712759466e-06,0.1138,ASK
276,1712602493.698707,1502472780260.89,0.1088,-0.0001138104856698,0.1138,ASK
277,1712602493.7021725,1502478530364.912,0.1088,-3.164841472186364e-05,0.1138,ASK
278,1712602497.9236014,1502478585410.7837,0.1088,-3.0297096640748217e-07,0.1138,ASK
279,1712602500.538116,1502478585410.7837,0.1088,-0.0,0.1138,ASK
280,1712602506.6134305,1502478649630.9673,0.109,3.535721259826795e-07,0.1138,BID
281,1712602512.6935265,1502478834496.04,0.1088,-1.017797414081242e-06,0.1138,ASK
282,1712602521.6960056,1502478889541.9116,0.109,3.030618218868264e-07,0.1138,BID
283,1712602523.8336282,1502478953762.0952,0.1088,-3.535721259826795e-07,0.1138,ASK
284,1712602526.223799,1502480891148.256,0.1088,-1.0666517990695588e-05,0.1138,ASK
285,1712602530.5288043,1502480891148.256,0.1088,-0.0,0.1138,ASK
286,1712602544.8549635,1502506902238.1177,0.1088,-0.0001432070592677,0.1138,ASK
287,1712602558.7687066,1502525402278.3655,0.1088,-0.0001018541081629,0.1138,ASK
288,1712602560.7615793,1502525402278.3655,0.1088,-0.0,0.1138,ASK
289,1712602562.955068,1502525457324.237,0.1088,-3.0305332306334095e-07,0.1138,ASK
290,1712602567.3952458,1502525521544.4204,0.109,3.535622093444921e-07,0.1138,BID
291,1712602584.535417,1502525585764.604,0.1088,-3.535622106886007e-07,0.1138,ASK
292,1712602585.3753734,1502525640810.4756,0.109,3.0305332306334095e-07,0.1138,BID
293,1712602590.7571034,1502525640810.4756,0.109,0.0,0.1138,BID
294,1712602600.5462434,1502532169643.2986,0.109,3.594427961462983e-05,0.1138,BID
295,1712602600.5503316,1502557451492.2903,0.109,0.0001391884083997,0.1138,BID
296,1712602601.2356076,1502557569581.0564,0.109,6.501339113470843e-07,0.1138,BID
297,1712602620.5500824,1502557569581.0564,0.109,0.0,0.1138,BID
298,1712602624.126759,1502572282232.4326,0.109,8.099847810567152e-05,0.1138,BID
299,1712602625.396996,1502572346452.616,0.109,3.535553845442736e-07,0.1138,BID
300,1712602625.49623,1502664089571.716,0.109,0.0005050791209384,0.1138,BID
301,1712602625.6200435,1502668574357.1272,0.1089,-2.4690369100935524e-05,0.1138,ASK
302,1712602628.3264012,1502670647417.5112,0.1089,-1.1412948749621045e-05,0.1138,ASK
303,1712602632.9666507,1502670702463.3828,0.1089,-3.030474732345674e-07,0.1138,ASK
304,1712602641.2369466,1502670766683.5664,0.1089,-3.535553858883562e-07,0.1138,ASK
305,1712602650.5075254,1502670766683.5664,0.1089,-0.0,0.1138,ASK
306,1712602651.7470436,1502679936410.6294,0.109,5.047924208964082e-05,0.1138,BID
307,1712602656.627247,1502679991456.501,0.109,3.030268903902475e-07,0.1138,BID
308,1712602668.277449,1502681155599.2004,0.109,6.408592180487929e-06,0.1138,BID
309,1712602676.5474846,1502686933304.2004,0.109,3.1806199619041044e-05,0.1138,BID
310,1712602680.765237,1502686933304.2004,0.109,0.0,0.1138,BID
311,1712602687.8677866,1502686997524.3838,0.109,3.535279417646597e-07,0.1138,BID
312,1712602688.7881167,1502688461342.4055,0.109,8.058223215004971e-06,0.1138,BID
313,1712602690.0983891,1502727352697.2268,0.1089,-0.000214094384433,0.1138,ASK
314,1712602694.324399,1502732393154.2268,0.109,2.774738868406096e-05,0.1138,BID
315,1712602696.2156334,1502734381805.2268,0.109,1.0947394701303178e-05,0.1138,BID
316,1712602696.308358,1502743564541.6824,0.1089,-5.055036827333263e-05,0.1138,ASK
317,1712602696.311139,1502791189083.7942,0.1089,-0.0002621700137263,0.1138,ASK
318,1712602696.3135526,1502808402634.9617,0.1089,-9.47594821019308e-05,0.1138,ASK
319,1712602700.988659,1502808457680.8333,0.1088,-3.030239508519817e-07,0.1138,ASK
320,1712602704.559795,1502808521901.0168,0.1088,-3.53527943108638e-07,0.1138,ASK
321,1712602710.7480862,1502808521901.0168,0.1088,-0.0,0.1138,ASK
322,1712602717.9887164,1502809321901.0168,0.1089,-4.403627079410381e-06,0.1138,ASK
323,1712602724.1586998,1502809376946.8884,0.109,3.03001863385474e-07,0.1138,BID
324,1712602731.0688288,1502839376946.8884,0.1089,-0.0001651360154778,0.1138,ASK
325,1712602731.072602,1502841173591.633,0.1089,-9.88969181191025e-06,0.1138,ASK
326,1712602736.2688324,1502850347903.5596,0.1089,5.050031054319153e-05,0.1138,BID
327,1712602739.6296935,1502851214375.677,0.1088,-4.76952509984503e-06,0.1138,ASK
328,1712602739.633304,1502861460780.2876,0.1088,-5.640168101226827e-05,0.1138,ASK
329,1712602739.6365666,1502864134668.2654,0.1088,-1.471850688284497e-05,0.1138,ASK
330,1712602740.4991388,1502864134668.2654,0.1088,-0.0,0.1138,ASK
331,1712602744.669058,1502864198947.421,0.1089,3.538149936459019e-07,0.1138,BID
332,1712602760.539503,1502864263226.576,0.1088,-3.538149936459019e-07,0.1138,ASK
333,1712602763.18953,1502864318272.4475,0.1088,-3.0299176492255084e-07,0.1138,ASK
334,1712602770.5305853,1502864318272.4475,0.1088,-0.0,0.1138,ASK
335,1712602790.179848,1502866615132.951,0.1088,-1.2642723626028571e-05,0.1138,ASK
336,1712602793.7697392,1502868665491.7366,0.1088,-1.1285891947956154e-05,0.1138,ASK
337,1712602800.64598,1502868665491.7366,0.1088,-0.0,0.1138,ASK
338,1712602809.0601716,1502868729770.8916,0.1089,3.5388735741430054e-07,0.1138,BID
339,1712602825.69061,1502868784867.3103,0.1089,3.033320212168764e-07,0.1138,BID
340,1712602830.5347712,1502868784867.3103,0.1089,0.0,0.1138,BID
341,1712602832.110571,1502871410991.3406,0.1088,-1.445806228126758e-05,0.1138,ASK
342,1712602833.6005042,1502871475270.4958,0.1088,-3.538873334302732e-07,0.1138,ASK
343,1712602838.4408906,1502871567182.2605,0.1088,-5.060179954752376e-07,0.1138,ASK
344,1712602838.446142,1502884116170.7542,0.1088,-6.908815239364172e-05,0.1138,ASK
345,1712602839.9606452,1502885311656.2688,0.1088,-6.581716563227461e-06,0.1138,ASK
346,1712602839.9646945,1502899280678.514,0.1088,-7.690611383929477e-05,0.1138,ASK
347,1712602849.160939,1502902842288.4614,0.1088,-1.960835735443793e-05,0.1138,ASK
348,1712602860.7626958,1502902842288.4614,0.1088,-0.0,0.1138,ASK
349,1712602867.4112215,1502902906567.6165,0.1089,3.538801128430072e-07,0.1138,BID
350,1712602874.7112415,1502902961664.0352,0.1088,-3.033258115843274e-07,0.1138,ASK
351,1712602884.0916743,1502907102128.0337,0.1088,-2.2794759301926333e-05,0.1138,ASK
352,1712602884.0964262,1502908817870.0105,0.1088,-9.445783226072064e-06,0.1138,ASK
353,1712602886.4624658,1502908882149.1658,0.1088,-3.5388011418709e-07,0.1138,ASK
354,1712602887.38159,1502909795573.732,0.1089,5.028734251402277e-06,0.1138,BID
355,1712602887.6413944,1502926686594.6428,0.1088,-9.299120972039108e-05,0.1138,ASK
356,1712602888.6414676,1502932737765.568,0.1089,3.331389544266116e-05,0.1138,BID
357,1712602890.7614672,1502932737765.568,0.1089,0.0,0.1138,BID
358,1712602896.3118138,1502932792861.9866,0.1089,3.033203788832194e-07,0.1138,BID
359,1712602920.505669,1502932792861.9866,0.1089,0.0,0.1138,BID
360,1712602927.951889,1502932857141.1418,0.1089,3.538737643467725e-07,0.1138,BID
361,1712602934.502318,1502934719212.8608,0.1089,1.0251197699799574e-05,0.1138,BID
362,1712602935.3819742,1502936296227.8108,0.1089,8.681884732249599e-06,0.1138,BID
363,1712602941.7822702,1502936351324.2295,0.1088,-3.033203688640656e-07,0.1138,ASK
364,1712602946.3224218,1502936415603.3848,0.1088,-3.538737643467725e-07,0.1138,ASK
365,1712602950.557382,1502936415603.3848,0.1088,-0.0,0.1138,ASK
366,1712602964.9925325,1502938186120.998,0.1088,-9.747146944294618e-06,0.1138,ASK
367,1712602965.3931134,1502938241217.4167,0.1089,3.033197100984704e-07,0.1138,BID
368,1712602980.7631328,1502938241217.4167,0.1089,0.0,0.1138,BID
369,1712602984.8227868,1502938305496.572,0.1089,3.538726088197441e-07,0.1138,BID
370,1712603000.8434122,1502938369775.727,0.1088,-3.5387260747568974e-07,0.1138,ASK
371,1712603010.7521408,1502940476856.4,0.1088,-1.1599998965819782e-05,0.1138,ASK
372,1712603010.7775714,1502940476856.4,0.1088,-0.0,0.1138,ASK
373,1712603012.8949907,1502940531952.8186,0.1087,-3.033189722324472e-07,0.1138,ASK
374,1712603017.0135057,1502945531962.8186,0.1088,2.752625179828069e-05,0.1138,BID
375,1712603035.393366,1502945587109.8774,0.1088,3.0359775830575895e-07,0.1138,BID
376,1712603037.7041728,1502946902418.0652,0.1087,-7.24108639146431e-06,0.1138,ASK
377,1712603037.7089205,1502965761868.1804,0.1087,-0.0001038257868782,0.1138,ASK
378,1712603037.7135594,1502984127341.0913,0.1087,-0.0001011063241352,0.1138,ASK
379,1712603037.7158892,1503001095262.5007,0.1087,-9.341246861691038e-05,0.1138,ASK
380,1712603040.5312755,1503001095262.5007,0.1087,-0.0,0.1138,ASK
381,1712603047.5438917,1503001159600.736,0.1088,3.54184535800281e-07,0.1138,BID
382,1712603047.8035886,1503032210221.3623,0.1087,-0.0001709348973081,0.1138,ASK
383,1712603047.8075607,1503034144931.2751,0.1087,-1.0650654756750836e-05,0.1138,ASK
384,1712603053.047529,1503039144564.2751,0.1088,2.7523177836641755e-05,0.1138,BID
385,1712603065.034193,1503039208902.5105,0.1087,-3.54184535800281e-07,0.1138,ASK
386,1712603070.6275134,1503039208902.5105,0.1087,-0.0,0.1138,ASK
387,1712603078.1647153,1503048249359.283,0.1087,-4.976693769194139e-05,0.1138,ASK
388,1712603078.1686296,1503066931283.3535,0.1087,-0.000102842386683,0.1138,ASK
389,1712603078.172179,1503102152658.6985,0.1087,-0.0001938906447246,0.1138,ASK
390,1712603085.363947,1503102207805.757,0.1086,-3.035798201523879e-07,0.1138,ASK
391,1712603086.0939786,1503164421918.0745,0.1087,0.0003424833422884,0.1138,BID
392,1712603091.274498,1503201165675.2356,0.1087,-0.0002022712258053,0.1138,ASK
393,1712603100.7602625,1503201165675.2356,0.1087,-0.0,0.1138,ASK
394,1712603106.2740152,1503201230013.471,0.1088,3.54200560469076e-07,0.1138,BID
395,1712603106.5439775,1503201285160.5295,0.1088,3.036004788659913e-07,0.1138,BID
396,1712603111.6845448,1503202351512.8428,0.1088,5.870577347055677e-06,0.1138,BID
397,1712603111.6917422,1503219566562.1084,0.1088,9.477381630174049e-05,0.1138,BID
398,1712603111.8441958,1503239466710.5872,0.1088,0.0001095560626753,0.1138,BID
399,1712603116.1240983,1503243056959.9966,0.1087,-1.976535952677175e-05,0.1138,ASK
400,1712603123.7544005,1503243121298.232,0.1088,-3.54200560469076e-07,0.1138,ASK
401,1712603130.7690449,1503243121298.232,0.1088,-0.0,0.1138,ASK
402,1712603135.714601,1503243820254.8198,0.1088,-3.847861118929074e-06,0.1138,ASK
403,1712603135.7242014,1503261537504.4934,0.1088,-9.753612360831008e-05,0.1138,ASK
404,1712603135.774297,1503274885816.9172,0.1088,-7.348446708825286e-05,0.1138,ASK
405,1712603139.074393,1503283952000.0542,0.1088,-4.9910701457282655e-05,0.1138,ASK
406,1712603149.5346248,1503284007147.113,0.1088,-3.035928514044119e-07,0.1138,ASK
407,1712603152.9145217,1503315303741.952,0.1088,-0.0001722924606788,0.1138,ASK
408,1712603160.518741,1503315303741.952,0.1088,-0.0,0.1138,ASK
409,1712603162.6751792,1503322025402.775,0.1088,-3.700215380335039e-05,0.1138,ASK
410,1712603167.015002,1503322089681.93,0.1089,3.538511169331367e-07,0.1138,BID
411,1712603173.928099,1503322144778.3486,0.1089,3.033009567952717e-07,0.1138,BID
412,1712603184.2299836,1503322209057.504,0.1088,-3.538511169331367e-07,0.1138,ASK
413,1712603187.183755,1503322941788.9695,0.1089,4.033622509344255e-06,0.1138,BID
414,1712603187.1884053,1503328302030.1685,0.1089,2.950765807567463e-05,0.1138,BID
415,1712603187.190631,1503365345799.5234,0.1089,0.0002039227041163,0.1138,BID
416,1712603187.192894,1503368122739.7812,0.1089,1.5286812773185298e-05,0.1138,BID
417,1712603190.51391,1503368122739.7812,0.1089,0.0,0.1138,BID
418,1712603195.1455867,1503377121821.5076,0.1089,4.953758792201106e-05,0.1138,BID
419,1712603205.5551922,1503377265071.8418,0.1089,7.88555570725519e-07,0.1138,BID
420,1712603218.0256813,1503377320168.2605,0.1089,-3.032913544517665e-07,0.1138,ASK
421,1712603218.5048995,1503378753804.9785,0.1089,-7.89179464381572e-06,0.1138,ASK
422,1712603220.755047,1503378753804.9785,0.1089,-0.0,0.1138,ASK
423,1712603221.785237,1503378902581.8882,0.1089,8.189727017529403e-07,0.1138,BID
424,1712603225.175313,1503378966802.0715,0.109,3.535130362787892e-07,0.1138,BID
425,1712603225.4554172,1503381581136.836,0.1088,-1.4391136434202931e-05,0.1138,ASK
426,1712603225.4606917,1503408966802.0715,0.1089,-0.0001507499537216,0.1138,ASK
427,1712603232.0652132,1503410043026.035,0.1089,-5.924293284131162e-06,0.1138,ASK
428,1712603235.9952683,1503410774212.0818,0.109,4.024962030933621e-06,0.1138,BID
429,1712603236.0051005,1503453496521.4475,0.109,0.0002351736247543,0.1138,BID
430,1712603241.3854392,1503453560741.631,0.1089,-3.535130376227109e-07,0.1138,ASK
431,1712603244.8354363,1503453615787.5027,0.109,3.030111747212031e-07,0.1138,BID
432,1712603244.8954012,1503456009656.0664,0.1089,-1.317753547675596e-05,0.1138,ASK
433,1712603246.9854023,1503456552710.1426,0.1089,-2.989351405086889e-06,0.1138,ASK
434,1712603250.7866278,1503456552710.1426,0.1089,-0.0,0.1138,ASK
435,1712603250.8354137,1503475669039.6592,0.1089,-0.000105224806744,0.1138,ASK
436,1712603250.915453,1503495503750.4028,0.1089,-0.000109179097536,0.1138,ASK
437,1712603266.0556772,1503504686486.8584,0.1089,-5.0545878489861617e-05,0.1138,ASK
438,1712603280.5334888,1503504686486.8584,0.1089,-0.0,0.1138,ASK
439,1712603287.0157218,1503504741532.73,0.1089,-3.029882947347846e-07,0.1138,ASK
440,1712603287.595843,1503504805752.913,0.109,3.534863429613686e-07,0.1138,BID
441,1712603289.27081,1503505723184.106,0.109,5.04980491000671e-06,0.1138,BID
442,1712603304.8958504,1503505787404.2896,0.1089,-3.534863443051888e-07,0.1138,ASK
443,1712603310.5220385,1503505787404.2896,0.1089,-0.0,0.1138,ASK
444,1712603310.695942,1503505842450.1611,0.109,3.0298809462665055e-07,0.1138,BID
445,1712603340.8060377,1503505842450.1611,0.109,0.0,0.1138,BID
446,1712603344.9063509,1503505906670.3445,0.109,3.534860978277529e-07,0.1138,BID
447,1712603354.9964876,1503505961716.216,0.1089,-3.0298808462025626e-07,0.1138,ASK
448,1712603360.8795917,1503506025936.3997,0.1089,-3.534860991715721e-07,0.1138,ASK
449,1712603370.766028,1503506025936.3997,0.1089,-0.0,0.1138,ASK
450,1712603372.7162795,1503509694083.6848,0.1089,-2.0190520484382737e-05,0.1138,ASK
451,1712603381.5262911,1503509749129.5564,0.109,3.029880512855038e-07,0.1138,BID
452,1712603390.2580173,1503511583991.942,0.109,1.0099601706381216e-05,0.1138,BID
453,1712603391.7270274,1503515634269.5552,0.109,2.2293873926305137e-05,0.1138,BID
454,1712603400.5642412,1503515634269.5552,0.109,0.0,0.1138,BID
455,1712603403.427052,1503522012594.1543,0.109,3.511180535347866e-05,0.1138,BID
456,1712603404.592643,1503522196080.393,0.109,1.0100666706091798e-06,0.1138,BID
457,1712603408.346531,1503522260300.5764,0.109,3.535233339740345e-07,0.1138,BID
458,1712603414.6672742,1503524936400.543,0.1089,-1.473156464025074e-05,0.1138,ASK
459,1712603414.6706517,1503526756703.454,0.1089,-1.0020518790534202e-05,0.1138,ASK
460,1712603422.0369167,1503526811749.3257,0.1089,-3.0302000131715e-07,0.1138,ASK
461,1712603425.0064433,1503526994318.133,0.109,1.0050163374778875e-06,0.1138,BID
462,1712603428.7369516,1503527058538.317,0.1089,-3.535233353179953e-07,0.1138,ASK
463,1712603430.5283391,1503527058538.317,0.1089,-0.0,0.1138,ASK
464,1712603443.6468194,1503527113584.188,0.109,3.030179235839784e-07,0.1138,BID
465,1712603457.297489,1503527212074.8877,0.1089,-5.421741284530171e-07,0.1138,ASK
466,1712603457.3032565,1503529303030.9385,0.1089,-1.1510348467805174e-05,0.1138,ASK
467,1712603457.308992,1503580575436.665,0.1089,-0.0002822456533579,0.1138,ASK
468,1712603460.761086,1503580575436.665,0.1089,-0.0,0.1138,ASK
469,1712603461.0467591,1503599503862.3604,0.1089,0.0001041943402046,0.1138,BID
470,1712603465.5269823,1503599568141.5156,0.1089,3.538341899339467e-07,0.1138,BID
471,1712603472.927233,1503600966121.3137,0.1089,7.6953881440882e-06,0.1138,BID
472,1712603478.597996,1503613508388.7769,0.1088,-6.90407804656867e-05,0.1138,ASK
473,1712603478.6065028,1503663462268.8103,0.1088,-0.0002749785774344,0.1138,ASK
474,1712603481.4271212,1503663526547.9656,0.1088,-3.538341885900382e-07,0.1138,ASK
475,1712603483.2469666,1503663581593.8372,0.1088,-3.030082037883397e-07,0.1138,ASK
476,1712603490.8018262,1503663581593.8372,0.1088,-0.0,0.1138,ASK
477,1712603507.9070792,1503663636690.256,0.1089,3.03271368044671e-07,0.1138,BID
478,1712603520.525763,1503663636690.256,0.1089,0.0,0.1138,BID
479,1712603526.1985772,1503681976997.559,0.1088,-0.0001009519317885,0.1138,ASK
480,1712603526.93755,1503682041276.7144,0.1089,3.538165850388013e-07,0.1138,BID
481,1712603529.4672415,1503687550918.5876,0.1089,3.0327135820345408e-05,0.1138,BID
482,1712603544.1574154,1503687615197.743,0.1088,-3.538165836949597e-07,0.1138,ASK
483,1712603550.5552337,1503687615197.743,0.1088,-0.0,0.1138,ASK
484,1712603551.317547,1503687670294.1616,0.1088,-3.032670034815609e-07,0.1138,ASK
485,1712603552.5096672,1503696929553.421,0.1088,-5.096570455392181e-05,0.1138,ASK
486,1712603554.6073918,1503715503668.6292,0.1088,-0.0001022374297537,0.1138,ASK
487,1712603562.077277,1503717880859.2256,0.1088,-1.308476090979934e-05,0.1138,ASK
488,1712603563.2179663,1503724017458.6138,0.1088,-3.3777660030290424e-05,0.1138,ASK
489,1712603563.2237055,1503748335354.8127,0.1088,-0.0001338529010126,0.1138,ASK
490,1712603563.2292967,1503749335354.8127,0.1088,-5.504296091957938e-06,0.1138,ASK
491,1712603563.234387,1503794073413.5508,0.1088,-0.0002462515218735,0.1138,ASK
492,1712603574.257471,1503794128509.9695,0.1089,3.032670021377386e-07,0.1138,BID
493,1712603580.59485,1503794128509.9695,0.1089,0.0,0.1138,BID
494,1712603585.2277431,1503794192789.1248,0.1089,3.5378893589584533e-07,0.1138,BID
495,1712603599.418378,1503795538883.0168,0.1089,7.408826759973923e-06,0.1138,BID
496,1712603599.4253256,1503796821714.7446,0.1089,7.060635286434703e-06,0.1138,BID
497,1712603601.0874794,1503796885993.8997,0.1088,-3.537889345521088e-07,0.1138,ASK
498,1712603610.5154402,1503796885993.8997,0.1088,-0.0,0.1138,ASK
499,1712603612.8226037,1503805999313.445,0.1088,-5.015912673367692e-05,0.1138,ASK
500,1712603612.90753,1503808610771.3,0.1088,1.437329667361358e-05,0.1138,BID
501,1712603617.4410946,1503808665867.7188,0.1087,-3.032471575734074e-07,0.1138,ASK
502,1712603640.0976665,1503826941090.3184,0.1088,0.0001005856539861,0.1138,BID
503,1712603640.1022887,1503828699077.757,0.1088,9.675850198780144e-06,0.1138,BID
504,1712603640.7686224,1503828699077.757,0.1088,0.0,0.1138,BID
505,1712603640.920555,1503828754174.1758,0.1089,3.0324138066066165e-07,0.1138,BID
506,1712603647.7681675,1503828818453.331,0.1089,3.537816114426264e-07,0.1138,BID
507,1712603655.0878668,1503840573466.5498,0.1089,6.469760688932511e-05,0.1138,BID
508,1712603658.1583548,1503843338945.0735,0.1089,1.522072660168792e-05,0.1138,BID
509,1712603658.164231,1503926892395.59,0.1089,0.0004598640763016,0.1138,BID
510,1712603658.1699271,1503927524926.9497,0.1089,3.481345743511283e-06,0.1138,BID
511,1712603658.175068,1503938439904.1614,0.1089,6.00741906215781e-05,0.1138,BID
512,1712603665.057749,1503938504183.317,0.1089,-3.537816114426264e-07,0.1138,ASK
513,1712603670.779924,1503938504183.317,0.1089,-0.0,0.1138,ASK
514,1712603680.5179653,1503939421614.5093,0.109,5.049053999050345e-06,0.1138,BID
515,1712603681.2984626,1503981451727.8928,0.109,0.0002313114201535,0.1138,BID
516,1712603681.91815,1503981506824.3115,0.1089,-3.0322142457349373e-07,0.1138,ASK
517,1712603687.1985655,1503983521011.1262,0.1089,-1.1085014411230005e-05,0.1138,ASK
518,1712603687.2055354,1503987217319.666,0.1089,-2.034251894263225e-05,0.1138,ASK
519,1712603700.590281,1503987217319.666,0.1089,-0.0,0.1138,ASK
520,1712603706.2878582,1503987281598.8213,0.1089,3.537946934394252e-07,0.1138,BID
521,1712603708.6379051,1503987336695.24,0.1089,3.032525938007537e-07,0.1138,BID
522,1712603710.2388475,1503987520518.7695,0.1088,-1.0117710633293264e-06,0.1138,ASK
523,1712603710.2452312,1503991435215.4607,0.1088,-2.1546625960879152e-05,0.1138,ASK
524,1712603710.2523162,1503995102646.671,0.1088,-2.018566820309269e-05,0.1138,ASK
525,1712603717.6881428,1504001520809.6963,0.1089,3.532579123594474e-05,0.1138,BID
526,1712603717.7882342,1504002892862.08,0.1089,-7.551823766826618e-06,0.1138,ASK
527,1712603717.8079116,1504004371086.5703,0.1089,-8.13619871220117e-06,0.1138,ASK
528,1712603718.0080328,1504005735345.3318,0.1089,-7.508927400099408e-06,0.1138,ASK
529,1712603723.9883249,1504005799624.4868,0.1089,-3.537946920956667e-07,0.1138,ASK
530,1712603727.458123,1504027224882.5227,0.1089,-0.0001179253611286,0.1138,ASK
531,1712603728.408305,1504028581971.4592,0.1089,-7.469464435631011e-06,0.1138,ASK
532,1712603730.51818,1504028581971.4592,0.1089,-0.0,0.1138,ASK
533,1712603740.3080754,1504042696744.673,0.1089,-7.768627408194628e-05,0.1138,ASK
534,1712603747.4384432,1504048119993.1653,0.1089,-2.9849007305668804e-05,0.1138,ASK
535,1712603748.0406375,1504048175089.584,0.1089,-3.032450765803133e-07,0.1138,ASK
536,1712603760.7765102,1504048175089.584,0.1089,-0.0,0.1138,ASK
537,1712603766.9083428,1504048239309.7676,0.109,3.534571983651231e-07,0.1138,BID
538,1712603769.7782311,1504094152992.045,0.1089,-0.0002527012630008,0.1138,ASK
539,1712603774.888446,1504094208037.9165,0.109,3.029633125004743e-07,0.1138,BID
540,1712603784.048245,1504094272258.1,0.1089,-3.534571983651231e-07,0.1138,ASK
541,1712603790.8076873,1504094272258.1,0.1089,-0.0,0.1138,ASK
542,1712603796.8088915,1504095184666.859,0.109,5.021607158096125e-06,0.1138,BID
543,1712603805.0184226,1504150532424.1729,0.109,0.0003046164249967,0.1138,BID
544,1712603805.7782557,1504151482078.799,0.1089,-5.226596546269503e-06,0.1138,ASK
545,1712603805.7881434,1504155206449.933,0.1089,-2.0497752307731983e-05,0.1138,ASK
546,1712603807.638433,1504161588481.933,0.1089,-3.512467110503953e-05,0.1138,ASK
547,1712603810.0658104,1504165423954.2136,0.1089,-2.1109217626247542e-05,0.1138,ASK
548,1712603818.048361,1504166977986.682,0.1089,-8.552899661776321e-06,0.1138,ASK
549,1712603820.5463982,1504166977986.682,0.1089,-0.0,0.1138,ASK
550,1712603823.4086514,1504167755002.9165,0.1089,-4.276263356324689e-06,0.1138,ASK
551,1712603825.1185353,1504167810048.7878,0.1089,-3.029417316518919e-07,0.1138,ASK
552,1712603825.43846,1504167874268.9712,0.109,3.5343201936479817e-07,0.1138,BID
553,1712603826.4582446,1504167924268.9712,0.109,2.7517207280516733e-07,0.1138,BID
554,1712603841.0288794,1504167988489.1548,0.1089,-3.534320207084118e-07,0.1138,ASK
555,1712603850.5472522,1504167988489.1548,0.1089,-0.0,0.1138,ASK
556,1712603861.0583432,1504168038489.1548,0.109,2.7517190613848944e-07,0.1138,BID
557,1712603865.1584318,1504168549309.8071,0.1089,-2.8112698520067267e-06,0.1138,ASK
558,1712603870.2309678,1504168804720.133,0.1089,-1.4056349246597504e-06,0.1138,ASK
559,1712603870.5984824,1504169191700.9546,0.109,2.129725006006602e-06,0.1138,BID
560,1712603880.8022587,1504169191700.9546,0.109,0.0,0.1138,BID
561,1712603882.0988543,1504169246746.8262,0.109,3.0294132963749085e-07,0.1138,BID
562,1712603887.44109,1504169310967.0098,0.109,3.5343155169161e-07,0.1138,BID
563,1712603887.7795634,1504170110967.0098,0.109,4.402747322273385e-06,0.1138,BID
564,1712603887.787562,1504223330787.8137,0.109,0.0002928917794206,0.1138,BID
565,1712603887.7908716,1504359057259.0012,0.109,0.0007469616969779,0.1138,BID
566,1712603888.118938,1504361555303.5571,0.109,1.374782372430556e-05,0.1138,BID
567,1712603892.0285718,1504363147292.089,0.109,8.761404057844432e-06,0.1138,BID
568,1712603893.718555,1504398599492.5945,0.109,0.0001951088510546,0.1138,BID
569,1712603894.398614,1504409391581.8298,0.1089,-5.939355247834939e-05,0.1138,ASK
570,1712603904.8388567,1504409455802.0132,0.1089,-3.534315503479981e-07,0.1138,ASK
571,1712603910.7956867,1504409455802.0132,0.1089,-0.0,0.1138,ASK
572,1712603926.5143611,1504409510847.8848,0.1089,-3.0289767533083093e-07,0.1138,ASK
573,1712603931.5285408,1504409602591.0042,0.109,5.048294593325243e-07,0.1138,BID
574,1712603940.5163484,1504409602591.0042,0.109,0.0,0.1138,BID
575,1712603945.263741,1504409666811.1875,0.109,3.533805892219696e-07,0.1138,BID
576,1712603953.1690395,1504409721857.059,0.109,3.028976486722128e-07,0.1138,BID
577,1712603956.165646,1504409817962.5637,0.109,5.288340531792513e-07,0.1138,BID
578,1712603959.5703063,1504412234878.611,0.1091,1.329942040734986e-05,0.1138,BID
579,1712603959.5770285,1504417900593.5225,0.1091,3.11763929847452e-05,0.1138,BID
580,1712603959.5817618,1504459495708.5415,0.109,0.0002288829693034,0.1138,BID
581,1712603959.5846856,1504475506395.9392,0.1091,8.810105875223919e-05,0.1138,BID
582,1712603959.5876443,1504479421799.9363,0.1092,2.154506105961122e-05,0.1138,BID
583,1712603959.5905848,1504482755306.2678,0.1091,1.834308733132861e-05,0.1138,BID
584,1712603959.5935748,1504491971896.1296,0.109,5.071558170825003e-05,0.1138,BID
585,1712603959.5965588,1504495651761.393,0.1091,2.0248976057391788e-05,0.1138,BID
586,1712603959.5995235,1504538308301.1091,0.1092,0.00023472360795,0.1138,BID
587,1712603961.008942,1504538372521.2925,0.1089,-3.533805892219696e-07,0.1138,ASK
588,1712603970.5122936,1504538372521.2925,0.1089,-0.0,0.1138,ASK
589,1712603980.4689646,1504555159461.6594,0.109,-9.23653597530493e-05,0.1138,ASK
590,1712603980.6088486,1504564127256.2478,0.109,4.93427363915685e-05,0.1138,BID
591,1712603980.6288826,1504594035513.129,0.109,0.0001645616679396,0.1138,BID
592,1712603995.3590355,1504618119076.9814,0.109,0.0001325129529725,0.1138,BID
593,1712603996.888758,1504618174122.853,0.109,-3.028742355936687e-07,0.1138,ASK
594,1712604000.5690415,1504618174122.853,0.109,-0.0,0.1138,ASK
595,1712604008.6292064,1504618238225.417,0.1092,3.527866992774925e-07,0.1138,BID
596,1712604019.5289774,1504623872863.364,0.1091,3.10100751046965e-05,0.1138,BID
597,1712604020.668926,1504623927858.781,0.1091,3.026657661728437e-07,0.1138,BID
598,1712604028.6391735,1504623991961.345,0.109,-3.527866992774925e-07,0.1138,ASK
599,1712604030.5373034,1504623991961.345,0.109,-0.0,0.1138,ASK
600,1712604037.0091226,1504624451024.6477,0.109,-2.526433446460339e-06,0.1138,ASK
601,1712604037.014842,1504625447646.611,0.109,-5.484862429124195e-06,0.1138,ASK
602,1712604037.0889745,1504626447646.611,0.1089,-5.503453295900225e-06,0.1138,ASK
603,1712604037.0933232,1504631162342.546,0.1089,-2.5947108881622e-05,0.1138,ASK
604,1712604037.097186,1504686246835.411,0.1089,-0.0003031549338108,0.1138,ASK
605,1712604042.730116,1504688280758.6028,0.1089,-1.1193601294039864e-05,0.1138,ASK
606,1712604042.7358246,1504692301767.8064,0.1089,-2.212943635447065e-05,0.1138,ASK
607,1712604042.741083,1504693622762.2966,0.1089,-7.27003148114641e-06,0.1138,ASK
608,1712604060.8260243,1504693622762.2966,0.1089,-0.0,0.1138,ASK
609,1712604063.119239,1504693677757.714,0.1088,-3.026520798646422e-07,0.1138,ASK
610,1712604065.228989,1504693742036.869,0.1089,3.537425650933633e-07,0.1138,BID
611,1712604074.686179,1504694660310.5144,0.1089,5.0534652279034565e-06,0.1138,BID
612,1712604081.430995,1504694724589.6697,0.1088,-3.537425664369237e-07,0.1138,ASK
613,1712604088.0522227,1504696221630.1108,0.1088,-8.238548335985763e-06,0.1138,ASK
614,1712604088.058628,1504733911947.2063,0.1088,-0.000207418243792,0.1138,ASK
615,1712604088.0640986,1504756770347.8394,0.1088,-0.0001257948905846,0.1138,ASK
616,1712604088.6091275,1504756825494.8982,0.1088,3.034865975101703e-07,0.1138,BID
617,1712604090.8153045,1504756825494.8982,0.1088,0.0,0.1138,BID
618,1712604093.1291158,1504758242506.9805,0.1088,7.797839284645073e-06,0.1138,BID
619,1712604102.9296749,1504760999859.9216,0.1088,1.5173755647657787e-05,0.1138,BID
620,1712604117.8193612,1504761918977.5686,0.1088,5.057918548771426e-06,0.1138,BID
621,1712604120.5502975,1504761918977.5686,0.1088,0.0,0.1138,BID
622,1712604127.019327,1504761983315.804,0.1088,3.5405321903869734e-07,0.1138,BID
623,1712604128.8993108,1504762038462.8628,0.1087,-3.034741875555255e-07,0.1138,ASK
624,1712604133.2239175,1504762378651.2246,0.1088,1.8720560786669853e-06,0.1138,BID
625,1712604144.659203,1504762442989.4597,0.1087,-3.540532176951918e-07,0.1138,ASK
626,1712604149.4392512,1504765202879.0642,0.1087,-1.5187668628498768e-05,0.1138,ASK
627,1712604150.12303,1504787127180.0715,0.1087,-0.0001206493977399,0.1138,ASK
628,1712604150.547994,1504787127180.0715,0.1087,-0.0,0.1138,ASK
629,1712604160.9817946,1504789532052.1968,0.1087,-1.3233808382618378e-05,0.1138,ASK
630,1712604160.989071,1504792758304.7363,0.1087,-1.775379549464258e-05,0.1138,ASK
631,1712604160.995951,1504806638554.7207,0.1087,-7.638184445146436e-05,0.1138,ASK
632,1712604169.2198532,1504808283666.4094,0.1086,-9.052910808854475e-06,0.1138,ASK
633,1712604169.2293432,1504811785416.997,0.1086,-1.926983800684634e-05,0.1138,ASK
634,1712604170.8699615,1504812169116.3306,0.1086,-2.1114650557605822e-06,0.1138,ASK
635,1712604170.877964,1504814033618.436,0.1086,-1.026019776010212e-05,0.1138,ASK
636,1712604177.1694984,1504815157719.1555,0.1086,-6.185831407931351e-06,0.1138,ASK
637,1712604180.7598104,1504815157719.1555,0.1086,-0.0,0.1138,ASK
638,1712604182.3794818,1504815719769.5151,0.1086,-3.0928638599260966e-06,0.1138,ASK
639,1712604184.6794977,1504815784166.9392,0.1087,3.543676508283163e-07,0.1138,BID
640,1712604186.78945,1504815839364.7314,0.1087,3.037437016696016e-07,0.1138,BID
641,1712604200.779356,1504815903762.1555,0.1086,-3.543676508283163e-07,0.1138,ASK
642,1712604210.809191,1504815903762.1555,0.1086,-0.0,0.1138,ASK
643,1712604211.619588,1504820495279.481,0.1086,-2.5266297623967065e-05,0.1138,ASK
644,1712604212.1996272,1504822977617.4497,0.1086,-1.365986132170556e-05,0.1138,ASK
645,1712604212.2081125,1504914308693.352,0.1086,-0.000502578555738,0.1138,ASK
646,1712604223.8592682,1504956690764.9126,0.1086,-0.0002332209503024,0.1138,ASK
647,1712604225.869604,1504956745962.7048,0.1086,-3.0374356622850896e-07,0.1138,ASK
648,1712604233.4796145,1504998607127.1116,0.1086,-0.0002303544915155,0.1138,ASK
649,1712604238.7798195,1505001117527.664,0.1085,-1.381428469477002e-05,0.1138,ASK
650,1712604240.5074904,1505001117527.664,0.1085,-0.0,0.1138,ASK
651,1712604243.000522,1505010334117.5256,0.1085,-5.071163062066994e-05,0.1138,ASK
652,1712604243.0072725,1505012751753.4705,0.1085,-1.3302345319754236e-05,0.1138,ASK
653,1712604243.0129752,1505056301272.267,0.1085,-0.0002396186815397,0.1138,ASK
654,1712604243.0178614,1505215859339.2217,0.1085,-0.0008779222983205,0.1138,ASK
655,1712604245.0210843,1505221139339.2217,0.1085,2.9051678950533267e-05,0.1138,BID
656,1712604245.139245,1505222513087.8313,0.1085,7.5586559782948356e-06,0.1138,BID
657,1712604245.3894992,1505224102949.5825,0.1085,8.747756281269653e-06,0.1138,BID
658,1712604246.3586285,1505225393997.6067,0.1085,7.103619832385906e-06,0.1138,BID
659,1712604247.0695927,1505225458513.7356,0.1085,3.549814136582565e-07,0.1138,BID
660,1712604247.549632,1505226217208.4546,0.1085,4.174499128349021e-06,0.1138,BID
661,1712604248.2394598,1505230477981.024,0.1084,-2.344367362984591e-05,0.1138,ASK
662,1712604248.4655716,1505230533280.5632,0.1085,3.0426978447896184e-07,0.1138,BID
663,1712604249.7394948,1505230588580.1023,0.1085,3.042697831356484e-07,0.1138,BID
664,1712604258.55001,1505236948027.107,0.1085,3.499102512910855e-05,0.1138,BID
665,1712604262.631364,1505236995933.5068,0.1084,-2.635911647043085e-07,0.1138,ASK
666,1712604262.63735,1505238993269.7617,0.1084,-1.0989767353413497e-05,0.1138,ASK
667,1712604262.6419845,1505257443454.2634,0.1084,-0.000101516825138,0.1138,ASK
668,1712604262.6470263,1505280832498.2104,0.1084,-0.0001286914764599,0.1138,ASK
669,1712604262.6506867,1505281639229.5125,0.1083,-4.438806588088341e-06,0.1138,ASK
670,1712604262.653394,1505286979229.5125,0.1084,-2.938181166588024e-05,0.1138,ASK
671,1712604262.6561227,1505292423325.7097,0.1083,-2.9954571003556813e-05,0.1138,ASK
672,1712604262.6588128,1505348893640.7246,0.1084,-0.0003107116405394,0.1138,ASK
673,1712604262.661536,1505375009462.516,0.1083,-0.0001436947860244,0.1138,ASK
674,1712604264.5494187,1505375073978.6448,0.1083,-3.549814136582565e-07,0.1138,ASK
675,1712604264.631803,1505377838955.6033,0.1085,1.5213489186335316e-05,0.1138,BID
676,1712604270.54485,1505377838955.6033,0.1085,0.0,0.1138,BID
677,1712604271.8804526,1505378762316.6377,0.1083,-5.079386231075237e-06,0.1138,ASK
678,1712604271.8927214,1505394936459.8884,0.1083,-8.897356233083298e-05,0.1138,ASK
679,1712604271.8961737,1505395436459.8884,0.1083,-2.750487644081579e-06,0.1138,ASK
680,1712604271.8996828,1505455687481.2495,0.1083,-0.0003314393795939,0.1138,ASK
681,1712604274.7297316,1505455761213.9685,0.1085,4.056018637728343e-07,0.1138,BID
682,1712604294.4298646,1505455816513.5076,0.1084,-3.042013991726373e-07,0.1138,ASK
683,1712604295.1338022,1505465041605.7583,0.1085,5.074700450364751e-05,0.1138,BID
684,1712604295.1893995,1505474266698.0093,0.1085,5.0747004502304495e-05,0.1138,BID
685,1712604295.2947817,1505477238785.604,0.1085,1.63493804128471e-05,0.1138,BID
686,1712604295.299765,1505504003062.5625,0.1085,0.0001472296261542,0.1138,BID
687,1712604295.303124,1505517465498.0093,0.1085,7.40565247112139e-05,0.1138,BID
688,1712604295.309309,1505526690590.2605,0.1085,5.074700450364751e-05,0.1138,BID
689,1712604295.3495758,1505528107358.5403,0.1085,7.793607297494583e-06,0.1138,BID
690,1712604295.3695056,1505529516731.6963,0.1085,7.752926904331763e-06,0.1138,BID
691,1712604295.3895726,1505545490431.6963,0.1085,8.787092896053183e-05,0.1138,BID
692,1712604295.3943794,1505551064069.5967,0.1085,3.0660444353875406e-05,0.1138,BID
693,1712604295.9496567,1505560280659.4585,0.1085,-5.070023307098714e-05,0.1138,ASK
694,1712604295.9545708,1505569458970.261,0.1084,-5.048966091157974e-05,0.1138,ASK
695,1712604295.9596708,1505603990037.098,0.1085,-0.0001899545453437,0.1138,ASK
696,1712604295.963121,1505713897489.058,0.1084,-0.000604598177218,0.1138,ASK
697,1712604300.7794092,1505713897489.058,0.1084,-0.0,0.1138,ASK
698,1712604300.9895177,1505713971018.47,0.1088,4.045075213070657e-07,0.1138,BID
699,1712604305.670262,1505714035356.705,0.1088,3.539440796327047e-07,0.1138,BID
700,1712604313.7595415,1505714954474.3523,0.1088,5.05634401029441e-06,0.1138,BID
701,1712604318.639978,1505724179566.6033,0.1085,-5.075002105430827e-05,0.1138,ASK
702,1712604318.6471171,1505769907223.3018,0.1085,-0.0002515616621575,0.1138,ASK
703,1712604318.653004,1505810672384.0127,0.1085,-0.0002242614716555,0.1138,ASK
704,1712604318.6797245,1505841141306.7478,0.1085,0.0001676187541804,0.1138,BID
705,1712604318.6872573,1505890934812.123,0.1085,0.0002739291247622,0.1138,BID
706,1712604318.80423,1505893830032.7112,0.1088,1.5927483629136818e-05,0.1138,BID
707,1712604319.0592842,1505893885179.77,0.1088,3.033806406445265e-07,0.1138,BID
708,1712604323.0934305,1505893949518.0054,0.1086,-3.539440809757961e-07,0.1138,ASK
709,1712604330.7643037,1505893949518.0054,0.1086,-0.0,0.1138,ASK
710,1712604357.909968,1505894869481.2068,0.1087,5.060451771605021e-06,0.1138,BID
711,1712604357.989525,1505895881440.7285,0.1087,-5.566496949705586e-06,0.1138,ASK
712,1712604358.350536,1505895881440.7285,0.1087,-0.0,0.1138,ASK
713,1712604360.6177464,1505895881440.7285,0.1087,-0.0,0.1138,ASK
714,1712604363.790061,1505895936587.787,0.1086,-3.033476856073951e-07,0.1138,ASK
715,1712604367.3200984,1505901189687.417,0.1086,-2.889574993888456e-05,0.1138,ASK
716,1712604367.4597902,1505901254025.652,0.1088,3.539056336562761e-07,0.1138,BID
717,1712604374.9700167,1505904732509.5908,0.1088,1.9134113026891503e-05,0.1138,BID
718,1712604374.9775589,1505942744089.4438,0.1088,0.0002090904767857,0.1138,BID
719,1712604379.8300424,1505957151062.59,0.1087,7.924850521429568e-05,0.1138,BID
720,1712604384.8198266,1505957215400.8254,0.1086,-3.539056349992216e-07,0.1138,ASK
721,1712604388.3199065,1505957270598.6174,0.1087,3.0362675505174e-07,0.1138,BID
722,1712604390.5531423,1505957270598.6174,0.1087,0.0,0.1138,BID
723,1712604402.1313295,1505957388252.7114,0.1087,6.471566628395407e-07,0.1138,BID
724,1712604403.7497776,1505966587884.726,0.1087,5.060260082618275e-05,0.1138,BID
725,1712604404.3396564,1505966705538.8198,0.1087,6.471566614966446e-07,0.1138,BID
726,1712604406.6399293,1505966802555.629,0.1087,5.336412212565675e-07,0.1138,BID
727,1712604416.16011,1505986458058.805,0.1086,-0.0001081151484831,0.1138,ASK
728,1712604416.1675792,1506038560120.3728,0.1086,-0.0002865875308427,0.1138,ASK
729,1712604420.530424,1506038560120.3728,0.1086,-0.0,0.1138,ASK
730,1712604425.1598752,1506038624517.7969,0.1087,3.542010042302387e-07,0.1138,BID
731,1712604434.889869,1506038679715.5889,0.1086,-3.036008603851101e-07,0.1138,ASK
732,1712604435.5996945,1506039737804.68,0.1086,-5.819739283352742e-06,0.1138,ASK
733,1712604440.9997642,1506039802202.104,0.1086,-3.542010042302387e-07,0.1138,ASK
734,1712604447.1399257,1506040170187.3848,0.1087,2.024005740376837e-06,0.1138,BID
735,1712604447.479627,1506040517711.2769,0.1086,-1.9114632820420063e-06,0.1138,ASK
736,1712604449.569735,1506043517711.2769,0.1087,1.6500706790667312e-05,0.1138,BID
737,1712604450.5368392,1506043517711.2769,0.1087,0.0,0.1138,BID
738,1712604456.5701945,1506044437674.4785,0.1087,5.0599993558912296e-06,0.1138,BID
739,1712604459.8703067,1506059889214.2468,0.1086,-8.498685722873221e-05,0.1138,ASK
740,1712604462.759938,1506062647669.4258,0.1087,1.5172108409966235e-05,0.1138,BID
741,1712604471.6202388,1506062694403.5564,0.1087,2.570479671192095e-07,0.1138,BID
742,1712604480.770043,1506062694403.5564,0.1087,0.0,0.1138,BID
743,1712604487.4700727,1506062758800.9807,0.1087,3.541958980818013e-07,0.1138,BID
744,1712604493.6497698,1506062813998.7727,0.1087,3.035964825354736e-07,0.1138,BID
745,1712604504.9703414,1506062878396.1968,0.1086,-3.541958967389897e-07,0.1138,ASK
746,1712604507.380043,1506073493444.1172,0.1087,5.838442253338947e-05,0.1138,BID
747,1712604507.3890347,1506088532542.4448,0.1087,8.271739118517385e-05,0.1138,BID
748,1712604510.7797985,1506088532542.4448,0.1087,0.0,0.1138,BID
749,1712604519.020285,1506088944983.8855,0.1087,2.268457339525737e-06,0.1138,BID
750,1712604519.6500711,1506091723018.78,0.1087,-1.5279390052712304e-05,0.1138,ASK
751,1712604523.399778,1506107378034.5989,0.1087,-8.610370353822202e-05,0.1138,ASK
752,1712604531.600731,1506129389547.245,0.1087,-0.0001210648894418,0.1138,ASK
753,1712604531.6092148,1506143714111.6567,0.1086,-7.878612590908115e-05,0.1138,ASK
754,1712604531.6133282,1506162863599.97,0.1086,-0.0001053235514873,0.1138,ASK
755,1712604537.2634292,1506162918797.762,0.1086,-3.035917927299546e-07,0.1138,ASK
756,1712604540.5676026,1506162918797.762,0.1086,-0.0,0.1138,ASK
757,1712604545.2704008,1506162983135.9973,0.1088,3.538491531185053e-07,0.1138,BID
758,1712604560.47174,1506163038283.0562,0.1088,3.0329927390975725e-07,0.1138,BID
759,1712604560.8700914,1506164784992.422,0.1088,9.60659903887933e-06,0.1138,BID
760,1712604561.1098936,1506166626613.048,0.1088,1.0128594533352435e-05,0.1138,BID
761,1712604561.254811,1506166690951.2834,0.1086,-3.538491531185053e-07,0.1138,ASK
762,1712604570.5351164,1506166690951.2834,0.1086,-0.0,0.1138,ASK
763,1712604600.657222,1506166690951.2834,0.1086,-0.0,0.1138,ASK
764,1712604604.7506845,1506167609224.929,0.1089,5.051697421912082e-06,0.1138,BID
765,1712604604.757793,1506168527498.5747,0.1089,5.051697423255173e-06,0.1138,BID
766,1712604604.910813,1506168582645.6333,0.1086,-3.0338043031826424e-07,0.1138,ASK
767,1712604609.030942,1506168646924.7886,0.1089,3.536188200173583e-07,0.1138,BID
768,1712604613.5400977,1506171404277.7295,0.1088,1.5169021579038464e-05,0.1138,BID
769,1712604628.800737,1506192432205.8225,0.1086,-0.0001156809091198,0.1138,ASK
770,1712604628.809038,1506192524202.1423,0.1087,-5.060992169253929e-07,0.1138,ASK
771,1712604628.815069,1506193629174.518,0.1086,-6.078782865084473e-06,0.1138,ASK
772,1712604628.8186986,1506239680320.216,0.1086,-0.0002533410984151,0.1138,ASK
773,1712604628.9202833,1506239735568.8347,0.1086,3.039391425155239e-07,0.1138,BID
774,1712604629.3002477,1506239799847.99,0.1085,-3.536188200173583e-07,0.1138,ASK
775,1712604630.5693126,1506239799847.99,0.1085,-0.0,0.1138,ASK
776,1712604648.1802645,1506240500814.246,0.1085,-3.856056158478357e-06,0.1138,ASK
777,1712604660.8320675,1506240500814.246,0.1085,-0.0,0.1138,ASK
778,1712604664.9601538,1506240565270.968,0.1086,3.54580029177184e-07,0.1138,BID
779,1712604672.5229669,1506240843721.8452,0.1085,-1.5317738354379393e-06,0.1138,ASK
780,1712604674.380671,1506240898970.464,0.1085,-3.039257398703139e-07,0.1138,ASK
781,1712604681.3902235,1506240963427.186,0.1085,-3.54580029177184e-07,0.1138,ASK
782,1712604690.8054037,1506240963427.186,0.1085,-0.0,0.1138,ASK
783,1712604695.3202596,1506250171530.317,0.1086,5.065427588665577e-05,0.1138,BID
784,1712604697.7501383,1506250226778.9355,0.1086,3.0392565594041485e-07,0.1138,BID
785,1712604704.9006512,1506251609802.8374,0.1085,-7.608089667187002e-06,0.1138,ASK
786,1712604708.6801913,1506252530613.1504,0.1086,5.065427588262668e-06,0.1138,BID
787,1712604716.4506736,1506255293044.0896,0.1086,1.5196282766131034e-05,0.1138,BID
788,1712604720.5187109,1506255293044.0896,0.1086,0.0,0.1138,BID
789,1712604727.9106462,1506255357500.8115,0.1086,3.54576896094864e-07,0.1138,BID
790,1712604732.590655,1506256346658.2002,0.1086,5.441361989197235e-06,0.1138,BID
791,1712604733.6503546,1506257267468.5132,0.1086,5.0653842287754695e-06,0.1138,BID
792,1712604734.3931658,1506257605380.7131,0.1086,1.858857469557112e-06,0.1138,BID
793,1712604736.343799,1506258602885.9526,0.1085,-5.487283577327174e-06,0.1138,ASK
794,1712604741.2605944,1506258658134.5715,0.1085,-3.0392305437117746e-07,0.1138,ASK
795,1712604745.4603996,1506258722591.2937,0.1085,-3.54576896094864e-07,0.1138,ASK
796,1712604746.5007577,1506277661697.1177,0.1085,-0.0001041841588825,0.1138,ASK
797,1712604746.5075405,1506291446791.204,0.1085,-7.58319028280212e-05,0.1138,ASK
798,1712604746.5121112,1506304562182.3296,0.1085,-7.214786196917364e-05,0.1138,ASK
799,1712604746.5152423,1506314700431.1775,0.1085,-5.5770580648835474e-05,0.1138,ASK
800,1712604746.5183222,1506317467958.853,0.1084,-1.522418986993584e-05,0.1138,ASK
801,1712604746.5216286,1506363517728.4382,0.1085,-0.0002533201174068,0.1138,ASK
802,1712604746.5247643,1506364541170.4382,0.1084,-5.629961885464244e-06,0.1138,ASK
803,1712604746.527912,1506366384488.4104,0.1085,-1.0140105571294614e-05,0.1138,ASK
804,1712604746.5310776,1506377435922.1963,0.1084,-6.079401763427681e-05,0.1138,ASK
805,1712604746.5342798,1506418808583.702,0.1085,-0.0002275913118445,0.1138,ASK
806,1712604746.537444,1506454557763.7026,0.1084,-0.0001966564991854,0.1138,ASK
807,1712604746.5802443,1506465994911.3325,0.1086,6.291583229268824e-05,0.1138,BID
808,1712604750.5602794,1506465994911.3325,0.1086,0.0,0.1138,BID
809,1712604754.3716805,1506475177647.7876,0.1083,-5.050794920243893e-05,0.1138,ASK
810,1712604754.379247,1506475477647.7876,0.1085,-1.6500947004691e-06,0.1138,ASK
811,1712604754.3860135,1506486540959.7178,0.1083,-6.085170795206542e-05,0.1138,ASK
812,1712604754.3891134,1506488006527.5847,0.1083,-8.061085901403467e-06,0.1138,ASK
813,1712604754.3922422,1506488929888.619,0.1083,-5.078777163731899e-06,0.1138,ASK
814,1712604754.395393,1506498146478.4807,0.1084,-5.069415362460162e-05,0.1138,ASK
815,1712604754.398575,1506501447111.8374,0.1083,-1.815452536688268e-05,0.1138,ASK
816,1712604755.434768,1506501502360.4563,0.1086,3.0388484416441946e-07,0.1138,BID
817,1712604761.8405244,1506501549321.7822,0.1086,2.583021168011888e-07,0.1138,BID
818,1712604768.7306082,1506501604570.401,0.1086,3.0388484282156895e-07,0.1138,BID
819,1712604780.5851903,1506501604570.401,0.1086,0.0,0.1138,BID
820,1712604781.7007954,1506502525380.714,0.1086,5.064639932974822e-06,0.1138,BID
821,1712604781.8335326,1506525328141.3962,0.1086,-0.000125419720732,0.1138,ASK
822,1712604781.9103396,1506525328141.3962,0.1086,-0.0,0.1138,ASK
823,1712604784.880353,1506525392598.1182,0.1086,3.545247952948093e-07,0.1138,BID
824,1712604787.4903326,1506527017022.0813,0.1085,8.934655002823523e-06,0.1138,BID
825,1712604787.6306367,1506530058496.7358,0.1085,1.672871575085314e-05,0.1138,BID
826,1712604798.4505253,1506530979307.0488,0.1085,5.064639931632e-06,0.1138,BID
827,1712604800.430372,1506598924090.4597,0.1085,0.0003737098274788,0.1138,BID
828,1712604800.6202972,1506598924090.4597,0.1085,0.0,0.1138,BID
829,1712604803.6910188,1506598988547.1814,0.1084,-3.545247952948093e-07,0.1138,ASK
830,1712604810.534617,1506598988547.1814,0.1084,-0.0,0.1138,ASK
831,1712604812.6604695,1506599043795.8003,0.1085,-3.038607334100851e-07,0.1138,ASK
832,1712604828.8504884,1506599113374.6262,0.1087,3.826751419040333e-07,0.1138,BID
833,1712604836.861116,1506599168572.4185,0.1087,3.035811929158549e-07,0.1138,BID
834,1712604840.931031,1506599168572.4185,0.1087,0.0,0.1138,BID
835,1712604847.320989,1506599232969.8423,0.1087,3.5417801918573535e-07,0.1138,BID
836,1712604851.0806155,1506599664290.5208,0.1087,2.372211398942277e-06,0.1138,BID
837,1712604860.0204768,1506600096436.0088,0.1086,-2.376747752849231e-06,0.1138,ASK
838,1712604863.880751,1506600096436.0088,0.1086,-0.0,0.1138,ASK
839,1712604863.887805,1506600160833.4329,0.1085,-3.5417801918573535e-07,0.1138,ASK
840,1712604870.7803316,1506600160833.4329,0.1085,-0.0,0.1138,ASK
841,1712604874.1804776,1506600216031.2249,0.1085,-3.035809789247542e-07,0.1138,ASK
842,1712604879.140895,1506621436477.5444,0.1085,-0.0001167098109255,0.1138,ASK
843,1712604879.1497707,1506622450302.4294,0.1085,-5.5759105562248364e-06,0.1138,ASK
844,1712604879.8003886,1506674694772.5288,0.1085,-0.0002873380764653,0.1138,ASK
845,1712604884.6464512,1506683911362.3906,0.1085,-5.069009595518252e-05,0.1138,ASK
846,1712604884.65651,1506690323952.643,0.1085,-3.526844745085154e-05,0.1138,ASK
847,1712604893.4726267,1506690507623.4573,0.1086,1.0101665948044092e-06,0.1138,BID
848,1712604900.5252788,1506690507623.4573,0.1086,0.0,0.1138,BID
849,1712604902.2807226,1506690590627.0005,0.1085,4.566172037949913e-07,0.1138,BID
850,1712604903.4463124,1506690639936.3928,0.1086,2.712597074395424e-07,0.1138,BID
851,1712604903.8049097,1506691560286.3008,0.1086,5.063007977952725e-06,0.1138,BID
852,1712604906.190968,1506691624743.0227,0.1086,3.5458785241446e-07,0.1138,BID
853,1712604910.3714814,1506744464731.868,0.1086,0.0002906821446546,0.1138,BID
854,1712604921.5713303,1506748442043.1558,0.1085,-2.187989438256332e-05,0.1138,ASK
855,1712604921.5777895,1506778442043.1558,0.1085,-0.0001650353175733,0.1138,ASK
856,1712604921.5834486,1506800178637.63,0.1084,-0.0001195768590679,0.1138,ASK
857,1712604921.587886,1506801528529.2354,0.1084,-7.42599299192649e-06,0.1138,ASK
858,1712604921.5911286,1506841145109.1514,0.1084,-0.0002179378282536,0.1138,ASK
859,1712604923.2605145,1506841209565.8733,0.1084,-3.5458785241446e-07,0.1138,ASK
860,1712604925.3303542,1506873020247.6885,0.1084,-0.0001749961991864,0.1138,ASK
861,1712604930.5196028,1506873020247.6885,0.1084,-0.0,0.1138,ASK
862,1712604935.5608,1506873075496.3071,0.1086,3.038993448620438e-07,0.1138,BID
863,1712604959.8209715,1506873411240.0376,0.1086,1.8467846295495271e-06,0.1138,BID
864,1712604960.7706118,1506873411240.0376,0.1086,0.0,0.1138,BID
865,1712604967.4108644,1506873475696.7595,0.1086,3.545491537576432e-07,0.1138,BID
866,1712604973.371039,1506873530945.3782,0.1084,-3.038992738820288e-07,0.1138,ASK
867,1712604983.83067,1506873595402.1,0.1084,-3.545491537576432e-07,0.1138,ASK
868,1712604990.7706065,1506873595402.1,0.1084,-0.0,0.1138,ASK
869,1712604999.8808076,1506873650650.719,0.1086,3.0389924183254065e-07,0.1138,BID
870,1712605011.7708216,1506892100976.5356,0.1085,0.0001014874242874,0.1138,BID
871,1712605011.790426,1506892100976.5356,0.1085,0.0,0.1138,BID
872,1712605017.8717017,1506899915207.866,0.1084,-4.2982775392782415e-05,0.1138,ASK
873,1712605017.8801184,1506900718011.7502,0.1084,-4.415883992126871e-06,0.1138,ASK
874,1712605017.8871925,1506901347411.3362,0.1085,-3.462060424252389e-06,0.1138,ASK
875,1712605020.6330328,1506901347411.3362,0.1085,-0.0,0.1138,ASK
876,1712605024.7208889,1506901411927.465,0.1085,3.5487001282941746e-07,0.1138,BID
877,1712605026.120766,1506902471417.0408,0.1085,5.827706717376059e-06,0.1138,BID
878,1712605028.8908296,1506903530906.6162,0.1085,5.827706717376059e-06,0.1138,BID
879,1712605030.6612587,1506914275688.1013,0.1085,5.910151141555695e-05,0.1138,BID
880,1712605030.665967,1506915500303.2842,0.1086,6.73597767528909e-06,0.1138,BID
881,1712605033.630796,1506916911164.205,0.1084,-7.760419598836408e-06,0.1138,ASK
882,1712605033.639541,1506920123520.6843,0.1084,-1.7669519235199104e-05,0.1138,ASK
883,1712605040.4109402,1506920188036.8137,0.1085,-3.5487001282941746e-07,0.1138,ASK
884,1712605048.3607852,1506920243285.4324,0.1085,-3.038942099408997e-07,0.1138,ASK
885,1712605050.556697,1506920243285.4324,0.1085,-0.0,0.1138,ASK
886,1712605056.60142,1506930261769.5325,0.1085,-5.510590207448554e-05,0.1138,ASK
887,1712605056.6106353,1506934788513.4937,0.1083,-2.489900736965912e-05,0.1138,ASK
888,1712605056.616881,1506939677812.3867,0.1084,-2.6893212917469383e-05,0.1138,ASK
889,1712605056.62093,1506948885915.517,0.1083,-5.064846381325301e-05,0.1138,ASK
890,1712605061.4109375,1506948941215.0566,0.1085,3.041708673037868e-07,0.1138,BID
891,1712605062.5804603,1506951479162.592,0.1085,1.395978542847541e-05,0.1138,BID
892,1712605072.4006822,1506951534411.211,0.1086,3.038907834999272e-07,0.1138,BID
893,1712605080.7606528,1506951534411.211,0.1086,0.0,0.1138,BID
894,1712605087.8409283,1506951598867.9329,0.1086,3.5453263235476525e-07,0.1138,BID
895,1712605104.305767,1506951663324.6548,0.1085,-3.5453263235476525e-07,0.1138,ASK
896,1712605108.5808172,1506952584983.6409,0.1085,-5.069419863702131e-06,0.1138,ASK
897,1712605110.804282,1506952584983.6409,0.1085,-0.0,0.1138,ASK
898,1712605120.5212924,1506952640232.2598,0.1085,-3.038849234862713e-07,0.1138,ASK
899,1712605131.8010535,1506952732313.291,0.1086,5.06474871134268e-07,0.1138,BID
900,1712605140.5288491,1506952732313.291,0.1086,0.0,0.1138,BID
901,1712605145.3536088,1506952796770.013,0.1086,3.5453237887268336e-07,0.1138,BID
902,1712605149.1408684,1506952852018.6316,0.1086,3.0388489540924245e-07,0.1138,BID
903,1712605160.6268177,1506952916475.3535,0.1085,-3.5453237887268336e-07,0.1138,ASK
904,1712605163.310778,1506962916475.3535,0.1085,-5.500316620067226e-05,0.1138,ASK
905,1712605170.5376737,1506962916475.3535,0.1085,-0.0,0.1138,ASK
906,1712605173.2111664,1506963416475.3535,0.1085,-2.750141595183391e-06,0.1138,ASK
907,1712605173.2208776,1506964624728.4663,0.1085,-6.645734286003505e-06,0.1138,ASK
908,1712605173.2283795,1506966974889.1846,0.1085,-1.2926549493315254e-05,0.1138,ASK
909,1712605182.3910918,1506974890009.965,0.1085,-4.353540578014648e-05,0.1138,ASK
910,1712605182.399211,1506976906181.5066,0.1085,-1.1089514437286976e-05,0.1138,ASK
911,1712605190.1840403,1506976961430.1252,0.1084,-3.03883048464471e-07,0.1138,ASK
912,1712605194.59114,1506981573976.2507,0.1084,-2.5370309918814624e-05,0.1138,ASK
913,1712605194.5992596,1506988677297.284,0.1084,-3.907027727470595e-05,0.1138,ASK
914,1712605194.6069806,1507038016779.3442,0.1084,-0.0002713811237976,0.1138,ASK
915,1712605195.070868,1507039677295.9492,0.1084,9.13331156969899e-06,0.1138,BID
916,1712605195.2175925,1507042859952.776,0.1084,1.7505513844384942e-05,0.1138,BID
917,1712605200.577899,1507042859952.776,0.1084,0.0,0.1138,BID
918,1712605204.871177,1507042909952.776,0.1084,2.751110364424256e-07,0.1138,BID
919,1712605208.8209753,1507042974528.4216,0.1084,3.553094566351748e-07,0.1138,BID
920,1712605211.3308449,1507044669639.1228,0.1084,9.326873237680825e-06,0.1138,BID
921,1712605211.3707678,1507047990672.333,0.1084,1.8273057770384697e-05,0.1138,BID
922,1712605214.0610414,1507048042425.1006,0.1084,2.847551505436386e-07,0.1138,BID
923,1712605223.440935,1507048097775.654,0.1084,3.045509626382476e-07,0.1138,BID
924,1712605228.035539,1507048162351.2998,0.1083,-3.553094566351748e-07,0.1138,ASK
925,1712605230.5383308,1507048162351.2998,0.1083,-0.0,0.1138,ASK
926,1712605241.8012502,1507049085712.334,0.1083,-5.0805201551724985e-06,0.1138,ASK
927,1712605241.811118,1507063833981.6697,0.1083,-8.114797662050936e-05,0.1138,ASK
928,1712605241.8155775,1507064110989.98,0.1083,-1.5241560468204115e-06,0.1138,ASK
929,1712605241.819936,1507110370810.6533,0.1083,-0.0002545309392597,0.1138,ASK
930,1712605241.9062386,1507117094853.816,0.1083,3.699705266659467e-05,0.1138,BID
931,1712605241.915516,1507117094853.816,0.1083,0.0,0.1138,BID
932,1712605247.191497,1507137085982.7866,0.1083,0.0001099952563522,0.1138,BID
933,1712605247.1986716,1507137085982.7866,0.1083,0.0,0.1138,BID
934,1712605258.731033,1507139345250.983,0.1082,-1.2430952987033618e-05,0.1138,ASK
935,1712605260.8097477,1507139345250.983,0.1082,-0.0,0.1138,ASK
936,1712605261.1848342,1507150662056.348,0.1083,6.226398111565618e-05,0.1138,BID
937,1712605261.2006462,1507150662056.348,0.1083,0.0,0.1138,BID
938,1712605265.2110658,1507150726631.9937,0.1084,3.552890288263469e-07,0.1138,BID
939,1712605265.7312005,1507150781982.5474,0.1083,-3.045334544310731e-07,0.1138,ASK
940,1712605270.1710553,1507151217693.2012,0.1083,-2.397238358801325e-06,0.1138,ASK
941,1712605280.5511973,1507151282268.847,0.1083,-3.552890288263469e-07,0.1138,ASK
942,1712605281.4714887,1507156846582.2683,0.1083,-3.061432043844642e-05,0.1138,ASK
943,1712605281.4806056,1507165533089.5923,0.1083,-4.77923327777374e-05,0.1138,ASK
944,1712605281.4876273,1507166533089.5923,0.1083,-5.501904389637496e-06,0.1138,ASK
945,1712605290.7797945,1507166533089.5923,0.1083,-0.0,0.1138,ASK
946,1712605291.4810932,1507170834381.1057,0.1084,2.366491128272064e-05,0.1138,BID
947,1712605294.3909628,1507171018882.9504,0.1084,1.0150950661203017e-06,0.1138,BID
948,1712605297.891621,1507171074233.5042,0.1084,3.045285210449855e-07,0.1138,BID
949,1712605303.1112163,1507171996742.729,0.1084,5.075475330601508e-06,0.1138,BID
950,1712605320.5389118,1507171996742.729,0.1084,0.0,0.1138,BID
951,1712605327.6813967,1507172061318.375,0.1084,3.552821168638912e-07,0.1138,BID
952,1712605339.311439,1507172116668.9285,0.1083,-3.04527527397266e-07,0.1138,ASK
953,1712605344.311133,1507172153654.4785,0.1083,-2.034869992439429e-07,0.1138,ASK
954,1712605344.3150134,1507172181244.5742,0.1083,-1.5179511627673608e-07,0.1138,ASK
955,1712605345.2313514,1507174025340.5151,0.1084,1.014584212799168e-05,0.1138,BID
956,1712605348.4612482,1507174117083.625,0.1084,5.047519970899678e-07,0.1138,BID
957,1712605350.5543,1507174117083.625,0.1084,0.0,0.1138,BID
958,1712605354.6013217,1507186010039.361,0.1083,-6.54325494012072e-05,0.1138,ASK
959,1712605354.6096275,1507225403642.6577,0.1083,-0.0002167353474596,0.1138,ASK
960,1712605354.6609848,1507230693167.091,0.1083,2.9101854618016e-05,0.1138,BID
961,1712605362.7112265,1507232538185.5413,0.1083,-1.0150904751310766e-05,0.1138,ASK
962,1712605362.7912278,1507241179967.8896,0.1083,4.754527494874964e-05,0.1138,BID
963,1712605362.7999604,1507241179967.8896,0.1083,0.0,0.1138,BID
964,1712605365.1011662,1507241235318.443,0.1084,3.045271423244093e-07,0.1138,BID
965,1712605380.771182,1507241235318.443,0.1084,0.0,0.1138,BID
966,1712605385.4212568,1507241299894.0889,0.1084,3.552674584053239e-07,0.1138,BID
967,1712605386.5452578,1507242940986.5098,0.1084,9.028585414698604e-06,0.1138,BID
968,1712605386.5524516,1507244287302.5986,0.1084,7.40685268466828e-06,0.1138,BID
969,1712605396.18128,1507251939161.4546,0.1084,4.20972398522225e-05,0.1138,BID
970,1712605398.336441,1507252841606.911,0.1084,4.964867170515603e-06,0.1138,BID
971,1712605401.0011425,1507252906182.5566,0.1083,-3.552674584053239e-07,0.1138,ASK
972,1712605402.241197,1507253828691.7815,0.1084,5.0752494061741e-06,0.1138,BID
973,1712605410.811182,1507253828691.7815,0.1084,0.0,0.1138,BID
974,1712605414.0814784,1507253884042.3352,0.1083,-3.04512677180868e-07,0.1138,ASK
975,1712605420.6612103,1507255257934.234,0.1083,-7.558506176015354e-06,0.1138,ASK
976,1712605420.6710098,1507264712786.2097,0.1083,-5.201614269739751e-05,0.1138,ASK
977,1712605439.21147,1507264805037.132,0.1084,5.075211281870645e-07,0.1138,BID
978,1712605439.4111805,1507264899485.752,0.1084,5.196118248543328e-07,0.1138,BID
979,1712605439.9512286,1507264954836.3057,0.1084,3.045126785240148e-07,0.1138,BID
980,1712605440.5336816,1507264954836.3057,0.1084,0.0,0.1138,BID
981,1712605447.0817244,1507265019411.9514,0.1084,3.552624351398804e-07,0.1138,BID
982,1712605462.9914186,1507267844052.7314,0.1083,-1.553974025692601e-05,0.1138,ASK
983,1712605463.0014925,1507270145930.5503,0.1083,-1.2663763712812656e-05,0.1138,ASK
984,1712605468.7913206,1507272864515.9072,0.1084,1.4956277133688652e-05,0.1138,BID
985,1712605470.3018937,1507319798140.374,0.1083,-0.0002582049861655,0.1138,ASK
986,1712605470.3087475,1507320393862.9604,0.1083,-3.2773633814579354e-06,0.1138,ASK
987,1712605470.533215,1507320393862.9604,0.1083,-0.0,0.1138,ASK
988,1712605472.7714636,1507321316372.1855,0.1084,5.075010003708449e-06,0.1138,BID
989,1712605480.6312468,1507324086455.288,0.1084,1.5239088210745304e-05,0.1138,BID
990,1712605482.9813082,1507324141805.8416,0.1083,-3.04500600007612e-07,0.1138,ASK
991,1712605488.7614818,1507324197712.0774,0.1084,3.075575814722676e-07,0.1138,BID
992,1712605488.7714498,1507326761151.1504,0.1084,1.4102275170185996e-05,0.1138,BID
993,1712605490.9381282,1507328880161.113,0.1083,-1.1657332486025129e-05,0.1138,ASK
994,1712605490.9443305,1507336367859.5583,0.1083,-4.119215665370768e-05,0.1138,ASK
995,1712605500.551107,1507336367859.5583,0.1083,-0.0,0.1138,ASK
996,1712605505.9115798,1507336432435.204,0.1084,3.554131077495993e-07,0.1138,BID
997,1712605513.497854,1507336487785.7576,0.1084,3.046398064505555e-07,0.1138,BID
998,1712605515.5212417,1507336541890.9236,0.1084,2.977854108154958e-07,0.1138,BID
999,1712605515.635817,1507343029699.8655,0.1084,3.570777050326909e-05,0.1138,BID
1000,1712605515.8041265,1507348582314.3357,0.1084,3.056062300155927e-05,0.1138,BID
1201,1712605521.3817964,1507349043994.8528,0.1083,-2.541009159964621e-06,0.1138,ASK
1202,1712605521.385378,1507369615492.1912,0.1083,-0.0001132219386265,0.1138,ASK
1203,1712605523.0713916,1507369680067.837,0.1082,-3.554131077495993e-07,0.1138,ASK
1204,1712605525.105672,1507373560473.1902,0.1083,2.135707525453104e-05,0.1138,BID
1205,1712605525.111823,1507381582223.1133,0.1083,4.415031451189665e-05,0.1138,BID
1206,1712605525.121517,1507385044826.9917,0.1083,1.9057568699734657e-05,0.1138,BID
1207,1712605525.141755,1507388606234.7534,0.1084,1.960136806846399e-05,0.1138,BID
1208,1712605525.143235,1507388929316.5037,0.1084,1.7781856855527748e-06,0.1138,BID
1209,1712605525.1448314,1507394534290.827,0.1084,3.0848802514994e-05,0.1138,BID
1210,1712605530.3714747,1507399758404.4294,0.1084,2.8752611438797825e-05,0.1138,BID
1211,1712605530.5572088,1507405008110.3413,0.1084,2.8893467052182512e-05,0.1138,BID
1212,1712605530.5680568,1507405008110.3413,0.1084,0.0,0.1138,BID
1213,1712605536.7614536,1507417387114.0312,0.1084,6.812909174881136e-05,0.1138,BID
1214,1712605537.2932425,1507417571615.8762,0.1084,1.0154244589205305e-06,0.1138,BID
1215,1712605541.1013615,1507420703767.1675,0.1084,1.72381096294057e-05,0.1138,BID
1216,1712605545.3314652,1507423522546.6882,0.1084,1.5513436572314024e-05,0.1138,BID
1217,1712605560.7865813,1507423522546.6882,0.1084,0.0,0.1138,BID
1218,1712605565.832546,1507423577897.2417,0.1083,-3.046239728075994e-07,0.1138,ASK
1219,1712605567.6316752,1507423642472.8877,0.1084,3.553946351661389e-07,0.1138,BID
1220,1712605581.362802,1507424564982.1123,0.1084,5.077066217043023e-06,0.1138,BID
1221,1712605583.9716823,1507424629557.7583,0.1083,-3.553946351661389e-07,0.1138,ASK
1222,1712605585.661802,1507436876261.897,0.1083,-6.740022339179307e-05,0.1138,ASK
1223,1712605585.6655068,1507441493067.068,0.1083,-2.5408770911051512e-05,0.1138,ASK
1224,1712605585.66944,1507442041221.3982,0.1083,-3.016789162092562e-06,0.1138,ASK
1225,1712605585.672201,1507447117169.1123,0.1083,-2.7935680161966174e-05,0.1138,ASK
1226,1712605588.5914288,1507469653040.636,0.1083,-0.0001240270653904,0.1138,ASK
1227,1712605588.5941412,1507484436784.2124,0.1083,-8.13629208589247e-05,0.1138,ASK
1228,1712605590.8016746,1507484436784.2124,0.1083,-0.0,0.1138,ASK
1229,1712605596.5214512,1507485334450.2808,0.1083,-4.940161550970114e-06,0.1138,ASK
1230,1712605596.5613258,1507493661787.794,0.1083,-4.5828169354521233e-05,0.1138,ASK
1231,1712605599.9041505,1507515821092.3442,0.1083,-0.0001219501863712,0.1138,ASK
1232,1712605599.9079883,1507538905118.1982,0.1083,-0.0001270392420802,0.1138,ASK
1233,1712605599.9113889,1507546501776.6392,0.1083,-4.18069940131135e-05,0.1138,ASK
1234,1712605609.0218182,1507552509917.0413,0.1082,-3.306483920187561e-05,0.1138,ASK
1235,1712605609.0254412,1507553275041.256,0.1082,-4.210738669881373e-06,0.1138,ASK
1236,1712605616.1815016,1507553671849.0645,0.1083,-2.183768272228777e-06,0.1138,ASK
1237,1712605620.366632,1507553727199.618,0.1084,3.046129130862003e-07,0.1138,BID
1238,1712605620.5397666,1507553727199.618,0.1084,0.0,0.1138,BID
1239,1712605625.241361,1507553791775.2637,0.1084,3.553670575586097e-07,0.1138,BID
1240,1712605639.3337326,1507556614930.5747,0.1084,1.553614190351602e-05,0.1138,BID
1241,1712605639.3357573,1507563050974.952,0.1084,3.541827768185826e-05,0.1138,BID
1242,1712605639.340346,1507563050974.952,0.1084,0.0,0.1138,BID
1243,1712605640.4915023,1507563115550.598,0.1084,-3.553670575586097e-07,0.1138,ASK
1244,1712605646.7518466,1507577093824.619,0.1084,-7.692401757266354e-05,0.1138,ASK
1245,1712605648.0643933,1507577185990.517,0.1085,5.071993280684989e-07,0.1138,BID
1246,1712605650.5572464,1507577185990.517,0.1085,0.0,0.1138,BID
1247,1712605654.7615602,1507580906294.6648,0.1085,2.047296657655928e-05,0.1138,BID
1248,1712605663.841887,1507650992132.4995,0.1084,-0.0003856848683889,0.1138,ASK
1249,1712605663.845296,1507662758749.1912,0.1084,-6.475211184326224e-05,0.1138,ASK
1250,1712605663.8484647,1507663966538.682,0.1083,-6.6465086992843525e-06,0.1138,ASK
1251,1712605669.3615465,1507664021889.2356,0.1082,-3.045960723112325e-07,0.1138,ASK
1252,1712605675.2020235,1507664021889.2356,0.1083,0.0,0.1138,BID
1253,1712605675.2128694,1507675691501.0718,0.1083,6.42182906595477e-05,0.1138,BID
1254,1712605678.6318097,1507695986783.1458,0.1082,-0.0001116856620031,0.1138,ASK
1255,1712605678.6349676,1507698925130.0996,0.1084,-1.6169828216253226e-05,0.1138,ASK
1256,1712605679.111474,1507701325868.7886,0.1082,-1.321135073641074e-05,0.1138,ASK
1257,1712605680.8040764,1507701325868.7886,0.1082,-0.0,0.1138,ASK
1258,1712605687.59139,1507701390384.9175,0.1085,3.550082824934644e-07,0.1138,BID
1259,1712605693.1514812,1507701667380.3274,0.1085,1.5242028063147604e-06,0.1138,BID
1260,1712605696.4818723,1507701722679.8667,0.1085,3.042928149092417e-07,0.1138,BID
1261,1712605702.5617003,1507704487656.8252,0.1085,1.5214640707846462e-05,0.1138,BID
1262,1712605704.161348,1507704552172.954,0.1083,-3.550082824934644e-07,0.1138,ASK
1263,1712605710.8026595,1507704552172.954,0.1083,-0.0,0.1138,ASK
1264,1712605711.1117249,1507708232025.76,0.1083,-2.0248823516396883e-05,0.1138,ASK
1265,1712605728.521509,1507713431048.369,0.1085,2.860823429978983e-05,0.1138,BID
1266,1712605737.6917095,1507713486347.9077,0.1083,-3.042922274545432e-07,0.1138,ASK
1267,1712605740.5376277,1507713486347.9077,0.1083,-0.0,0.1138,ASK
1268,1712605744.6618946,1507718109565.308,0.1084,-2.543966272621816e-05,0.1138,ASK
1269,1712605745.141744,1507718174081.437,0.1085,3.550057065535227e-07,0.1138,BID
1270,1712605748.8519552,1507718240445.0364,0.1085,3.651715761856198e-07,0.1138,BID
1271,1712605748.8558457,1507741245021.5293,0.1085,0.0001265847171906,0.1138,BID
1272,1712605759.531762,1507741300321.0684,0.1085,3.042906056173051e-07,0.1138,BID
1273,1712605761.1818106,1507741364837.1975,0.1084,-3.5500570789692805e-07,0.1138,ASK
1274,1712605770.5414927,1507741364837.1975,0.1084,-0.0,0.1138,ASK
1275,1712605776.2922091,1507741733500.792,0.1085,2.0285702825424635e-06,0.1138,BID
1276,1712605776.296857,1507785319919.564,0.1085,0.0002398341337918,0.1138,BID
1277,1712605780.201789,1507797726776.3745,0.1085,6.82686910297431e-05,0.1138,BID
1278,1712605780.4020145,1507798647586.6875,0.1086,5.066755884613707e-06,0.1138,BID
1279,1712605780.4060085,1507802875482.9258,0.1086,2.3263985907508293e-05,0.1138,BID
1280,1712605782.111604,1507808028545.484,0.1085,-2.8354710707538227e-05,0.1138,ASK
1281,1712605782.511594,1507831099485.5764,0.1085,-0.0001269477761351,0.1138,ASK
1282,1712605794.481907,1507849532665.2998,0.1085,-0.000101428514123,0.1138,ASK
1283,1712605799.5821416,1507849587964.839,0.1085,-3.042855431202302e-07,0.1138,ASK
1284,1712605800.5723271,1507849587964.839,0.1085,-0.0,0.1138,ASK
1285,1712605808.2917583,1507849652421.561,0.1086,3.548946459165443e-07,0.1138,BID
1286,1712605824.5925314,1507849862041.2368,0.1087,1.1541527150797632e-06,0.1138,BID
1287,1712605824.596094,1507851080922.704,0.1086,6.71108448814625e-06,0.1138,BID
1288,1712605824.599357,1507858853174.902,0.1087,4.279353044112704e-05,0.1138,BID
1289,1712605826.2017412,1507858908372.6938,0.1087,3.0391556163207094e-07,0.1138,BID
1290,1712605828.321738,1507858972829.4158,0.1085,-3.548946459165443e-07,0.1138,ASK
1291,1712605828.3819623,1507880802627.024,0.1087,0.0001201934889231,0.1138,BID
1292,1712605830.5727491,1507880802627.024,0.1087,0.0,0.1138,BID
1293,1712605831.6818137,1507934940820.117,0.1087,0.0002980759085457,0.1138,BID
1294,1712605846.751808,1507958479541.368,0.1087,0.0001296002936565,0.1138,BID
1295,1712605851.5519986,1507958965451.974,0.1085,-2.6753431739730416e-06,0.1138,ASK
1296,1712605860.761688,1507958965451.974,0.1085,-0.0,0.1138,ASK
1297,1712605865.4419017,1507959029849.398,0.1087,3.5454494695903986e-07,0.1138,BID
1298,1712605867.855276,1507959085047.19,0.1085,-3.038956684379956e-07,0.1138,ASK
1299,1712605876.4221058,1507959135047.19,0.1087,2.752788268061592e-07,0.1138,BID
1300,1712605881.4656515,1507959199444.614,0.1085,-3.5454494695903986e-07,0.1138,ASK
1301,1712605883.7320542,1507964398467.223,0.1085,-2.862361688491652e-05,0.1138,ASK
1302,1712605887.7482114,1507964453665.0146,0.1087,3.038956684379956e-07,0.1138,BID
1303,1712605890.8035145,1507964453665.0146,0.1087,0.0,0.1138,BID
1304,1712605902.6433177,1507968215687.837,0.1085,-2.0712036672172305e-05,0.1138,ASK
1305,1712605913.962,1507968265687.837,0.1087,2.75277924280358e-07,0.1138,BID
1306,1712605920.5615182,1507968265687.837,0.1087,0.0,0.1138,BID
1307,1712605923.172359,1507987975970.6902,0.1087,0.0001085158679065,0.1138,BID
1308,1712605924.283219,1508006318495.9426,0.1085,-0.0001009856155887,0.1138,ASK
1309,1712605925.781805,1508006368495.9426,0.1087,2.7527729742476257e-07,0.1138,BID
1310,1712605927.5319874,1508006432893.3667,0.1087,3.545429771945926e-07,0.1138,BID
1311,1712605933.352466,1508011032709.374,0.1087,2.5324498382947457e-05,0.1138,BID
1312,1712605935.3647618,1508011087907.1665,0.1085,-3.0389398141259895e-07,0.1138,ASK
1313,1712605935.7617528,1508011268547.1665,0.1085,-9.945218201361825e-07,0.1138,ASK
1314,1712605944.0531683,1508014955183.1108,0.1085,-2.029694358825981e-05,0.1138,ASK
1315,1712605944.0576346,1508023059374.4287,0.1085,-4.46179976759356e-05,0.1138,ASK
1316,1712605944.061793,1508023981883.6538,0.1084,-5.078916926685896e-06,0.1138,ASK
1317,1712605944.0645878,1508024905244.688,0.1083,-5.083606600726364e-06,0.1138,ASK
1318,1712605944.066768,1508037168090.224,0.1085,-6.751365955713496e-05,0.1138,ASK
1319,1712605944.0687346,1508037586753.8184,0.1085,-2.3049716563851565e-06,0.1138,ASK
1320,1712605944.0708427,1508038509263.0437,0.1084,-5.078916926685896e-06,0.1138,ASK
1321,1712605944.0729067,1508091754834.3325,0.1083,-0.0002931459392858,0.1138,ASK
1322,1712605944.3326418,1508091819231.7566,0.1083,-3.545429771945926e-07,0.1138,ASK
1323,1712605950.5869524,1508091819231.7566,0.1083,-0.0,0.1138,ASK
1324,1712605955.4118528,1508091869231.7566,0.1087,2.7525699141776574e-07,0.1138,BID
1325,1712605955.8117597,1508101582854.5645,0.1085,5.347485179717799e-05,0.1138,BID
1326,1712605957.624934,1508102525791.01,0.1083,-5.190996982041656e-06,0.1138,ASK
1327,1712605958.3417387,1508102581090.5493,0.1085,3.044316963266876e-07,0.1138,BID
1328,1712605967.2719104,1508105351173.652,0.1083,-1.5249694815641851e-05,0.1138,ASK
1329,1712605967.275973,1508121233694.714,0.1083,-8.743549927317287e-05,0.1138,ASK
1330,1712605969.7818277,1508122736031.1033,0.1085,8.270571892897114e-06,0.1138,BID
1331,1712605973.331865,1508123897321.4258,0.1085,6.3930656067321e-06,0.1138,BID
1332,1712605980.7773695,1508123897321.4258,0.1085,0.0,0.1138,BID
1333,1712605985.4872522,1508123961837.555,0.1085,3.551635146936844e-07,0.1138,BID
1334,1712605991.501847,1508132896066.1262,0.1085,4.918323622700704e-05,0.1138,BID
1335,1712605994.051821,1508151329245.85,0.1085,0.0001014752897273,0.1138,BID
1336,1712606001.0920007,1508151393761.9788,0.1084,-3.5516351334968177e-07,0.1138,ASK
1337,1712606001.3520224,1508151449061.518,0.1084,-3.044258699294441e-07,0.1138,ASK
1338,1712606003.442163,1508152251755.075,0.1084,-4.4188556976289405e-06,0.1138,ASK
1339,1712606003.4462104,1508207076687.9453,0.1083,-0.0003018131451391,0.1138,ASK
1340,1712606003.449761,1508209180622.665,0.1083,-1.158223314982674e-05,0.1138,ASK
1341,1712606003.453591,1508261889486.278,0.1083,-0.0002901641109415,0.1138,ASK
1342,1712606010.781285,1508261889486.278,0.1083,-0.0,0.1138,ASK
1343,1712606017.881863,1508263409088.6296,0.1084,-8.364774893323895e-06,0.1138,ASK
1344,1712606022.7122426,1508263464388.169,0.1085,3.0440081744341804e-07,0.1138,BID
1345,1712606028.1621652,1508263556639.0913,0.1084,-5.07802714622615e-07,0.1138,ASK
1346,1712606033.6221542,1508264076701.9382,0.1084,-2.862728292323299e-06,0.1138,ASK
1347,1712606033.625153,1508272992808.2527,0.1083,-4.907943329296478e-05,0.1138,ASK
1348,1712606040.5384784,1508272992808.2527,0.1083,-0.0,0.1138,ASK
1349,1712606047.2728636,1508273057324.3818,0.1085,3.5513193566463505e-07,0.1138,BID
1350,1712606051.4819942,1508273980685.4158,0.1084,-5.082682355825188e-06,0.1138,ASK
1351,1712606053.1522422,1508274109047.24,0.1084,-7.065734367600744e-07,0.1138,ASK
1352,1712606058.871899,1508274209047.24,0.1085,5.50454499272272e-07,0.1138,BID
1353,1712606063.1921735,1508274273563.3691,0.1083,-3.5513193566463505e-07,0.1138,ASK
1354,1712606064.0321784,1508274328862.9082,0.1083,-3.043988008463589e-07,0.1138,ASK
1355,1712606067.1420968,1508293506703.088,0.1083,-0.0001055652841336,0.1138,ASK
1356,1712606067.14739,1508348478467.073,0.1083,-0.000302594548184,0.1138,ASK
1357,1712606070.5275736,1508348478467.073,0.1083,-0.0,0.1138,ASK
1358,1712606071.162294,1508348534924.6377,0.1084,3.107592205959784e-07,0.1138,BID
1359,1712606082.2220027,1508348542647.985,0.1084,4.251160026205168e-08,0.1138,BID
1360,1712606092.0224402,1508351500084.1245,0.1084,-1.6278607738323176e-05,0.1138,ASK
1361,1712606092.0276358,1508360725176.3752,0.1084,-5.07776503150927e-05,0.1138,ASK
1362,1712606092.082009,1508367941451.3562,0.1084,3.972052285133504e-05,0.1138,BID
1363,1712606092.101808,1508367941451.3562,0.1084,0.0,0.1138,BID
1364,1712606096.0920668,1508383203522.0007,0.1084,8.40069741514196e-05,0.1138,BID
1365,1712606096.112115,1508385174226.6736,0.1084,1.0847344398293978e-05,0.1138,BID
1366,1712606099.830476,1508385233290.0098,0.1084,-3.251021615265287e-07,0.1138,ASK
1367,1712606100.5656111,1508385233290.0098,0.1084,-0.0,0.1138,ASK
1368,1712606102.5325763,1508395450656.6858,0.1084,-5.62552236223832e-05,0.1138,ASK
1369,1712606102.5420098,1508404616685.6003,0.1084,-5.0466722264867375e-05,0.1138,ASK
1370,1712606106.0920997,1508404681201.7295,0.1085,3.552157212016222e-07,0.1138,BID
1371,1712606114.1122675,1508406106772.2927,0.1084,-7.848968659635425e-06,0.1138,ASK
1372,1712606116.2448292,1508406506940.1787,0.1085,2.203261821412319e-06,0.1138,BID
1373,1712606116.2496712,1508407427750.4917,0.1086,5.069837631696218e-06,0.1138,BID
1374,1712606116.2543278,1508408868245.2883,0.1087,7.931139155600079e-06,0.1138,BID
1375,1712606118.952176,1508408923443.0803,0.1087,3.039104135577745e-07,0.1138,BID
1376,1712606122.4523668,1508412603295.8862,0.1087,2.026069427258224e-05,0.1138,BID
1377,1712606123.2122872,1508412667812.0154,0.1084,-3.552157212016222e-07,0.1138,ASK
1378,1712606129.7123177,1508414967453.2295,0.1087,1.2661465019981072e-05,0.1138,BID
1379,1712606129.852079,1508418647306.0356,0.1087,2.026069427258224e-05,0.1138,BID
1380,1712606130.5731795,1508418647306.0356,0.1087,0.0,0.1138,BID
1381,1712606134.3525295,1508419183870.166,0.1086,-2.954179247765497e-06,0.1138,ASK
1382,1712606145.1721768,1508422867111.4182,0.1086,2.027894571377624e-05,0.1138,BID
1383,1712606152.1022034,1508424708732.0444,0.1086,1.0139472857560203e-05,0.1138,BID
1384,1712606159.332367,1508426550352.671,0.1086,1.0139472857560203e-05,0.1138,BID
1385,1712606159.3919418,1508427471162.9836,0.1086,5.069736428108016e-06,0.1138,BID
1386,1712606159.5719645,1508427526360.776,0.1084,-3.039043482728803e-07,0.1138,ASK
1387,1712606160.805892,1508427526360.776,0.1084,-0.0,0.1138,ASK
1388,1712606164.4122567,1508431209602.028,0.1086,2.0278838054895565e-05,0.1138,BID
1389,1712606167.4221284,1508431274058.75,0.1086,3.5487966601779946e-07,0.1138,BID
1390,1712606171.252401,1508434957300.0022,0.1086,2.0278838054895565e-05,0.1138,BID
1391,1712606177.4792545,1508437719730.9417,0.1086,1.520912854285188e-05,0.1138,BID
1392,1712606184.0423086,1508437784187.6636,0.1085,-3.5487966601779946e-07,0.1138,ASK
1393,1712606185.0619595,1508437839436.2822,0.1086,3.041825701043046e-07,0.1138,BID
1394,1712606186.2420406,1508439984464.6794,0.1085,-1.1809892567955508e-05,0.1138,ASK
1395,1712606186.2618904,1508439984464.6794,0.1085,-0.0,0.1138,ASK
1396,1712606190.760589,1508439984464.6794,0.1085,-0.0,0.1138,ASK
1397,1712606204.6525457,1508441135828.7349,0.1085,6.339023086664336e-06,0.1138,BID
1398,1712606205.412307,1508442126218.3328,0.1085,5.452751887058916e-06,0.1138,BID
1399,1712606220.563619,1508442126218.3328,0.1085,0.0,0.1138,BID
1400,1712606224.942178,1508442190734.4617,0.1085,3.552036433967945e-07,0.1138,BID
1401,1712606225.9124217,1508442245983.0806,0.1084,-3.041799168265211e-07,0.1138,ASK
1402,1712606226.212347,1508442338148.979,0.1085,5.074337762811349e-07,0.1138,BID
1403,1712606226.9528515,1508443490015.442,0.1085,6.341781060773037e-06,0.1138,BID
1404,1712606229.3620238,1508444504775.5898,0.1084,-5.586920786312007e-06,0.1138,ASK
1405,1712606230.9222124,1508447358248.2534,0.1085,1.571024027042219e-05,0.1138,BID
1406,1712606231.0122223,1508453489595.5583,0.1085,3.375709204139577e-05,0.1138,BID
1407,1712606232.3560405,1508474931285.89,0.1084,-0.0001180505813903,0.1138,ASK
1408,1712606236.8325496,1508475401952.422,0.1084,-2.5913282419859306e-06,0.1138,ASK
1409,1712606236.837034,1508486686299.109,0.1084,-6.212773649831943e-05,0.1138,ASK
1410,1712606240.7522123,1508486750815.238,0.1084,-3.552036447409489e-07,0.1138,ASK
1411,1712606241.8524055,1508491354866.8037,0.1086,2.534832635113222e-05,0.1138,BID
1412,1712606241.8564951,1508491354866.8037,0.1085,0.0,0.1138,BID
1413,1712606242.2921772,1508494886598.1548,0.1084,-1.9444499612025503e-05,0.1138,ASK
1414,1712606246.3922467,1508497649029.094,0.1086,1.52089958104105e-05,0.1138,BID
1415,1712606247.0324538,1508497704277.713,0.1086,3.041799168265211e-07,0.1138,BID
1416,1712606250.5303388,1508497704277.713,0.1086,0.0,0.1138,BID
1417,1712606250.6472216,1508501387518.965,0.1086,2.0277988184325027e-05,0.1138,BID
1418,1712606260.9233022,1508504149949.9043,0.1086,1.5208491138579797e-05,0.1138,BID
1419,1712606261.9730842,1508505072459.1294,0.1084,-5.078850361838646e-06,0.1138,ASK
1420,1712606261.9774473,1508505994968.3545,0.1084,-5.078850361838646e-06,0.1138,ASK
1421,1712606261.981682,1508570532315.4114,0.1084,-0.0003553086728398,0.1138,ASK
1422,1712606261.98492,1508589226273.9368,0.1084,-0.000102919098734,0.1138,ASK
1423,1712606267.5323758,1508591988704.876,0.1086,1.5208491138579797e-05,0.1138,BID
1424,1712606272.5728042,1508593214901.9294,0.1086,6.750795741935335e-06,0.1138,BID
1425,1712606272.9326348,1508595977332.869,0.1086,1.5208491138579797e-05,0.1138,BID
1426,1712606273.4323351,1508596058166.202,0.1084,-4.450257977548641e-07,0.1138,ASK
1427,1712606279.152398,1508615747175.777,0.1084,-0.0001083973262106,0.1138,ASK
1428,1712606279.16213,1508616973688.0945,0.1083,-6.752531419162585e-06,0.1138,ASK
1429,1712606280.820396,1508616973688.0945,0.1083,-0.0,0.1138,ASK
1430,1712606284.782586,1508617023688.0945,0.1086,2.752540934322508e-07,0.1138,BID
1431,1712606285.2240648,1508619786119.0337,0.1086,1.52074084768234e-05,0.1138,BID
1432,1712606287.1721656,1508619850575.7556,0.1086,3.5483953117515986e-07,0.1138,BID
1433,1712606289.8124416,1508622613006.6948,0.1086,1.52074084768234e-05,0.1138,BID
1434,1712606291.9422665,1508622668255.3137,0.1083,-3.041481688107004e-07,0.1138,ASK
1435,1712606293.332441,1508622714423.3652,0.1086,2.541589046425982e-07,0.1138,BID
1436,1712606303.9323428,1508622778880.0872,0.1084,-3.5483953117515986e-07,0.1138,ASK
1437,1712606306.3322036,1508622828880.0872,0.1086,2.752540934322508e-07,0.1138,BID
1438,1712606310.8235235,1508622828880.0872,0.1086,0.0,0.1138,BID
1439,1712606310.9580472,1508622884128.706,0.1086,3.041471055256707e-07,0.1138,BID
1440,1712606316.6524343,1508622934128.706,0.1085,-2.752531299429681e-07,0.1138,ASK
1441,1712606316.7551987,1508624777446.6785,0.1085,1.0147580827731177e-05,0.1138,BID
1442,1712606322.1527288,1508627539877.6177,0.1086,1.5207355245371316e-05,0.1138,BID
1443,1712606331.9127123,1508630304854.5762,0.1085,1.5221371240924758e-05,0.1138,BID
1444,1712606337.61244,1508632148172.5483,0.1085,1.0147580826387166e-05,0.1138,BID
1445,1712606338.6324427,1508632212629.2705,0.1084,-3.548382891079444e-07,0.1138,ASK
1446,1712606338.6421545,1508633070681.7734,0.1084,-4.723632743079895e-06,0.1138,ASK
1447,1712606340.5286486,1508633070681.7734,0.1084,-0.0,0.1138,ASK
