,time,acc_trade_volume,trade_price,dev,high,ask_bid
0,1712601588.4285164,22358978.67247329,1069.0,0.0,1072.0,ASK
1,1712601590.8365996,22359090.95258234,1071.0,4.166629296799657e-09,1072.0,BID
2,1712601592.5065086,22359223.91258234,1069.0,-4.934044293201897e-09,1072.0,ASK
3,1712601597.8265424,22359888.84258234,1069.0,-2.4675045666781023e-08,1072.0,ASK
4,1712601600.6078,22359888.84258234,1069.0,-0.0,1072.0,ASK
5,1712601611.9465363,22359894.44482323,1071.0,2.0801561648056448e-10,1072.0,BID
6,1712601616.5264616,22360093.88482323,1069.0,-7.405364275299672e-09,1072.0,ASK
7,1712601619.0963385,22360265.19982323,1069.0,-6.361060874689433e-09,1072.0,ASK
8,1712601620.566483,22360847.13952949,1069.0,-2.1607879618714494e-08,1072.0,ASK
9,1712601630.6166265,22360847.13952949,1069.0,-0.0,1072.0,ASK
10,1712601652.887269,22360852.74177038,1069.0,-2.0800770430087207e-10,1072.0,ASK
11,1712601654.5764256,22360867.68107943,1071.0,5.546872117917338e-10,1072.0,BID
12,1712601660.9560935,22360867.68107943,1071.0,0.0,1072.0,BID
13,1712601665.1465693,22361377.08107943,1069.0,-1.8913688314849217e-08,1072.0,ASK
14,1712601670.1260917,22361751.97217943,1069.0,-1.3919460968572866e-08,1072.0,ASK
15,1712601672.388767,22363536.27217943,1069.0,-6.624989018449354e-08,1072.0,ASK
16,1712601673.576398,22365024.61540381,1069.0,-5.5261208973931335e-08,1072.0,ASK
17,1712601673.6959517,22366136.23432661,1069.0,-4.1273682431551005e-08,1072.0,ASK
18,1712601673.9360516,22366908.71967162,1069.0,-2.8681874839494292e-08,1072.0,ASK
19,1712601674.0168717,22367484.14601157,1069.0,-2.1365203066212832e-08,1072.0,ASK
20,1712601675.405966,22367669.01601157,1069.0,-6.864101999942209e-09,1072.0,ASK
21,1712601676.226583,22367674.61825246,1071.0,2.0800753447723087e-10,1072.0,BID
22,1712601687.4559124,22367813.97855016,1069.0,-5.174356564827216e-09,1072.0,ASK
23,1712601689.7778933,22367958.46413589,1069.0,-5.364655152107468e-09,1072.0,ASK
24,1712601690.6663022,22368360.70113589,1069.0,-1.4934796322460836e-08,1072.0,ASK
25,1712601690.969985,22368360.70113589,1069.0,-0.0,1072.0,ASK
26,1712601694.1759703,22370145.00113589,1069.0,-6.623019280231989e-08,1072.0,ASK
27,1712601696.4059567,22370264.72757227,1069.0,-4.444042462029054e-09,1072.0,ASK
28,1712601698.116503,22370929.81757227,1069.0,-2.4687013916307053e-08,1072.0,ASK
29,1712601701.411822,22371182.83147036,1069.0,-9.391447207380466e-09,1072.0,ASK
30,1712601703.2562482,22371330.07730719,1069.0,-5.465515979764429e-09,1072.0,ASK
31,1712601706.9961522,22371467.73045424,1069.0,-5.10945158824973e-09,1072.0,ASK
32,1712601713.829703,22371655.6538566,1069.0,-6.975398290909398e-09,1072.0,ASK
33,1712601716.9587536,22373639.81267949,1069.0,-7.364861368051995e-08,1072.0,ASK
34,1712601720.5990322,22373639.81267949,1069.0,-0.0,1072.0,ASK
35,1712601721.7556827,22373645.41492038,1069.0,-2.0790214003899887e-10,1072.0,ASK
36,1712601745.768722,22373651.01716127,1071.0,2.0790214003899887e-10,1072.0,BID
37,1712601750.596953,22373651.01716127,1071.0,0.0,1072.0,BID
38,1712601780.9457877,22373651.01716127,1071.0,0.0,1072.0,BID
39,1712601788.1358714,22373656.61940216,1069.0,-2.079020475411784e-10,1072.0,ASK
40,1712601796.7767544,22374111.42938356,1069.0,-1.6878232876412174e-08,1072.0,ASK
41,1712601798.695573,22375870.46524672,1069.0,-6.527872771131638e-08,1072.0,ASK
42,1712601800.685603,22376876.91283878,1069.0,-3.7349788991757154e-08,1072.0,ASK
43,1712601805.6856227,22378557.58510769,1069.0,-6.237061433037126e-08,1072.0,ASK
44,1712601810.9790845,22378557.58510769,1069.0,-0.0,1072.0,ASK
45,1712601812.1307695,22378563.18734858,1071.0,2.0786158746000536e-10,1072.0,BID
46,1712601834.5357575,22378787.37670607,1069.0,-8.318163508526705e-09,1072.0,ASK
47,1712601838.725593,22378802.31601512,1071.0,5.54297566882529e-10,1072.0,BID
48,1712601840.5866337,22378802.31601512,1071.0,0.0,1072.0,BID
49,1712601848.7054198,22380586.61601512,1070.0,-6.62027636949661e-08,1072.0,ASK
50,1712601848.7068913,22380949.48055629,1070.0,-1.3463338828840736e-08,1072.0,ASK
51,1712601848.7678812,22381105.11070872,1070.0,-5.7743351483248636e-09,1072.0,ASK
52,1712601848.905239,22381245.07663567,1070.0,-5.193146436778204e-09,1072.0,ASK
53,1712601848.985253,22381610.86963584,1070.0,-1.3571993247468142e-08,1072.0,ASK
54,1712601849.0878472,22381791.71233137,1070.0,-6.709794450575385e-09,1072.0,ASK
55,1712601849.287398,22381932.91939264,1070.0,-5.239196160653755e-09,1072.0,ASK
56,1712601850.1953087,22381961.16798021,1070.0,-1.0481054572872602e-09,1072.0,ASK
57,1712601850.3360765,22382096.38093665,1070.0,-5.01679728950945e-09,1072.0,ASK
58,1712601850.3551614,22382271.77138909,1070.0,-6.507500239471213e-09,1072.0,ASK
59,1712601850.8756497,22382505.02206033,1070.0,-8.654284072119223e-09,1072.0,ASK
60,1712601850.877529,22384289.32206033,1070.0,-6.62027636949661e-08,1072.0,ASK
61,1712601850.9155097,22384414.91906239,1070.0,-4.66001717655065e-09,1072.0,ASK
62,1712601851.9153576,22384584.74567591,1070.0,-6.301065495674807e-09,1072.0,ASK
63,1712601851.955317,22384725.72341315,1070.0,-5.230687566429134e-09,1072.0,ASK
64,1712601852.205593,22385028.23932875,1070.0,-1.1224227806052813e-08,1072.0,ASK
65,1712601852.2952917,22385248.73889876,1070.0,-8.181180815079362e-09,1072.0,ASK
66,1712601852.8451476,22387033.03889876,1070.0,-6.620276369482789e-08,1072.0,ASK
67,1712601852.8851306,22387363.05403527,1070.0,-1.2244529562368012e-08,1072.0,ASK
68,1712601854.725195,22387526.99975998,1070.0,-6.082867271101266e-09,1072.0,ASK
69,1712601855.335232,22387865.66094642,1070.0,-1.2565323375358742e-08,1072.0,ASK
70,1712601855.3554084,22388006.76094642,1070.0,-5.23522387334408e-09,1072.0,ASK
71,1712601855.375093,22388251.1726673,1070.0,-9.068391751191273e-09,1072.0,ASK
72,1712601856.8757143,22388405.32464359,1070.0,-5.719490477782214e-09,1072.0,ASK
73,1712601857.155568,22388410.92688448,1070.0,-2.0785956947839662e-10,1072.0,ASK
74,1712601865.4278195,22393410.92688448,1070.0,-1.8551466596126906e-07,1072.0,ASK
75,1712601865.9953227,22394128.80945207,1070.0,-2.6635548945248333e-08,1072.0,ASK
76,1712601866.9557536,22394150.20945207,1071.0,7.94002770258943e-10,1072.0,BID
77,1712601866.9583025,22395128.80945207,1071.0,3.630893042199486e-08,1072.0,BID
78,1712601870.6287472,22395128.80945207,1071.0,0.0,1072.0,BID
79,1712601870.9451792,22395284.52347903,1070.0,-5.773704617315251e-09,1072.0,ASK
80,1712601873.9354525,22395432.48793728,1070.0,-5.48635914493136e-09,1072.0,ASK
81,1712601875.1854815,22395572.45386423,1070.0,-5.189782413967428e-09,1072.0,ASK
82,1712601875.2056975,22395689.61417951,1070.0,-4.344175451037156e-09,1072.0,ASK
83,1712601875.3056068,22395996.80506814,1070.0,-1.1390299812565985e-08,1072.0,ASK
84,1712601876.0452003,22396218.05734504,1070.0,-8.203790741872746e-09,1072.0,ASK
85,1712601876.715278,22396227.3944132,1071.0,3.4620820356281536e-10,1072.0,BID
86,1712601876.7556188,22396402.99691579,1070.0,-6.511147388809785e-09,1072.0,ASK
87,1712601883.1953487,22396408.59393071,1072.0,2.075311486828247e-10,1072.0,BID
88,1712601886.2153044,22398148.77723914,1070.0,-6.45240804515539e-08,1072.0,ASK
89,1712601896.6051545,22398565.96376457,1070.0,-1.5468816876809125e-08,1072.0,ASK
90,1712601900.6465046,22398565.96376457,1070.0,-0.0,1072.0,ASK
91,1712601904.0753117,22398923.49000371,1070.0,-1.3255259997441526e-08,1072.0,ASK
92,1712601904.7564323,22399283.87386481,1070.0,-1.3361206129393758e-08,1072.0,ASK
93,1712601907.2253942,22399649.66101986,1070.0,-1.356153286989882e-08,1072.0,ASK
94,1712601911.7671552,22399858.25428257,1070.0,-7.733580443206057e-09,1072.0,ASK
95,1712601918.9750705,22400067.68425854,1070.0,-7.764601528000225e-09,1072.0,ASK
96,1712601923.0250902,22400073.28127346,1070.0,-2.0750893176048039e-10,1072.0,ASK
97,1712601923.0852106,22400791.21912856,1070.0,-2.6617495136373312e-08,1072.0,ASK
98,1712601923.1074307,22401520.50918119,1070.0,-2.7038377055801642e-08,1072.0,ASK
99,1712601923.3648355,22401880.91908391,1070.0,-1.3362171620453686e-08,1072.0,ASK
100,1712601927.1573584,22402031.98349646,1070.0,-5.600702397609299e-09,1072.0,ASK
101,1712601927.158404,22402758.57217849,1070.0,-2.6938223932084443e-08,1072.0,ASK
102,1712601927.2050302,22403164.69672521,1070.0,-1.505703880941979e-08,1072.0,ASK
103,1712601927.4251416,22403181.73607951,1070.0,-6.317328540861272e-10,1072.0,ASK
104,1712601927.4276953,22403518.25156377,1070.0,-1.2476287748180792e-08,1072.0,ASK
105,1712601927.444736,22403871.74823452,1070.0,-1.3105864034913512e-08,1072.0,ASK
106,1712601928.6450088,22404236.77262704,1070.0,-1.3533253503054182e-08,1072.0,ASK
107,1712601928.655278,22409040.43139357,1070.0,-1.780953085928781e-07,1072.0,ASK
108,1712601928.70536,22409389.26248763,1069.0,-1.2932888109430557e-08,1072.0,ASK
109,1712601930.6270003,22409389.26248763,1069.0,-0.0,1072.0,ASK
110,1712601938.6850717,22409691.46248763,1070.0,-1.119923521652757e-08,1072.0,ASK
111,1712601938.70674,22409967.19798954,1070.0,-1.021848690741221e-08,1072.0,ASK
112,1712601938.708772,22411751.49798954,1070.0,-6.612440568136253e-08,1072.0,ASK
113,1712601938.8650308,22411887.19386063,1070.0,-5.028755718990417e-09,1072.0,ASK
114,1712601938.8852286,22412022.19457036,1070.0,-5.002993721506004e-09,1072.0,ASK
115,1712601938.886738,22412157.98505111,1070.0,-5.032261860045178e-09,1072.0,ASK
116,1712601939.1648922,22412283.73045033,1070.0,-4.660001003450051e-09,1072.0,ASK
117,1712601939.185123,22412410.71519846,1070.0,-4.705930057085324e-09,1072.0,ASK
118,1712601939.3049188,22413066.19457231,1070.0,-2.4291421864148443e-08,1072.0,ASK
119,1712601939.3449378,22413610.89878397,1070.0,-2.01862031430363e-08,1072.0,ASK
120,1712601939.384693,22414152.7410981,1070.0,-2.008014403110582e-08,1072.0,ASK
121,1712601939.4250216,22414330.42623693,1070.0,-6.584836744786702e-09,1072.0,ASK
122,1712601939.4462488,22414757.2649056,1070.0,-1.5818221872806923e-08,1072.0,ASK
123,1712601939.5052848,22415114.79114474,1070.0,-1.3249571304427205e-08,1072.0,ASK
124,1712601939.5072205,22415767.67483994,1070.0,-2.4195228562539643e-08,1072.0,ASK
125,1712601939.5251577,22415990.71664498,1070.0,-8.265710250724771e-09,1072.0,ASK
126,1712601939.5650785,22416877.90227988,1070.0,-3.2878228345442275e-08,1072.0,ASK
127,1712601939.6271524,22417100.8406234,1069.0,-8.26187606844204e-09,1072.0,ASK
128,1712601939.6347303,22417323.2776008,1069.0,-8.243295932282781e-09,1072.0,ASK
129,1712601939.7250922,22417479.61036155,1069.0,-5.793538582748728e-09,1072.0,ASK
130,1712601940.8752718,22418747.38434607,1069.0,-4.6982458815642274e-08,1072.0,ASK
131,1712601943.1451435,22418752.98136099,1072.0,2.0741987619983926e-10,1072.0,BID
132,1712601945.7751398,22418757.98136099,1072.0,1.8529508961871566e-10,1072.0,BID
133,1712601952.8372917,22418901.13082294,1069.0,-5.3049784762202555e-09,1072.0,ASK
134,1712601952.8951006,22419234.83533687,1069.0,-1.2366761562957874e-08,1072.0,ASK
135,1712601953.1552646,22419489.83603102,1069.0,-9.450075295006664e-09,1072.0,ASK
136,1712601953.905121,22419703.14176275,1069.0,-7.904900935370041e-09,1072.0,ASK
137,1712601956.3750546,22419817.97581306,1069.0,-4.255637128792085e-09,1072.0,ASK
138,1712601957.2150753,22420176.06808199,1069.0,-1.3270547812589421e-08,1072.0,ASK
139,1712601957.4352217,22420408.03994617,1069.0,-8.5966494724054e-09,1072.0,ASK
140,1712601957.4379406,22420767.28676877,1069.0,-1.3313334437894092e-08,1072.0,ASK
141,1712601958.2647593,22421066.05065147,1069.0,-1.1071896083821455e-08,1072.0,ASK
142,1712601958.3854558,22421239.04495573,1069.0,-6.4109990223547024e-09,1072.0,ASK
143,1712601958.4650323,22421595.25051647,1069.0,-1.3200628260003734e-08,1072.0,ASK
144,1712601958.5852587,22421724.6956852,1069.0,-4.797110828102266e-09,1072.0,ASK
145,1712601960.935072,22421724.6956852,1069.0,-0.0,1072.0,ASK
146,1712601961.0554652,22421951.02227085,1069.0,-8.383341872601485e-09,1072.0,ASK
147,1712601962.6550417,22422133.1764388,1069.0,-6.747155483553807e-09,1072.0,ASK
148,1712601962.8553736,22422148.10181193,1072.0,5.528493489243956e-10,1072.0,BID
149,1712601964.5651245,22422282.37301346,1069.0,-4.973527006667368e-09,1072.0,ASK
150,1712601965.4052143,22422511.48188401,1069.0,-8.48640022715237e-09,1072.0,ASK
151,1712601969.8252733,22422680.72810611,1069.0,-6.2690334696763194e-09,1072.0,ASK
152,1712601969.844695,22426263.72810611,1069.0,-1.3271756759465874e-07,1072.0,ASK
153,1712601973.1362476,22428173.88090611,1069.0,-7.07537910549238e-08,1072.0,ASK
154,1712601973.414883,22428486.96860611,1069.0,-1.1597052187568458e-08,1072.0,ASK
155,1712601974.9447026,22429817.10860611,1069.0,-4.926959122535262e-08,1072.0,ASK
156,1712601976.5853689,22432501.30368929,1069.0,-9.942501880798317e-08,1072.0,ASK
157,1712601976.5881977,22433400.10860611,1069.0,-3.329254878667553e-08,1072.0,ASK
158,1712601977.1152835,22436041.58273511,1069.0,-9.784259594332754e-08,1072.0,ASK
159,1712601977.117431,22436803.78700611,1069.0,-2.8232737052013386e-08,1072.0,ASK
160,1712601978.6152463,22437403.78700611,1069.0,-2.2224543833880893e-08,1072.0,ASK
161,1712601983.5950422,22437409.38402103,1069.0,-2.0731850567416318e-10,1072.0,ASK
162,1712601989.3751378,22437876.87704338,1069.0,-1.731636527884273e-08,1072.0,ASK
163,1712601989.3781133,22437910.50942103,1069.0,-1.2457737520839214e-09,1072.0,ASK
164,1712601990.9647317,22437910.50942103,1069.0,-0.0,1072.0,ASK
165,1712601998.7052672,22438000.76205,1069.0,-3.3408979764534503e-09,1072.0,ASK
166,1712601998.7084937,22438000.76212862,1069.0,-2.9103741881834214e-15,1072.0,ASK
167,1712602006.7553918,22438006.36960525,1070.0,2.0757298194534284e-10,1072.0,BID
168,1712602006.9950428,22438237.79874463,1069.0,-8.566854531122981e-09,1072.0,ASK
169,1712602007.0052826,22438271.30930422,1069.0,-1.2404664772227438e-09,1072.0,ASK
170,1712602011.1324975,22438510.91490422,1068.0,-8.869524060547688e-09,1072.0,ASK
171,1712602020.6511416,22438510.91490422,1068.0,-0.0,1072.0,ASK
172,1712602024.2548506,22438525.85421327,1071.0,5.52997985687033e-10,1072.0,BID
173,1712602037.12508,22438993.78504186,1068.0,-1.732106918271505e-08,1072.0,ASK
174,1712602037.1281788,22439248.64786957,1068.0,-9.434079571374504e-09,1072.0,ASK
175,1712602037.130973,22439676.9048848,1067.0,-1.5852491299129268e-08,1072.0,ASK
176,1712602050.5645568,22439676.9048848,1067.0,-0.0,1072.0,ASK
177,1712602053.8650146,22439682.51236143,1067.0,-2.0755848758272847e-10,1072.0,ASK
178,1712602073.5060773,22440381.04720615,1067.0,-2.5855985762949173e-08,1072.0,ASK
179,1712602075.6148202,22440386.64944704,1071.0,2.0736468881174647e-10,1072.0,BID
180,1712602080.9550283,22440386.64944704,1071.0,0.0,1072.0,BID
181,1712602086.334422,22440853.50285506,1071.0,1.7279906364321255e-08,1072.0,BID
182,1712602105.6250618,22444603.50285506,1070.0,1.3880084787435058e-07,1072.0,BID
183,1712602105.628018,22447883.99294816,1070.0,1.2142261503088014e-07,1072.0,BID
184,1712602105.630875,22451115.76294816,1069.0,1.1961931096928748e-07,1072.0,BID
185,1712602110.964317,22451115.76294816,1069.0,0.0,1072.0,BID
186,1712602120.944696,22451583.48979568,1069.0,1.7304884026949433e-08,1072.0,BID
187,1712602123.2545788,22451589.09203657,1067.0,-2.0727082358151246e-10,1072.0,ASK
188,1712602140.60457,22451589.09203657,1067.0,-0.0,1072.0,ASK
189,1712602146.6544752,22451594.70475874,1069.0,2.0765472098635527e-10,1072.0,BID
190,1712602170.614478,22451594.70475874,1069.0,0.0,1072.0,BID
191,1712602190.1441677,22451600.31748091,1067.0,-2.07654674890569e-10,1072.0,ASK
192,1712602200.6860998,22451600.31748091,1067.0,-0.0,1072.0,ASK
193,1712602201.986514,22451978.78842585,1067.0,-1.4019594293673169e-08,1072.0,ASK
194,1712602201.990032,22452534.89773645,1067.0,-2.059980302773637e-08,1072.0,ASK
195,1712602204.9165523,22452768.53240039,1067.0,-8.65446408806985e-09,1072.0,ASK
196,1712602204.9245195,22453828.88198028,1067.0,-3.9278235537692526e-08,1072.0,ASK
197,1712602210.7657042,22453904.44951877,1067.0,-2.799227379389783e-09,1072.0,ASK
198,1712602210.768084,22455149.88488028,1067.0,-4.6134316836554425e-08,1072.0,ASK
199,1712602212.9442108,22455155.49760245,1069.0,2.0791051150701183e-10,1072.0,BID
200,1712602230.6245067,22455155.49760245,1069.0,0.0,1072.0,BID
201,1712602251.854446,22455155.4976222,1067.0,-7.314081670376566e-16,1072.0,ASK
202,1712602253.9940066,22455192.91577,1069.0,1.3858753363293142e-09,1072.0,BID
203,1712602256.1044817,22455211.64374184,1066.0,-6.93637600806945e-10,1072.0,ASK
204,1712602256.1076183,22456000.94307,1066.0,-2.9233688360406268e-08,1072.0,ASK
205,1712602257.794521,22456055.92141538,1066.0,-2.036261476674318e-09,1072.0,ASK
206,1712602257.7984362,22457137.06577,1066.0,-4.0042903886975615e-08,1072.0,ASK
207,1712602257.8543785,22457203.18200765,1065.0,-2.448781366094724e-09,1072.0,ASK
208,1712602257.858073,22457477.90257269,1065.0,-1.0174967972278507e-08,1072.0,ASK
209,1712602257.8618,22457477.90258312,1066.0,-3.861934464324469e-16,1072.0,ASK
210,1712602258.5142667,22457483.51530529,1065.0,-2.0788130055977758e-10,1072.0,ASK
211,1712602260.6561835,22457483.51530529,1065.0,-0.0,1072.0,ASK
212,1712602268.994546,22458454.89252747,1065.0,-3.5974095464399315e-08,1072.0,ASK
213,1712602268.9971986,22458825.5921041,1065.0,-1.3728530640713085e-08,1072.0,ASK
214,1712602268.99976,22467173.8313492,1065.0,-3.09169649757677e-07,1072.0,ASK
215,1712602281.3543575,22467438.9460263,1065.0,-9.818287360654097e-09,1072.0,ASK
216,1712602281.4339428,22467444.56926903,1067.0,2.0825181633568927e-10,1072.0,BID
217,1712602290.6355588,22467444.56926903,1067.0,0.0,1072.0,BID
218,1712602295.1439557,22467459.56458299,1067.0,5.55120082803012e-10,1072.0,BID
219,1712602308.2939436,22470561.4260263,1067.0,1.1482957850390001e-07,1072.0,BID
220,1712602308.373833,22471631.96897673,1067.0,-3.9631040268797024e-08,1072.0,ASK
221,1712602308.3937075,22472283.82887539,1067.0,-2.413157350022115e-08,1072.0,ASK
222,1712602312.063929,22473367.20547539,1065.0,-4.0106136464404255e-08,1072.0,ASK
223,1712602320.9255066,22473367.20547539,1065.0,-0.0,1072.0,ASK
224,1712602324.393787,22473372.82871812,1066.0,-2.0812135891361607e-10,1072.0,ASK
225,1712602337.004362,22474248.43773299,1066.0,-3.240709086440717e-08,1072.0,ASK
226,1712602337.0079014,22475014.12185622,1066.0,-2.8338670038176844e-08,1072.0,ASK
227,1712602339.0741622,22475732.74981159,1066.0,-2.6597078207057497e-08,1072.0,ASK
228,1712602342.2238476,22476400.11981159,1066.0,-2.4699974375393363e-08,1072.0,ASK
229,1712602343.7039804,22477321.00061159,1066.0,-3.4082641057729375e-08,1072.0,ASK
230,1712602345.2172716,22477800.71021159,1066.0,-1.7754491253203684e-08,1072.0,ASK
231,1712602347.503977,22479670.12308183,1066.0,-6.918868092942923e-08,1072.0,ASK
232,1712602347.5075238,22479757.92571159,1066.0,-3.249655671059961e-09,1072.0,ASK
233,1712602350.9935212,22479757.92571159,1066.0,-0.0,1072.0,ASK
234,1712602361.153777,22479772.90698499,1068.0,5.54330869628188e-10,1072.0,BID
235,1712602376.7136753,22479934.31673562,1066.0,-5.972416700435302e-09,1072.0,ASK
236,1712602380.5938015,22479934.31673562,1066.0,-0.0,1072.0,ASK
237,1712602410.596918,22479934.31673562,1066.0,-0.0,1072.0,ASK
238,1712602416.92821,22479939.93471314,1068.0,2.0787262939684508e-10,1072.0,BID
239,1712602417.4034846,22480005.53921173,1067.0,-2.4274535768980038e-09,1072.0,ASK
240,1712602432.213807,22480020.52048513,1068.0,5.543270122762831e-10,1072.0,BID
241,1712602440.9332623,22480020.52048513,1068.0,0.0,1072.0,BID
242,1712602464.513547,22480026.13846265,1066.0,-2.07871921913265e-10,1072.0,ASK
243,1712602470.963337,22480026.13846265,1066.0,-0.0,1072.0,ASK
244,1712602484.6244545,22480058.751033,1066.0,-1.2067040403522075e-09,1072.0,ASK
245,1712602484.6280944,22480240.75031626,1066.0,-6.734190776666534e-09,1072.0,ASK
246,1712602484.6309187,22484015.87482318,1066.0,-1.3968411402616205e-07,1072.0,ASK
247,1712602484.684667,22494216.88582318,1066.0,3.7744958638952347e-07,1072.0,BID
248,1712602484.7032857,22497187.53464277,1066.0,1.0991755309973457e-07,1072.0,BID
249,1712602489.1933062,22497193.15262029,1068.0,2.0787187571279056e-10,1072.0,BID
250,1712602500.6352794,22497193.15262029,1068.0,0.0,1072.0,BID
251,1712602512.12353,22497208.13389369,1068.0,5.544822561573375e-10,1072.0,BID
252,1712602520.0743062,22497508.13389369,1065.0,-1.1103507184524686e-08,1072.0,ASK
253,1712602520.078554,22510609.81718034,1065.0,-4.849154483422192e-07,1072.0,ASK
254,1712602520.0826578,22518137.98619442,1065.0,-2.786302624472283e-07,1072.0,ASK
255,1712602520.1935225,22520027.0058563,1065.0,6.991581129134801e-08,1072.0,BID
256,1712602530.5968716,22520027.0058563,1065.0,0.0,1072.0,BID
257,1712602530.93406,22520032.62383382,1065.0,-2.0774386511550166e-10,1072.0,ASK
258,1712602544.324782,22520083.18563154,1065.0,-1.869694787968089e-09,1072.0,ASK
259,1712602544.3284657,22520087.71070728,1064.0,-1.6733009722603295e-10,1072.0,ASK
260,1712602545.744707,22520111.38112026,1064.0,-8.7529418996058e-10,1072.0,ASK
261,1712602545.7491243,22523861.38112026,1064.0,-1.3866903019912578e-07,1072.0,ASK
262,1712602545.7545795,22524932.86872924,1064.0,-3.9621906028717447e-08,1072.0,ASK
263,1712602555.724497,22524938.48670676,1068.0,2.0774386511550166e-10,1072.0,BID
264,1712602560.9561222,22524938.48670676,1068.0,0.0,1072.0,BID
265,1712602590.9556062,22524938.48670676,1068.0,0.0,1072.0,BID
266,1712602599.7456994,22524944.10468428,1065.0,-2.077037273565747e-10,1072.0,ASK
267,1712602608.585827,22524949.10468428,1067.0,1.8485631765999558e-10,1072.0,BID
268,1712602620.6481028,22524949.10468428,1067.0,0.0,1072.0,BID
269,1712602624.196804,22524954.72792701,1067.0,2.0789830196000583e-10,1072.0,BID
270,1712602639.036711,22524969.70920041,1068.0,5.538763750676713e-10,1072.0,BID
271,1712602650.6187022,22524969.70920041,1068.0,0.0,1072.0,BID
272,1712602670.2176464,22524975.33244314,1065.0,-2.0789813286243022e-10,1072.0,ASK
273,1712602680.9474063,22524975.33244314,1065.0,-0.0,1072.0,ASK
274,1712602691.458042,22524980.95042066,1068.0,2.0770342551661004e-10,1072.0,BID
275,1712602700.5281498,22524995.93169406,1068.0,5.53875802066269e-10,1072.0,BID
276,1712602710.9382567,22524995.93169406,1068.0,0.0,1072.0,BID
277,1712602715.7885942,22525085.3772039,1065.0,-3.306906020629556e-09,1072.0,ASK
278,1712602726.539172,22525179.0101627,1068.0,3.461720948746514e-09,1072.0,BID
279,1712602735.542202,22525184.62814022,1065.0,-2.0770325657771528e-10,1072.0,ASK
280,1712602740.600517,22525184.62814022,1065.0,-0.0,1072.0,ASK
281,1712602742.708835,22525342.89844695,1065.0,-5.851396421237583e-09,1072.0,ASK
282,1712602757.869335,22525348.51642447,1068.0,2.0770171124025086e-10,1072.0,BID
283,1712602767.6296608,22525759.70549143,1065.0,-1.520203179321855e-08,1072.0,ASK
284,1712602770.6214414,22525759.70549143,1065.0,-0.0,1072.0,ASK
285,1712602800.7302997,22525759.70549143,1065.0,-0.0,1072.0,ASK
286,1712602801.7801328,22525765.32346895,1065.0,-2.0775888993380568e-10,1072.0,ASK
287,1712602802.9803002,22525774.68676483,1068.0,3.4626481710740365e-10,1072.0,BID
288,1712602806.9201832,22526632.67826933,1065.0,-3.172945458718576e-08,1072.0,ASK
289,1712602822.1206026,22526647.65954273,1068.0,5.540237070412096e-10,1072.0,BID
290,1712602825.7904727,22526653.27752025,1068.0,2.0775889007157096e-10,1072.0,BID
291,1712602830.640711,22526653.27752025,1068.0,0.0,1072.0,BID
292,1712602843.409206,22528525.93669628,1068.0,6.925052605035975e-08,1072.0,BID
293,1712602843.4107263,22530289.2807974,1068.0,6.520807852994795e-08,1072.0,BID
294,1712602860.950851,22530289.2807974,1068.0,0.0,1072.0,BID
295,1712602878.421527,22530294.89877492,1066.0,-2.0772174858493527e-10,1072.0,ASK
296,1712602884.261679,22530309.88004832,1068.0,5.539246635818643e-10,1072.0,BID
297,1712602890.9419978,22530309.88004832,1068.0,0.0,1072.0,BID
298,1712602896.441909,22530315.49802584,1068.0,2.0772157970252914e-10,1072.0,BID
299,1712602907.0417254,22530329.4775634,1068.0,5.16885590265365e-10,1072.0,BID
300,1712602907.054792,22531719.99240786,1068.0,5.1413509423107647e-08,1072.0,BID
301,1712602913.4122877,22531724.99240786,1068.0,1.8487220624792195e-10,1072.0,BID
302,1712602920.6047685,22531724.99240786,1068.0,0.0,1072.0,BID
303,1712602935.2721632,22531894.15300289,1068.0,6.2542689882987815e-09,1072.0,BID
304,1712602945.0528696,22532387.83040289,1066.0,-1.8252426059479173e-08,1072.0,ASK
305,1712602945.1522942,22532468.93039995,1065.0,-2.998459519946493e-09,1072.0,ASK
306,1712602945.1554503,22532468.93040288,1066.0,-1.082580048802292e-16,1072.0,ASK
307,1712602945.692304,22532474.5483804,1065.0,-2.0770997280924127e-10,1072.0,ASK
308,1712602945.8722565,22532489.5296538,1068.0,5.53893261008287e-10,1072.0,BID
309,1712602950.6524737,22532489.5296538,1068.0,0.0,1072.0,BID
310,1712602970.5824163,22532495.15289653,1067.0,2.0789837348864003e-10,1072.0,BID
311,1712602980.9527712,22532495.15289653,1067.0,0.0,1072.0,BID
312,1712603007.1930325,22532510.14821049,1067.0,5.543955398397994e-10,1072.0,BID
313,1712603010.963042,22532510.14821049,1067.0,0.0,1072.0,BID
314,1712603016.6936429,22532515.77145322,1065.0,-2.0789820439094807e-10,1072.0,ASK
315,1712603027.4437711,22532536.76394148,1065.0,-7.7611812669626e-10,1072.0,ASK
316,1712603027.4472597,22541848.02710441,1065.0,-3.4424885860277e-07,1072.0,ASK
317,1712603027.4506772,22541927.6295543,1065.0,-2.943000540011891e-09,1072.0,ASK
318,1712603040.6136122,22541927.6295543,1065.0,-0.0,1072.0,ASK
319,1712603040.8934474,22541933.25279703,1067.0,2.0782114265489503e-10,1072.0,BID
320,1712603070.6937425,22541933.25279703,1067.0,0.0,1072.0,BID
321,1712603086.6837828,22541948.24811099,1067.0,5.54189591545915e-10,1072.0,BID
322,1712603088.6353035,22541953.87135372,1065.0,-2.0782109657157286e-10,1072.0,ASK
323,1712603100.9440484,22541953.87135372,1065.0,-0.0,1072.0,ASK
324,1712603106.6642108,22541959.49459645,1067.0,2.0784496278015608e-10,1072.0,BID
325,1712603130.9442542,22541959.49459645,1067.0,0.0,1072.0,BID
326,1712603137.994743,22541964.72155645,1066.0,-1.93197611662927e-10,1072.0,ASK
327,1712603150.7544982,22541979.73093731,1066.0,5.547730486887724e-10,1072.0,BID
328,1712603153.1842668,22541985.35418004,1065.0,-2.0784491668626936e-10,1072.0,ASK
329,1712603160.6251388,22541985.35418004,1065.0,-0.0,1072.0,ASK
330,1712603173.794869,22541990.98269786,1066.0,2.0803968117511747e-10,1072.0,BID
331,1712603183.877607,22542004.30515611,1066.0,4.92420928039137e-10,1072.0,BID
332,1712603188.975063,22543867.15530573,1066.0,-6.88541395363687e-08,1072.0,ASK
333,1712603190.596674,22543867.15530573,1066.0,-0.0,1072.0,ASK
334,1712603208.6751025,22544296.81005735,1066.0,1.5879599823988025e-08,1072.0,BID
335,1712603208.7951145,22544551.36946931,1066.0,9.408255298299733e-09,1072.0,BID
336,1712603208.8586774,22544587.7289455,1066.0,1.3438090223124828e-09,1072.0,BID
337,1712603217.0155754,22544602.72425946,1067.0,5.542114546133588e-10,1072.0,BID
338,1712603220.955172,22544602.72425946,1067.0,0.0,1072.0,BID
339,1712603221.5353296,22544608.35277728,1065.0,-2.0801822879848203e-10,1072.0,ASK
340,1712603244.995428,22544613.97602001,1067.0,2.0782327241007315e-10,1072.0,BID
341,1712603246.8857677,22544801.59328079,1066.0,-6.933940962381729e-09,1072.0,ASK
342,1712603250.9852183,22544801.59328079,1066.0,-0.0,1072.0,ASK
343,1712603258.8054214,22545651.21095282,1066.0,3.1399843476826546e-08,1072.0,BID
344,1712603258.8854446,22547287.71234358,1066.0,-6.048118961177646e-08,1072.0,ASK
345,1712603258.8896909,22547515.08305564,1066.0,-8.403079414363457e-09,1072.0,ASK
346,1712603278.066199,22547530.0783696,1067.0,5.54191051630557e-10,1072.0,BID
347,1712603280.6072946,22547530.0783696,1067.0,0.0,1072.0,BID
348,1712603289.0856123,22548301.38573556,1066.0,2.8502617408430024e-08,1072.0,BID
349,1712603290.6756306,22548307.00897829,1065.0,-2.0779930693763714e-10,1072.0,ASK
350,1712603310.5881867,22548307.00897829,1065.0,-0.0,1072.0,ASK
351,1712603316.285891,22548312.63749611,1066.0,2.079878753553596e-10,1072.0,BID
352,1712603321.866263,22548412.64190291,1066.0,3.6954140958785484e-09,1072.0,BID
353,1712603334.92617,22548506.4505333,1066.0,3.466464590540809e-09,1072.0,BID
354,1712603340.9657729,22548506.4505333,1066.0,0.0,1072.0,BID
355,1712603345.9500792,22551379.26189431,1065.0,-1.0615676383421513e-07,1072.0,ASK
356,1712603345.952237,22551479.26189431,1065.0,-3.695222222904745e-09,1072.0,ASK
357,1712603345.9542544,22562590.95757555,1065.0,-4.106018481546049e-07,1072.0,ASK
358,1712603359.2961986,22562596.58609337,1065.0,-2.0798624135767832e-10,1072.0,ASK
359,1712603362.0061476,22562601.58609337,1066.0,1.8476111114523727e-10,1072.0,BID
360,1712603370.9660718,22562601.58609337,1066.0,0.0,1072.0,BID
361,1712603375.7390463,22562609.67017405,1066.0,2.985591345618345e-10,1072.0,BID
362,1712603375.7436526,22562633.81426238,1066.0,8.91683099194829e-10,1072.0,BID
363,1712603382.2162907,22562639.4427802,1066.0,2.0787093497709967e-10,1072.0,BID
364,1712603396.30635,22562654.45216106,1066.0,5.543224933181262e-10,1072.0,BID
365,1712603397.6264584,22562659.45216106,1066.0,1.846586806437831e-10,1072.0,BID
366,1712603400.6393173,22562659.45216106,1066.0,0.0,1072.0,BID
367,1712603425.3774097,22562665.08067888,1065.0,-2.0801511058913112e-10,1072.0,ASK
368,1712603430.6282969,22562665.08067888,1065.0,-0.0,1072.0,ASK
369,1712603448.51691,22562670.7091967,1066.0,2.0801506450628648e-10,1072.0,BID
370,1712603460.9398007,22562670.7091967,1066.0,0.0,1072.0,BID
371,1712603484.588832,22562689.47092277,1066.0,6.933833945547479e-10,1072.0,BID
372,1712603487.236929,22562695.09944059,1065.0,-2.080150182425152e-10,1072.0,ASK
373,1712603490.9678454,22562695.09944059,1065.0,-0.0,1072.0,ASK
374,1712603509.8973756,22562710.10882145,1066.0,5.547061829674515e-10,1072.0,BID
375,1712603512.9671834,22562715.73733927,1066.0,2.0801481840627926e-10,1072.0,BID
376,1712603520.6017883,22562715.73733927,1066.0,0.0,1072.0,BID
377,1712603550.638743,22562715.73733927,1066.0,0.0,1072.0,BID
378,1712603555.7975044,22562721.36585709,1065.0,-2.0801464941544286e-10,1072.0,ASK
379,1712603555.937502,22563112.23581559,1064.0,-1.444548635420858e-08,1072.0,ASK
380,1712603555.9397876,22567092.97978589,1065.0,-1.4711742729887152e-07,1072.0,ASK
381,1712603570.8785655,22567107.98916675,1066.0,5.547057319580832e-10,1072.0,BID
382,1712603580.6575327,22567107.98916675,1066.0,0.0,1072.0,BID
383,1712603588.6813457,22567410.10206488,1065.0,-1.1163338036492676e-08,1072.0,ASK
384,1712603597.6276011,22567558.66468214,1066.0,5.489519733497608e-09,1072.0,BID
385,1712603610.6142173,22567558.66468214,1066.0,0.0,1072.0,BID
386,1712603616.4781775,22569016.36028868,1066.0,5.386218272925586e-08,1072.0,BID
387,1712603616.4831705,22570372.92359395,1066.0,5.0125321297799056e-08,1072.0,BID
388,1712603640.947553,22570372.92359395,1066.0,0.0,1072.0,BID
389,1712603646.1380496,22570378.55211177,1066.0,2.0795195635754888e-10,1072.0,BID
390,1712603651.337821,22570383.55211177,1066.0,1.8473065463677707e-10,1072.0,BID
391,1712603651.3776395,22570398.56149263,1066.0,5.545385503326755e-10,1072.0,BID
392,1712603670.9675558,22570398.56149263,1066.0,0.0,1072.0,BID
393,1712603686.4179263,22570661.74509782,1066.0,9.72360611700446e-09,1072.0,BID
394,1712603687.3787808,22570667.37361564,1065.0,-2.0795174638081878e-10,1072.0,ASK
395,1712603700.670117,22570667.37361564,1065.0,-0.0,1072.0,ASK
396,1712603708.7579806,22570673.00213346,1066.0,2.0849907981946599e-10,1072.0,BID
397,1712603712.6281834,22570688.01151432,1066.0,5.55997546737231e-10,1072.0,BID
398,1712603730.587911,22570688.01151432,1066.0,0.0,1072.0,BID
399,1712603737.4386778,22570693.24379432,1065.0,-1.9382095092854808e-10,1072.0,ASK
400,1712603737.443517,22571363.81427935,1065.0,-2.4840147916458795e-08,1072.0,ASK
401,1712603737.4482057,22571459.31888028,1065.0,-3.5378061914218747e-09,1072.0,ASK
402,1712603752.108364,22571464.9473981,1065.0,-2.0849891004056668e-10,1072.0,ASK
403,1712603760.958144,22571464.9473981,1065.0,-0.0,1072.0,ASK
404,1712603773.0483615,22571479.95677896,1066.0,5.559800521475037e-10,1072.0,BID
405,1712603775.0082395,22571485.58529678,1066.0,2.084925195380648e-10,1072.0,BID
406,1712603790.9681726,22571485.58529678,1066.0,0.0,1072.0,BID
407,1712603793.7184954,22571607.12704162,1066.0,4.502166425312893e-09,1072.0,BID
408,1712603820.6184368,22571607.12704162,1066.0,0.0,1072.0,BID
409,1712603821.2085123,22571618.05122305,1066.0,4.04653124646489e-10,1072.0,BID
410,1712603829.9183671,22571623.67974087,1065.0,-2.0849134887937576e-10,1072.0,ASK
411,1712603836.1416612,22571638.68912173,1066.0,5.559769308969701e-10,1072.0,BID
412,1712603850.6383543,22571638.68912173,1066.0,0.0,1072.0,BID
413,1712603852.6587982,22571644.31763955,1066.0,2.0849108908385747e-10,1072.0,BID
414,1712603869.7589726,22571765.85217744,1065.0,-4.5018722490068855e-09,1072.0,ASK
415,1712603869.7641306,22571955.14443095,1065.0,-7.0117479179179506e-09,1072.0,ASK
416,1712603876.8689065,22571985.71867907,1064.0,-1.1325287571171615e-09,1072.0,ASK
417,1712603876.8736932,22572455.14443095,1064.0,-1.73884296760247e-08,1072.0,ASK
418,1712603880.988588,22572455.14443095,1064.0,-0.0,1072.0,ASK
419,1712603892.2589903,22572591.52830668,1064.0,-5.051757567854621e-09,1072.0,ASK
420,1712603892.2647123,22572642.03696599,1064.0,-1.8708773344911304e-09,1072.0,ASK
421,1712603893.9120626,22572647.66548381,1064.0,-2.0848437799364766e-10,1072.0,ASK
422,1712603895.428927,22572662.68895798,1065.0,5.564803679001453e-10,1072.0,BID
423,1712603910.9883945,22572662.68895798,1065.0,0.0,1072.0,BID
424,1712603917.270264,22572668.32276079,1065.0,2.0867843073209838e-10,1072.0,BID
425,1712603938.6189373,22572804.74103478,1064.0,-5.05299036996036e-09,1072.0,ASK
426,1712603938.6288624,22589218.32276079,1064.0,-6.079659855886345e-07,1072.0,ASK
427,1712603940.608483,22589218.32276079,1064.0,-0.0,1072.0,ASK
428,1712603957.8292449,22589227.80143377,1064.0,-3.5086511204810243e-10,1072.0,ASK
429,1712603958.5489528,22589242.82490794,1065.0,5.56112966207273e-10,1072.0,BID
430,1712603966.039328,22589248.45871075,1064.0,-2.08542362172594e-10,1072.0,ASK
431,1712603970.6619654,22589248.45871075,1064.0,-0.0,1072.0,ASK
432,1712603981.653989,22589254.3742037,1065.0,2.1896922035840126e-10,1072.0,BID
433,1712603991.569076,22589260.00800651,1065.0,2.0854211453511816e-10,1072.0,BID
434,1712604000.6435645,22589260.00800651,1065.0,0.0,1072.0,BID
435,1712604024.5642705,22589295.00800651,1065.0,1.296334210741349e-09,1072.0,BID
436,1712604027.9250295,22589439.26451675,1065.0,5.342989981288513e-09,1072.0,BID
437,1712604030.630875,22589439.26451675,1065.0,0.0,1072.0,BID
438,1712604036.209472,22589444.89831956,1064.0,-2.08663990918329e-10,1072.0,ASK
439,1712604045.179978,22589459.92179373,1065.0,5.56437309161536e-10,1072.0,BID
440,1712604060.543609,22589684.40094087,1065.0,8.314226869255633e-09,1072.0,BID
441,1712604060.978785,22589684.40094087,1065.0,0.0,1072.0,BID
442,1712604074.9086275,22590153.82669275,1064.0,-1.7386356421770185e-08,1072.0,ASK
443,1712604088.469402,22590159.46049556,1065.0,2.0866197330815246e-10,1072.0,BID
444,1712604090.9791374,22590159.46049556,1065.0,0.0,1072.0,BID
445,1712604110.9891014,22590342.11683358,1065.0,6.76500752265106e-09,1072.0,BID
446,1712604120.6196246,22590342.11683358,1065.0,0.0,1072.0,BID
447,1712604131.995494,22590347.11683358,1065.0,1.8518270037482915e-10,1072.0,BID
448,1712604133.4994264,22590352.75063639,1064.0,-2.0865656364133326e-10,1072.0,ASK
449,1712604150.6195755,22590352.75063639,1064.0,-0.0,1072.0,ASK
450,1712604159.659708,22590358.3844392,1065.0,2.0865647602827367e-10,1072.0,BID
451,1712604168.571236,22590373.40791337,1065.0,5.564172698226451e-10,1072.0,BID
452,1712604180.959173,22590373.40791337,1065.0,0.0,1072.0,BID
453,1712604198.5197802,22590379.04171618,1064.0,-2.086563061523488e-10,1072.0,ASK
454,1712604210.9997396,22590379.04171618,1064.0,-0.0,1072.0,ASK
455,1712604224.439535,22590384.67551899,1065.0,2.0865625969053624e-10,1072.0,BID
456,1712604228.1694772,22591108.82321899,1064.0,-2.681988626031365e-08,1072.0,ASK
457,1712604240.6094267,22591108.82321899,1064.0,-0.0,1072.0,ASK
458,1712604252.769672,22591123.84669316,1065.0,5.564006916293791e-10,1072.0,BID
459,1712604264.4695656,22592518.44148947,1064.0,-5.164940549246205e-08,1072.0,ASK
460,1712604265.1094482,22592524.07529228,1064.0,-2.086502593437712e-10,1072.0,ASK
461,1712604270.6318846,22592524.07529228,1064.0,-0.0,1072.0,ASK
462,1712604286.869737,22592529.70909509,1065.0,2.0863862352614878e-10,1072.0,BID
463,1712604287.2496283,22595343.9680069,1064.0,-1.0422145139461525e-07,1072.0,ASK
464,1712604300.969483,22595343.9680069,1064.0,-0.0,1072.0,ASK
465,1712604322.9098256,22595358.99148107,1065.0,5.575450942587566e-10,1072.0,BID
466,1712604330.951701,22595358.99148107,1065.0,0.0,1072.0,BID
467,1712604332.6095376,22595364.62528388,1064.0,-2.0907928604324715e-10,1072.0,ASK
468,1712604355.7301478,22595370.25908669,1065.0,2.0907928618149848e-10,1072.0,BID
469,1712604360.6659513,22595370.25908669,1065.0,0.0,1072.0,BID
470,1712604376.5874205,22595913.8702264,1065.0,2.0174255691999893e-08,1072.0,BID
471,1712604376.590976,22597815.39919863,1065.0,7.056870047190471e-08,1072.0,BID
472,1712604376.5935714,22603085.99681297,1065.0,1.9560008276850133e-07,1072.0,BID
473,1712604380.563197,22603629.4142525,1065.0,-2.0167067176786522e-08,1072.0,ASK
474,1712604380.9394555,22604060.657567,1065.0,-1.6004110763360718e-08,1072.0,ASK
475,1712604380.9996293,22604269.89204102,1065.0,-7.76501706853156e-09,1072.0,ASK
476,1712604381.002863,22604727.15718273,1065.0,-1.6969821282200718e-08,1072.0,ASK
477,1712604389.0496836,22604742.16656359,1066.0,5.570214903557395e-10,1072.0,BID
478,1712604390.6536462,22604742.16656359,1066.0,0.0,1072.0,BID
479,1712604392.1412327,22604881.86442644,1065.0,-5.182485507648579e-09,1072.0,ASK
480,1712604392.7828686,22605063.10392296,1065.0,-6.723589358774354e-09,1072.0,ASK
481,1712604399.7800386,22605072.49359432,1066.0,3.4833629339141515e-10,1072.0,BID
482,1712604402.9091043,22605239.65405197,1065.0,-6.201287775957208e-09,1072.0,ASK
483,1712604403.039626,22605477.88861757,1065.0,-8.837981902068564e-09,1072.0,ASK
484,1712604404.2999587,22605483.52242038,1065.0,-2.0900177578608886e-10,1072.0,ASK
485,1712604413.189721,22605488.52242038,1066.0,1.8548907627618915e-10,1072.0,BID
486,1712604415.510395,22605644.98819664,1065.0,-5.80453846149581e-09,1072.0,ASK
487,1712604415.5656712,22605811.72488436,1065.0,-6.185566837300235e-09,1072.0,ASK
488,1712604415.7007194,22606045.1290179,1065.0,-8.658783425862677e-09,1072.0,ASK
489,1712604420.6318617,22606045.1290179,1065.0,-0.0,1072.0,ASK
490,1712604423.8100276,22606157.69937437,1066.0,4.175899314303563e-09,1072.0,BID
491,1712604424.9401784,22606929.00674033,1066.0,2.861234521812285e-08,1072.0,BID
492,1712604424.9649506,22607122.25288075,1066.0,7.168640577911581e-09,1072.0,BID
493,1712604425.799831,22607127.88139857,1066.0,2.08794965639172e-10,1072.0,BID
494,1712604445.2500386,22609566.98139857,1065.0,-9.048062329157261e-08,1072.0,ASK
495,1712604450.6100552,22609566.98139857,1065.0,-0.0,1072.0,ASK
496,1712604452.682821,22609604.96976629,1066.0,1.4090167970453483e-09,1072.0,BID
497,1712604463.830979,22610454.58743832,1065.0,-3.151295101311968e-08,1072.0,ASK
498,1712604463.836782,22610488.80715662,1065.0,-1.2692347887352055e-09,1072.0,ASK
499,1712604470.6400485,22610494.43567444,1064.0,-2.087659099174114e-10,1072.0,ASK
500,1712604480.9831457,22610494.43567444,1064.0,-0.0,1072.0,ASK
501,1712604508.3012638,22611050.37306688,1064.0,-2.06193757023714e-08,1072.0,ASK
502,1712604510.9699771,22611050.37306688,1064.0,-0.0,1072.0,ASK
503,1712604520.0801969,22611065.39654105,1065.0,5.571991855790467e-10,1072.0,BID
504,1712604526.7201293,22613972.08915569,1065.0,1.0780507485074297e-07,1072.0,BID
505,1712604540.6601202,22613972.08915569,1065.0,0.0,1072.0,BID
506,1712604560.6001077,22613977.71767351,1066.0,2.0872959314562567e-10,1072.0,BID
507,1712604570.0000322,22614121.54557533,1065.0,-5.333755774055113e-09,1072.0,ASK
508,1712604570.6031573,22614121.54557533,1065.0,-0.0,1072.0,ASK
509,1712604583.2106414,22614136.55495619,1066.0,5.566089629345149e-10,1072.0,BID
510,1712604600.7303803,22614136.55495619,1066.0,0.0,1072.0,BID
511,1712604608.4902475,22614142.18347401,1065.0,-2.0880237421931022e-10,1072.0,ASK
512,1712604629.04011,22614147.81199183,1066.0,2.0880237408111228e-10,1072.0,BID
513,1712604630.619975,22614147.81199183,1066.0,0.0,1072.0,BID
514,1712604640.6905348,22615265.01199183,1065.0,-4.1444997791849294e-08,1072.0,ASK
515,1712604641.3759224,22615381.63911562,1065.0,-4.326540358056728e-09,1072.0,ASK
516,1712604644.0805771,22615502.13911562,1065.0,-4.470213241963095e-09,1072.0,ASK
517,1712604645.140219,22615786.4986383,1065.0,-1.0548943599612556e-08,1072.0,ASK
518,1712604645.1448712,22616030.63911562,1065.0,-9.056929415968322e-09,1072.0,ASK
519,1712604647.6502454,22616040.4480696,1065.0,-3.6388477977430975e-10,1072.0,ASK
520,1712604649.7802508,22622309.83401452,1066.0,2.325766976760623e-07,1072.0,BID
521,1712604660.98991,22622309.83401452,1066.0,0.0,1072.0,BID
522,1712604662.9739115,22622345.23996303,1065.0,-1.313038021617686e-09,1072.0,ASK
523,1712604662.9790263,22622474.0122116,1065.0,-4.7755494662347856e-09,1072.0,ASK
524,1712604670.5206268,22622483.4019116,1065.0,-3.482192579168013e-10,1072.0,ASK
525,1712604670.5271764,22628636.18083673,1065.0,-2.281772698549478e-07,1072.0,ASK
526,1712604677.1002283,22630030.8844239,1065.0,5.1722914255508585e-08,1072.0,BID
527,1712604677.970501,22630036.51294172,1064.0,-2.0873492213070275e-10,1072.0,ASK
528,1712604690.9706855,22630036.51294172,1064.0,-0.0,1072.0,ASK
529,1712604703.420462,22630042.14674453,1065.0,2.0886717694207507e-10,1072.0,BID
530,1712604720.594151,22630042.14674453,1065.0,0.0,1072.0,BID
531,1712604726.940889,22630057.1702187,1065.0,5.569790150301479e-10,1072.0,BID
532,1712604743.060353,22631860.50376882,1065.0,6.685663604060463e-08,1072.0,BID
533,1712604744.7696798,22631866.13757163,1065.0,-2.0886713048093044e-10,1072.0,ASK
534,1712604750.660176,22631866.13757163,1065.0,-0.0,1072.0,ASK
535,1712604759.6801715,22632006.18943402,1065.0,-5.191897032119057e-09,1072.0,ASK
536,1712604768.8804684,22632011.81795184,1066.0,2.0865616817763718e-10,1072.0,BID
537,1712604780.6704636,22632011.81795184,1066.0,0.0,1072.0,BID
538,1712604810.6302912,22632011.81795184,1066.0,0.0,1072.0,BID
539,1712604815.250535,22632017.44646966,1065.0,-2.086549681745484e-10,1072.0,ASK
540,1712604820.3306265,22632956.41360582,1065.0,-3.4808481402746816e-08,1072.0,ASK
541,1712604821.8004308,22633003.31792101,1066.0,1.738791401822837e-09,1072.0,BID
542,1712604823.1203644,22633050.26627781,1065.0,-1.74042406983352e-09,1072.0,ASK
543,1712604837.410584,22633055.90008062,1065.0,2.0885088825297006e-10,1072.0,BID
544,1712604841.000277,22633055.90008062,1065.0,0.0,1072.0,BID
545,1712604856.040668,22633102.84843742,1065.0,1.7403523276729163e-09,1072.0,BID
546,1712604864.8310378,22634311.56477542,1065.0,4.480651583401045e-08,1072.0,BID
547,1712604864.8363853,22634362.03425901,1065.0,1.8708787534290943e-09,1072.0,BID
548,1712604870.9804735,22634362.03425901,1065.0,0.0,1072.0,BID
549,1712604874.4504654,22634377.05773318,1065.0,5.56884028893052e-10,1072.0,BID
550,1712604878.0808668,22634382.69153599,1064.0,-2.0883151081763368e-10,1072.0,ASK
551,1712604888.620608,22634397.69153599,1064.0,-5.560138979817472e-10,1072.0,ASK
552,1712604892.5012808,22634407.08120735,1065.0,3.4805251821350625e-10,1072.0,BID
553,1712604900.6104703,22634407.08120735,1065.0,0.0,1072.0,BID
554,1712604905.6505268,22648780.69021722,1065.0,5.328556194945304e-07,1072.0,BID
555,1712604926.0207968,22648785.38693083,1065.0,-1.7411564759532948e-10,1072.0,ASK
556,1712604930.5922332,22648785.38693083,1065.0,-0.0,1072.0,ASK
557,1712604931.7605782,22648895.38693083,1065.0,-4.0755848524176905e-09,1072.0,ASK
558,1712604935.4007416,22648901.01544865,1066.0,2.085409269036829e-10,1072.0,BID
559,1712604947.9609723,22651715.27436046,1066.0,1.042704635614332e-07,1072.0,BID
560,1712604949.430848,22656006.31135998,1065.0,-1.5898623087642928e-07,1072.0,ASK
561,1712604949.435603,22656010.67019379,1065.0,-1.6149815508286707e-10,1072.0,ASK
562,1712604960.9604075,22656010.67019379,1065.0,-0.0,1072.0,ASK
563,1712604977.9809835,22656011.05314401,1065.0,-1.4184555521932352e-11,1072.0,ASK
564,1712604977.9863234,22656016.29871161,1064.0,-1.9429691091473807e-10,1072.0,ASK
565,1712604990.9605105,22656016.29871161,1064.0,-0.0,1072.0,ASK
566,1712605000.040705,22656021.92722943,1066.0,2.0848142032545768e-10,1072.0,BID
567,1712605020.700817,22656021.92722943,1066.0,0.0,1072.0,BID
568,1712605049.6010375,22656026.61707907,1064.0,-1.7371292550348438e-10,1072.0,ASK
569,1712605049.608144,22656031.32572568,1065.0,-1.744091686912032e-10,1072.0,ASK
570,1712605050.6330926,22656031.32572568,1065.0,-0.0,1072.0,ASK
571,1712605052.930701,22656036.9542435,1064.0,-2.08481296734077e-10,1072.0,ASK
572,1712605058.4508526,22656051.96362436,1066.0,5.559501246702005e-10,1072.0,BID
573,1712605072.2707334,22656057.59214218,1066.0,2.08481296734077e-10,1072.0,BID
574,1712605080.9536197,22656057.59214218,1066.0,0.0,1072.0,BID
575,1712605110.9706793,22656057.59214218,1066.0,0.0,1072.0,BID
576,1712605124.9208338,22656063.22066,1064.0,-2.0848108060007395e-10,1072.0,ASK
577,1712605140.6017716,22656063.22066,1064.0,-0.0,1072.0,ASK
578,1712605149.531064,22656068.84917782,1066.0,2.0848103421601887e-10,1072.0,BID
579,1712605157.3510451,22656240.68258569,1066.0,6.364731843471226e-09,1072.0,BID
580,1712605170.6154492,22656240.68258569,1066.0,0.0,1072.0,BID
581,1712605195.5610716,22656246.31110351,1064.0,-2.08479573528266e-10,1072.0,ASK
582,1712605200.6608186,22656246.31110351,1064.0,-0.0,1072.0,ASK
583,1712605223.7810876,22656251.93962133,1066.0,2.0874582239322632e-10,1072.0,BID
584,1712605230.613983,22656251.93962133,1066.0,0.0,1072.0,BID
585,1712605260.9810302,22656251.93962133,1066.0,0.0,1072.0,BID
586,1712605272.211086,22656257.56813915,1064.0,-2.0874577608064067e-10,1072.0,ASK
587,1712605273.3312857,22656757.56813915,1065.0,1.8543583115773373e-08,1072.0,BID
588,1712605288.831992,22656773.800282,1065.0,-6.02004180200224e-10,1072.0,ASK
589,1712605290.9708407,22656773.800282,1065.0,-0.0,1072.0,ASK
590,1712605303.1210265,22656788.82375617,1065.0,5.571665994403139e-10,1072.0,BID
591,1712605320.6148365,22656788.82375617,1065.0,0.0,1072.0,BID
592,1712605322.8213954,22656791.17054171,1066.0,8.703377989276696e-11,1072.0,BID
593,1712605333.701393,22660978.90500468,1066.0,1.5530791077194265e-07,1072.0,BID
594,1712605336.53123,22660984.5335225,1066.0,2.08741349605382e-10,1072.0,BID
595,1712605350.6608922,22660984.5335225,1066.0,0.0,1072.0,BID
596,1712605354.6733031,22661023.18953753,1064.0,-1.4333738958559178e-09,1072.0,ASK
597,1712605354.6759264,22661028.18953753,1064.0,-1.8540114582983952e-10,1072.0,ASK
598,1712605354.6813183,22677852.98593041,1064.0,-6.238673059187547e-07,1072.0,ASK
599,1712605354.6838365,22678071.48856321,1063.0,-8.10212769760949e-09,1072.0,ASK
600,1712605354.686305,22678082.72728501,1064.0,-4.1673437984338735e-10,1072.0,ASK
601,1712605354.6887908,22678984.5335225,1063.0,-3.3439181949528984e-08,1072.0,ASK
602,1712605354.9312618,22679078.43023611,1065.0,-3.481711658479307e-09,1072.0,ASK
603,1712605358.3112495,22680016.04749689,1066.0,3.476706289969636e-08,1072.0,BID
604,1712605371.2811654,22680020.74327154,1065.0,1.7412040021027062e-10,1072.0,BID
605,1712605371.4211447,22680311.52407154,1065.0,-1.0782218701057293e-08,1072.0,ASK
606,1712605371.4413154,22680311.5241166,1065.0,-1.6708763390464625e-15,1072.0,ASK
607,1712605380.9609385,22680311.5241166,1065.0,-0.0,1072.0,ASK
608,1712605381.7511675,22680317.15263442,1064.0,-2.0854770098962788e-10,1072.0,ASK
609,1712605393.4411922,22680319.50162455,1066.0,8.703472341540968e-11,1072.0,BID
610,1712605403.7312624,22680325.13542736,1065.0,2.0874352034785846e-10,1072.0,BID
611,1712605411.0011237,22680325.13542736,1065.0,0.0,1072.0,BID
612,1712605430.36562,22680343.91477008,1065.0,6.95811361818373e-10,1072.0,BID
613,1712605433.1313033,22680445.98284519,1065.0,3.781821727775632e-09,1072.0,BID
614,1712605439.7515247,22680461.00631936,1065.0,5.56649089095822e-10,1072.0,BID
615,1712605440.6262095,22680461.00631936,1065.0,0.0,1072.0,BID
616,1712605451.8012466,22680466.64012217,1064.0,-2.087422892197e-10,1072.0,ASK
617,1712605453.7214334,22680487.32615834,1064.0,-7.664539723138129e-10,1072.0,ASK
618,1712605453.7267125,22680594.72176109,1064.0,-3.97919570769852e-09,1072.0,ASK
619,1712605462.5923514,22680599.72176109,1065.0,1.8525878182568838e-10,1072.0,BID
620,1712605470.6072855,22680599.72176109,1065.0,0.0,1072.0,BID
621,1712605478.55132,22680605.3555639,1065.0,2.0874114766161035e-10,1072.0,BID
622,1712605496.2314794,22680792.3555639,1064.0,-6.928640549113825e-09,1072.0,ASK
623,1712605500.626063,22680792.3555639,1064.0,-0.0,1072.0,ASK
624,1712605515.6477003,22680807.37903807,1065.0,5.569517978694833e-10,1072.0,BID
625,1712605530.6218212,22680813.01284088,1064.0,-2.0885692404568888e-10,1072.0,ASK
626,1712605530.6455362,22680813.01284088,1064.0,-0.0,1072.0,ASK
627,1712605532.727213,22680952.79482771,1064.0,-5.182008137856638e-09,1072.0,ASK
628,1712605533.165793,22681126.88627777,1064.0,-6.453931092077628e-09,1072.0,ASK
629,1712605534.6172574,22681355.88128568,1064.0,-8.489319843037144e-09,1072.0,ASK
630,1712605534.6312273,22681540.36734774,1064.0,-6.839280915832237e-09,1072.0,ASK
631,1712605534.6652365,22681725.17820573,1064.0,-6.851321774453665e-09,1072.0,ASK
632,1712605548.5413878,22681935.40037534,1064.0,-7.793371795392133e-09,1072.0,ASK
633,1712605548.5458827,22682104.98820573,1064.0,-6.286972571214063e-09,1072.0,ASK
634,1712605559.1025743,22682199.68890917,1064.0,-3.510751470903206e-09,1072.0,ASK
635,1712605559.1127572,22682298.31220573,1064.0,-3.656170132724038e-09,1072.0,ASK
636,1712605560.9626524,22682298.31220573,1064.0,-0.0,1072.0,ASK
637,1712605579.6421287,22682313.3356799,1065.0,5.569187155917296e-10,1072.0,BID
638,1712605587.1218162,22682482.34512472,1064.0,-6.265163560494806e-09,1072.0,ASK
639,1712605591.011236,22682482.34512472,1064.0,-0.0,1072.0,ASK
640,1712605591.721495,22682487.97892753,1065.0,2.088430020956776e-10,1072.0,BID
641,1712605620.603894,22682487.97892753,1065.0,0.0,1072.0,BID
642,1712605638.4818437,22682493.61273034,1064.0,-2.0884295564528727e-10,1072.0,ASK
643,1712605643.4013991,22682508.63620451,1065.0,5.569145489398135e-10,1072.0,BID
644,1712605650.6223958,22682508.63620451,1065.0,0.0,1072.0,BID
645,1712605656.3819091,22682558.71176558,1064.0,-1.856280741008549e-09,1072.0,ASK
646,1712605656.3878946,22682746.79723412,1064.0,-6.9722520420094465e-09,1072.0,ASK
647,1712605659.293959,22682752.43633186,1064.0,2.0903906628579527e-10,1072.0,BID
648,1712605669.8520818,22686303.59152362,1063.0,-1.316398828107131e-07,1072.0,ASK
649,1712605669.8615048,22686696.37066748,1063.0,-1.4560163573819563e-08,1072.0,ASK
650,1712605674.4519289,22686947.98575699,1064.0,9.32726932726216e-09,1072.0,BID
651,1712605674.4563742,22687043.20289046,1064.0,3.529660523040384e-09,1072.0,BID
652,1712605680.9713502,22687043.20289046,1064.0,0.0,1072.0,BID
653,1712605706.6116729,22687058.22636463,1065.0,5.568145885449053e-10,1072.0,BID
654,1712605708.181363,22687063.86546237,1063.0,-2.0900171634165903e-10,1072.0,ASK
655,1712605710.964789,22687063.86546237,1063.0,-0.0,1072.0,ASK
656,1712605731.541783,22687069.49926518,1065.0,2.0880530028408908e-10,1072.0,BID
657,1712605740.6336677,22687069.49926518,1065.0,0.0,1072.0,BID
658,1712605770.6165347,22687069.49926518,1065.0,0.0,1072.0,BID
659,1712605774.1317055,22687075.13306799,1063.0,-2.0880525398853868e-10,1072.0,ASK
660,1712605798.0416903,22687080.7668708,1065.0,2.0880525385046848e-10,1072.0,BID
661,1712605800.6622725,22687080.7668708,1065.0,0.0,1072.0,BID
662,1712605828.8721745,22687095.79034497,1065.0,5.572050794204301e-10,1072.0,BID
663,1712605830.6318142,22687095.79034497,1065.0,0.0,1072.0,BID
664,1712605840.052234,22687101.42414778,1063.0,-2.0895178076851247e-10,1072.0,ASK
665,1712605859.06193,22688622.02804655,1063.0,-5.6397588460745465e-08,1072.0,ASK
666,1712605859.067794,22689481.68203496,1063.0,-3.1883656155474816e-08,1072.0,ASK
667,1712605860.9615903,22689481.68203496,1063.0,-0.0,1072.0,ASK
668,1712605861.1218083,22689487.31583777,1065.0,2.0893212755147678e-10,1072.0,BID
669,1712605886.9417796,22689517.31583777,1065.0,1.112563580071623e-09,1072.0,BID
670,1712605890.6120956,22689532.33931194,1065.0,5.57152340183322e-10,1072.0,BID
671,1712605890.9817357,22689532.33931194,1065.0,0.0,1072.0,BID
672,1712605902.6120763,22689537.97311475,1064.0,-2.0893170952923387e-10,1072.0,ASK
673,1712605904.381877,22690007.45668282,1065.0,1.741097580731954e-08,1072.0,BID
674,1712605920.6371572,22690007.45668282,1065.0,0.0,1072.0,BID
675,1712605923.4767442,22690013.09048563,1065.0,2.0892778886267368e-10,1072.0,BID
676,1712605950.6717448,22690013.09048563,1065.0,0.0,1072.0,BID
677,1712605971.9117537,22690018.72428844,1063.0,-2.0892774251271087e-10,1072.0,ASK
678,1712605980.9521213,22690018.72428844,1063.0,-0.0,1072.0,ASK
679,1712606005.1322153,22690065.71676964,1064.0,1.7427004739054501e-09,1072.0,BID
680,1712606010.971846,22690065.71676964,1064.0,0.0,1072.0,BID
681,1712606015.8127437,22692942.24551751,1063.0,-1.0667491030870689e-07,1072.0,ASK
682,1712606025.4819856,22692944.59671638,1064.0,8.719326335057029e-11,1072.0,BID
683,1712606026.9719038,22692959.63431036,1064.0,5.576631174630152e-10,1072.0,BID
684,1712606028.0919666,22692965.2734081,1064.0,2.091236689277489e-10,1072.0,BID
685,1712606040.626268,22692965.2734081,1064.0,0.0,1072.0,BID
686,1712606051.7041423,22693316.24788121,1064.0,1.3014259423952882e-08,1072.0,BID
687,1712606059.2823615,22694153.04658712,1064.0,3.1028796333226554e-08,1072.0,BID
688,1712606067.55286,22694158.68568486,1063.0,-2.0909976797439783e-10,1072.0,ASK
689,1712606068.741965,22694346.65560967,1064.0,6.969992272397701e-09,1072.0,BID
690,1712606070.5851188,22694346.65560967,1064.0,0.0,1072.0,BID
691,1712606089.1719966,22694352.29470741,1064.0,2.0908837262543919e-10,1072.0,BID
692,1712606096.6620774,22694446.19142102,1064.0,3.4815340950606235e-09,1072.0,BID
693,1712606100.6707354,22694446.19142102,1064.0,0.0,1072.0,BID
694,1712606102.6847486,22695931.34880038,1064.0,5.508640177959952e-08,1072.0,BID
695,1712606128.3723743,22695936.98789812,1063.0,-2.0916140473925047e-10,1072.0,ASK
696,1712606130.661654,22695936.98789812,1063.0,-0.0,1072.0,ASK
697,1712606141.3620872,22695952.0254921,1064.0,5.57730932601431e-10,1072.0,BID
698,1712606151.2635264,22695957.66458984,1064.0,2.0914909974280783e-10,1072.0,BID
699,1712606160.9725697,22695957.66458984,1064.0,0.0,1072.0,BID
700,1712606190.942805,22695957.66458984,1064.0,0.0,1072.0,BID
701,1712606195.3723447,22695963.30368758,1063.0,-2.09148928947406e-10,1072.0,ASK
702,1712606207.272249,22695978.34128156,1064.0,5.577304775154737e-10,1072.0,BID
703,1712606217.5527043,22695983.9803793,1064.0,2.09148928947406e-10,1072.0,BID
704,1712606220.6243658,22695983.9803793,1064.0,0.0,1072.0,BID
705,1712606250.6344144,22695983.9803793,1064.0,0.0,1072.0,BID
706,1712606253.8440888,22696744.74102473,1064.0,2.821588068472133e-08,1072.0,BID
707,1712606253.850393,22697372.14531938,1064.0,2.3269821888507312e-08,1072.0,BID
708,1712606255.8727274,22697377.38170938,1063.0,-1.9421266899052e-10,1072.0,ASK
709,1712606255.87764,22699310.33221418,1063.0,-7.169127522639427e-08,1072.0,ASK
710,1712606255.881622,22699372.33978048,1063.0,-2.299800998854974e-09,1072.0,ASK
711,1712606261.3526156,22699377.97887822,1063.0,-2.0914871179143567e-10,1072.0,ASK
712,1712606273.202412,22699380.33007709,1065.0,8.720370487074683e-11,1072.0,BID
713,1712606280.9822075,22699380.33007709,1065.0,0.0,1072.0,BID
714,1712606311.0143652,22699380.33007709,1065.0,0.0,1072.0,BID
715,1712606316.4525614,22699385.9638799,1065.0,2.0892434147402503e-10,1072.0,BID
716,1712606340.6021972,22699385.9638799,1065.0,0.0,1072.0,BID
717,1712606364.0323677,22699391.59768271,1063.0,-2.0892429512559408e-10,1072.0,ASK
718,1712606365.5123897,22699485.49439632,1065.0,3.4820715879592983e-09,1072.0,BID
719,1712606370.6194546,22699485.49439632,1065.0,0.0,1072.0,BID
720,1712606383.8530734,22699649.29439632,1064.0,-6.0743455480428e-09,1072.0,ASK
721,1712606384.492226,22699654.92819913,1065.0,2.0892347395339087e-10,1072.0,BID
722,1712606388.3525116,22700227.52819913,1064.0,-2.1234250676794952e-08,1072.0,ASK
723,1712606390.4125638,22700418.32819913,1064.0,-7.0756112978765506e-09,1072.0,ASK
724,1712606398.473075,22700420.67718926,1065.0,8.710975424863176e-11,1072.0,BID
725,1712606400.8259218,22700420.67718926,1065.0,0.0,1072.0,BID
726,1712606410.6731284,22700769.33860113,1065.0,1.2978160957989742e-08,1072.0,BID
727,1712606410.692412,22700890.16075733,1065.0,4.497341366289903e-09,1072.0,BID
728,1712606427.6625445,22700895.79456014,1063.0,-2.0970602773216727e-10,1072.0,ASK
729,1712606427.8627274,22701035.61469746,1064.0,5.204499796952897e-09,1072.0,BID
730,1712606430.6487277,22701035.61469746,1064.0,0.0,1072.0,BID
731,1712606436.4926014,22701042.27248707,1063.0,-2.4781566419599477e-10,1072.0,ASK
732,1712606448.552689,22701047.90628988,1065.0,2.0970091678052643e-10,1072.0,BID
733,1712606460.9863305,22701047.90628988,1065.0,0.0,1072.0,BID
734,1712606471.762952,22707672.97569752,1065.0,2.465976356317203e-07,1072.0,BID
735,1712606471.7705162,22710841.91755748,1065.0,1.1795402010721092e-07,1072.0,BID
736,1712606479.6728425,22710988.28018611,1065.0,5.4478943454946645e-09,1072.0,BID
737,1712606479.6787882,22716876.14009269,1065.0,2.1915730123804105e-07,1072.0,BID
738,1712606479.6845872,22720626.14009269,1065.0,1.3958210498931232e-07,1072.0,BID
739,1712606490.880801,22720631.7738955,1063.0,-2.0970081470665686e-10,1072.0,ASK
740,1712606490.9722576,22720631.7738955,1063.0,-0.0,1072.0,ASK
741,1712606502.9631767,22720636.7738955,1065.0,1.85965103049148e-10,1072.0,BID
742,1712606520.6850216,22720636.7738955,1065.0,0.0,1072.0,BID
743,1712606550.642518,22720636.7738955,1065.0,0.0,1072.0,BID
744,1712606569.4929278,22720771.34809209,1065.0,5.005219876098538e-09,1072.0,BID
745,1712606569.49923,22721575.74103165,1065.0,2.9917797254156235e-08,1072.0,BID
746,1712606577.782728,22721581.37483446,1065.0,2.0953810248058768e-10,1072.0,BID
747,1712606580.6313024,22721581.37483446,1065.0,0.0,1072.0,BID
748,1712606610.623381,22721581.37483446,1065.0,0.0,1072.0,BID
749,1712606621.1225653,22721587.00863727,1063.0,-2.0953026279893222e-10,1072.0,ASK
750,1712606640.9920857,22721587.00863727,1063.0,-0.0,1072.0,ASK
751,1712606642.7416997,22721589.35983614,1065.0,8.744487926744996e-11,1072.0,BID
752,1712606644.951763,22721594.99363895,1065.0,2.0953021613012696e-10,1072.0,BID
753,1712606670.950626,22721594.99363895,1065.0,0.0,1072.0,BID
754,1712606684.7509737,22721600.62744176,1063.0,-2.095301497217008e-10,1072.0,ASK
755,1712606685.3304346,22721610.00960513,1065.0,3.4893768240647736e-10,1072.0,BID
756,1712606700.273848,22721953.66688447,1065.0,1.2781164630189564e-08,1072.0,BID
757,1712606700.6200137,22721953.66688447,1065.0,0.0,1072.0,BID
758,1712606706.5300398,22721959.30068728,1065.0,2.096317367683947e-10,1072.0,BID
759,1712606714.580166,22722106.69354495,1063.0,-5.484434189355005e-09,1072.0,ASK
760,1712606714.5863037,22722200.10068728,1063.0,-3.4756455164783203e-09,1072.0,ASK
761,1712606714.5912724,22722210.10068728,1063.0,-3.7209633329757477e-10,1072.0,ASK
762,1712606716.250267,22722885.10068728,1063.0,-2.51165024975863e-08,1072.0,ASK
763,1712606716.4297593,22723767.50068728,1063.0,-3.2833780450122563e-08,1072.0,ASK
764,1712606719.9795804,22723901.30068728,1063.0,-4.9786489395492745e-09,1072.0,ASK
765,1712606727.654823,22724187.30514512,1064.0,-1.0642121006859072e-08,1072.0,ASK
766,1712606727.6823714,22725321.10514512,1064.0,-4.218828226930677e-08,1072.0,ASK
767,1712606727.6853857,22725461.31649169,1064.0,-5.217212794556222e-09,1072.0,ASK
768,1712606727.7293627,22725589.15694157,1064.0,-4.7568962647761275e-09,1072.0,ASK
769,1712606727.769143,22726976.75694157,1064.0,-5.1632087208426936e-08,1072.0,ASK
770,1712606727.8292172,22727109.05404476,1064.0,-4.922726700249247e-09,1072.0,ASK
771,1712606727.8695035,22727239.95224788,1064.0,-4.870674141605757e-09,1072.0,ASK
772,1712606727.8725653,22727370.96542553,1064.0,-4.8749523016554055e-09,1072.0,ASK
773,1712606727.9553823,22727555.06542553,1064.0,-6.850293496063799e-09,1072.0,ASK
774,1712606728.0591033,22727831.46542552,1064.0,-1.0284742652012288e-08,1072.0,ASK
775,1712606728.4889536,22727987.65542552,1064.0,-5.8117726296861065e-09,1072.0,ASK
776,1712606728.642587,22728192.54616441,1064.0,-7.623909266744168e-09,1072.0,ASK
777,1712606728.7497282,22729501.84616441,1064.0,-4.87185729186792e-08,1072.0,ASK
778,1712606728.8493538,22729776.2461644,1064.0,-1.0210323385352773e-08,1072.0,ASK
779,1712606730.282137,22729925.81083596,1064.0,-5.565246587874954e-09,1072.0,ASK
780,1712606730.5098038,22730035.63563004,1064.0,-4.086540318236954e-09,1072.0,ASK
781,1712606730.5230494,22730186.78716169,1064.0,-5.6242930698492505e-09,1072.0,ASK
782,1712606730.621754,22730186.78716169,1064.0,-0.0,1072.0,ASK
783,1712606731.15936,22730296.73892637,1064.0,-4.0899319968604645e-09,1072.0,ASK
784,1712606731.2191615,22730440.32551471,1064.0,-5.34106372631388e-09,1072.0,ASK
785,1712606731.2592332,22730590.19424909,1064.0,-5.574743923796985e-09,1072.0,ASK
786,1712606731.819459,22730726.1380862,1064.0,-5.056772401860947e-09,1072.0,ASK
787,1712606731.9388769,22731108.2380862,1064.0,-1.4213169025057164e-08,1072.0,ASK
788,1712606732.0589883,22731439.5380862,1064.0,-1.232353545653158e-08,1072.0,ASK
789,1712606732.1587842,22731702.7380862,1064.0,-9.790384944838565e-09,1072.0,ASK
790,1712606732.2689471,22732065.4380862,1064.0,-1.3491537307923425e-08,1072.0,ASK
791,1712606732.5495872,22732277.55110937,1064.0,-7.890076552499138e-09,1072.0,ASK
792,1712606732.629199,22732433.34364541,1064.0,-5.795094602341367e-09,1072.0,ASK
793,1712606733.5491042,22732601.04523741,1064.0,-6.238081844771564e-09,1072.0,ASK
794,1712606733.8291554,22732734.6684093,1064.0,-4.97044943131419e-09,1072.0,ASK
795,1712606736.9194338,22733362.46840929,1064.0,-2.3352597523548376e-08,1072.0,ASK
796,1712606737.0589857,22733901.30068728,1064.0,-2.0043219689115592e-08,1072.0,ASK
797,1712606737.063973,22733902.46840929,1063.0,-4.3436352499007815e-11,1072.0,ASK
798,1712606743.1295323,22733907.46840929,1065.0,1.8598755594087588e-10,1072.0,BID
799,1712606748.5887675,22733992.00736047,1065.0,3.1446385823872043e-09,1072.0,BID
800,1712606754.708779,22733997.64116328,1063.0,-2.095634430130994e-10,1072.0,ASK
801,1712606760.5151887,22734520.34116328,1063.0,-1.9443139098170025e-08,1072.0,ASK
802,1712606760.9885223,22734520.34116328,1063.0,-0.0,1072.0,ASK
1003,1712606761.3027356,22735150.45781275,1063.0,-2.3434752112498292e-08,1072.0,ASK
803,1712606761.3027356,22735150.45781275,1063.0,-2.343475211249829e-08,1072.0,ASK
804,1712606761.4985795,22735296.84213107,1063.0,-5.444198651044737e-09,1072.0,ASK
805,1712606762.058277,22735682.05641112,1063.0,-1.4326555520792813e-08,1072.0,ASK
806,1712606762.1585174,22736070.74637282,1063.0,-1.445582005919799e-08,1072.0,ASK
807,1712606772.5445125,22737522.14637282,1063.0,-5.39792104285396e-08,1072.0,ASK
808,1712606773.5783558,22737549.87167855,1063.0,-1.031135532670637e-09,1072.0,ASK
809,1712606773.5849838,22737582.54082203,1062.0,-1.2150024599610802e-09,1072.0,ASK
810,1712606773.5917175,22739466.62694534,1062.0,-7.00712975854257e-08,1072.0,ASK
811,1712606773.595695,22742391.23651653,1062.0,-1.087695435196866e-07,1072.0,ASK
812,1712606773.5994165,22742409.20453158,1062.0,-6.682508373245877e-10,1072.0,ASK
813,1712606773.6031332,22745191.10720512,1062.0,-1.034621123097941e-07,1072.0,ASK
814,1712606776.6085088,22745196.74100793,1065.0,2.0952750966713303e-10,1072.0,BID
815,1712606777.8182385,22745866.53100793,1063.0,-2.4910248968463272e-08,1072.0,ASK
816,1712606777.8380702,22746031.64586114,1063.0,-6.140808465155454e-09,1072.0,ASK
817,1712606778.160229,22746153.91904352,1063.0,-4.547478187472061e-09,1072.0,ASK
818,1712606778.2181864,22746277.26640644,1063.0,-4.587428178922776e-09,1072.0,ASK
819,1712606780.027803,22746430.69431462,1063.0,-5.70615773829534e-09,1072.0,ASK
820,1712606780.0489402,22746821.63158233,1063.0,-1.4539399915955757e-08,1072.0,ASK
821,1712606780.127592,22747257.65049129,1063.0,-1.6216037231278422e-08,1072.0,ASK
822,1712606788.9178278,22747393.77526301,1063.0,-5.062634488968681e-09,1072.0,ASK
823,1712606790.9502733,22747393.77526301,1063.0,-0.0,1072.0,ASK
824,1712606791.1281483,22749784.77466761,1063.0,-8.88787617708799e-08,1072.0,ASK
825,1712606791.2474892,22750046.15859078,1063.0,-9.716221339670811e-09,1072.0,ASK
826,1712606792.588406,22750246.15859078,1063.0,-7.43444449211999e-09,1072.0,ASK
1026,1712606792.588406,22750246.15859078,1063.0,-7.4344444921199905e-09,1072.0,ASK
827,1712606798.987449,22750356.42198739,1063.0,-4.098735508032467e-09,1072.0,ASK
828,1712606799.1074605,22750526.75767117,1063.0,-6.331755930510036e-09,1072.0,ASK
829,1712606801.2571864,22752254.57767117,1063.0,-6.422690941188488e-08,1072.0,ASK
830,1712606802.1573105,22752269.60114534,1065.0,5.58455923905177e-10,1072.0,BID
831,1712606802.7672582,22753608.95114534,1063.0,-4.978661615265993e-08,1072.0,ASK
832,1712606802.8273685,22753779.28682912,1063.0,-6.331755930510036e-09,1072.0,ASK
833,1712606804.247517,22754278.24682912,1063.0,-1.8547452118835707e-08,1072.0,ASK
834,1712606805.4171226,22754414.3451063,1063.0,-5.059075435890909e-09,1072.0,ASK
835,1712606805.5176628,22754522.32066666,1063.0,-4.0136915499971004e-09,1072.0,ASK
836,1712606805.777377,22754947.75066666,1063.0,-1.5814178601401958e-08,1072.0,ASK
837,1712606805.9789476,22755083.28007657,1063.0,-5.0379293751835055e-09,1072.0,ASK
838,1712606806.619918,22755191.79454489,1063.0,-4.0337239565741375e-09,1072.0,ASK
839,1712606807.9075575,22755211.7644821,1063.0,-7.423269484586443e-10,1072.0,ASK
840,1712606807.912119,22755682.13134489,1063.0,-1.7484581661679632e-08,1072.0,ASK
841,1712606807.918816,22755682.13136827,1063.0,-8.69083658466955e-16,1072.0,ASK
842,1712606807.927438,22755806.28983341,1062.0,-4.615246086673137e-09,1072.0,ASK
843,1712606807.9571364,22756297.78983341,1062.0,-1.827014733938488e-08,1072.0,ASK
844,1712606808.0074446,22756421.79557239,1062.0,-4.609568915656878e-09,1072.0,ASK
845,1712606808.0475593,22756545.18838389,1062.0,-4.586785039099629e-09,1072.0,ASK
846,1712606814.7071598,22756567.73165764,1063.0,-8.379835868509491e-10,1072.0,ASK
847,1712606820.573453,22756567.73165764,1063.0,-0.0,1072.0,ASK
848,1712606822.797123,22756573.36546045,1062.0,-2.0934509025514634e-10,1072.0,ASK
849,1712606823.5968058,22756742.48483518,1062.0,-6.2842651659436875e-09,1072.0,ASK
850,1712606824.156869,22757242.48483518,1062.0,-1.8579376774506053e-08,1072.0,ASK
851,1712606825.487103,22757503.80533116,1062.0,-9.71034390735203e-09,1072.0,ASK
852,1712606825.54725,22757655.18419889,1062.0,-5.625050038526089e-09,1072.0,ASK
853,1712606825.8673596,22757834.58647452,1062.0,-6.666364946242646e-09,1072.0,ASK
1054,1712606825.8876066,22758370.17382673,1062.0,-1.9901758424832922e-08,1072.0,ASK
854,1712606825.8876066,22758370.17382673,1062.0,-1.990175842483292e-08,1072.0,ASK
855,1712606825.9279048,22759973.67382673,1062.0,-5.9584061315840926e-08,1072.0,ASK
856,1712606825.948177,22760117.48417525,1062.0,-5.3438132983850645e-09,1072.0,ASK
857,1712606826.3867822,22760337.28417525,1062.0,-8.167494030100547e-09,1072.0,ASK
858,1712606828.5567188,22760502.82543951,1062.0,-6.151307040766989e-09,1072.0,ASK
859,1712606828.8980906,22760874.75605231,1062.0,-1.3820477978461353e-08,1072.0,ASK
860,1712606828.9164891,22762756.95605231,1062.0,-6.994020592992292e-08,1072.0,ASK
861,1712606829.236603,22763222.80402986,1062.0,-1.7310330189042984e-08,1072.0,ASK
862,1712606835.4766755,22763542.3267353,1062.0,-1.187306546473916e-08,1072.0,ASK
863,1712606836.70642,22763677.66706916,1062.0,-5.029078111158416e-09,1072.0,ASK
864,1712606843.889318,22763683.31147179,1063.0,2.0973896628287008e-10,1072.0,BID
865,1712606850.5988593,22763683.31147179,1063.0,0.0,1072.0,BID
866,1712606862.196058,22763698.36321214,1063.0,5.59146901937759e-10,1072.0,BID
867,1712606864.316836,22764368.87321214,1062.0,-2.4908321598875723e-08,1072.0,ASK
868,1712606864.8466785,22766554.7139201,1062.0,-8.120031515963277e-08,1072.0,ASK
869,1712606867.6957676,22766780.2739201,1062.0,-8.379175582460017e-09,1072.0,ASK
870,1712606869.3559184,22767042.3739201,1062.0,-9.736575280139716e-09,1072.0,ASK
871,1712606869.6358497,22768217.83523162,1062.0,-4.36664156750586e-08,1072.0,ASK
872,1712606871.085732,22768405.49523162,1062.0,-6.971254166585585e-09,1072.0,ASK
873,1712606872.695571,22769746.77523162,1062.0,-4.982630176133876e-08,1072.0,ASK
874,1712606874.1756332,22770605.86523162,1062.0,-3.1913752221923774e-08,1072.0,ASK
875,1712606874.6955454,22772068.47933723,1062.0,-5.433366022512354e-08,1072.0,ASK
876,1712606875.68566,22772403.73933723,1062.0,-1.2454346540941513e-08,1072.0,ASK
877,1712606877.1859374,22772540.34933723,1062.0,-5.074832312257889e-09,1072.0,ASK
878,1712606877.33297,22772696.40064441,1062.0,-5.797044257551435e-09,1072.0,ASK
879,1712606877.5466287,22773145.99447678,1062.0,-1.6701656597982066e-08,1072.0,ASK
880,1712606877.5549293,22773261.06454245,1061.0,-4.274659888887581e-09,1072.0,ASK
881,1712606877.5617504,22773271.06454245,1061.0,-3.7148322320047156e-10,1072.0,ASK
882,1712606880.9355366,22773271.06454245,1061.0,-0.0,1072.0,ASK
883,1712606884.8555837,22773276.70894508,1061.0,-2.09600807203365e-10,1072.0,ASK
884,1712606894.4757264,22773560.53894508,1061.0,-1.0539821660728373e-08,1072.0,ASK
885,1712606895.298292,22773627.01250216,1061.0,-2.468447439640547e-09,1072.0,ASK
886,1712606895.3039868,22773678.39002072,1061.0,-1.907866973203485e-09,1072.0,ASK
887,1712606896.1555636,22773847.92013646,1061.0,-6.295378170094084e-09,1072.0,ASK
888,1712606896.164824,22773864.54002072,1061.0,-6.17167375271949e-10,1072.0,ASK
889,1712606898.5256124,22773942.17084334,1061.0,-2.882764421693077e-09,1072.0,ASK
890,1712606898.533526,22774029.95782072,1061.0,-3.259905879332149e-09,1072.0,ASK
891,1712606900.7950246,22774029.95783674,1061.0,-5.948446257832268e-16,1072.0,ASK
892,1712606908.6550696,22774035.60755425,1062.0,2.097981713934334e-10,1072.0,BID
893,1712606910.9986198,22774035.60755425,1062.0,0.0,1072.0,BID
894,1712606911.2155962,22774103.33628805,1060.0,-2.514981760536285e-09,1072.0,ASK
895,1712606911.2208831,22774303.33628805,1060.0,-7.426631562166393e-09,1072.0,ASK
1095,1712606911.2208831,22774303.33628805,1060.0,-7.4266315621663934e-09,1072.0,ASK
896,1712606911.2259672,22774329.94717689,1060.0,-9.881463347364791e-10,1072.0,ASK
897,1712606911.2304907,22774457.58868632,1060.0,-4.739732312964087e-09,1072.0,ASK
898,1712606911.2340322,22777283.18585791,1060.0,-1.0492334568248197e-07,1072.0,ASK
899,1712606911.4226668,22777498.0047166,1060.0,-7.97690258049937e-09,1072.0,ASK
900,1712606912.634941,22777816.23175651,1060.0,-1.1816774892545291e-08,1072.0,ASK
901,1712606921.9352026,22777831.29766988,1062.0,5.594449387972107e-10,1072.0,BID
902,1712606924.4245777,22777973.3101325,1060.0,-5.273371185561902e-09,1072.0,ASK
903,1712606926.1250942,22778230.78368185,1060.0,-9.560805940169285e-09,1072.0,ASK
904,1712606928.0547931,22778285.87055534,1060.0,-2.045549566622998e-09,1072.0,ASK
905,1712606929.4748895,22778523.61282083,1060.0,-8.82812106270598e-09,1072.0,ASK
906,1712606930.1254952,22778667.77535796,1060.0,-5.3532102417123724e-09,1072.0,ASK
907,1712606930.1847682,22778915.3002609,1060.0,-9.191381282974329e-09,1072.0,ASK
908,1712606931.1926055,22782093.64039447,1060.0,-1.1802180575636061e-07,1072.0,ASK
909,1712606931.201744,22782670.7944609,1060.0,-2.1431553029854453e-08,1072.0,ASK
910,1712606932.494578,22783351.2944609,1060.0,-2.5269113890271173e-08,1072.0,ASK
911,1712606933.9748144,22783599.2840609,1060.0,-9.20863695220946e-09,1072.0,ASK
1111,1712606933.9748144,22783599.2840609,1060.0,-9.208636952209461e-09,1072.0,ASK
912,1712606937.2247684,22783804.48723974,1060.0,-7.619842023210275e-09,1072.0,ASK
913,1712606937.2324986,22783804.4872609,1060.0,-7.857245816496222e-16,1072.0,ASK
914,1712606940.6707883,22783804.4872609,1060.0,-0.0,1072.0,ASK
915,1712606949.9545302,22783810.13694971,1059.0,-2.0971014937927246e-10,1072.0,ASK
916,1712606949.9633024,22783810.13697841,1060.0,-1.0652985060435473e-15,1072.0,ASK
917,1712606955.1343677,22787209.69657841,1060.0,-1.2618786193388746e-07,1072.0,ASK
918,1712606970.7368183,22787209.69657841,1060.0,-0.0,1072.0,ASK
919,1712606973.173908,22787215.35162082,1061.0,2.0988074895589268e-10,1072.0,BID
920,1712606975.034116,22787220.16545082,1060.0,-1.7866006519346812e-10,1072.0,ASK
921,1712606975.0436769,22787406.62402082,1060.0,-6.920207044302834e-09,1072.0,ASK
922,1712606978.3838713,22787406.62408985,1060.0,-2.561959616375191e-15,1072.0,ASK
923,1712606978.6142614,22787678.91446207,1059.0,-1.0105761038247192e-08,1072.0,ASK
924,1712606978.6537132,22787895.22332787,1059.0,-8.028068309541943e-09,1072.0,ASK
925,1712606978.9135003,22788113.24636669,1059.0,-8.091687976907103e-09,1072.0,ASK
926,1712606978.9336674,22788128.34070631,1060.0,5.602099993031823e-10,1072.0,BID
927,1712606979.013597,22788353.58460333,1059.0,-8.359682275937774e-09,1072.0,ASK
928,1712606979.0939496,22788360.35580392,1059.0,-2.513057460753997e-10,1072.0,ASK
929,1712606979.102306,22788580.03730988,1059.0,-8.153240181159894e-09,1072.0,ASK
930,1712606979.3941507,22788692.31833266,1059.0,-4.167188050311205e-09,1072.0,ASK
931,1712606980.554264,22788937.71021166,1059.0,-9.107452715479261e-09,1072.0,ASK
1131,1712606980.554264,22788937.71021166,1059.0,-9.10745271547926e-09,1072.0,ASK
932,1712606980.563987,22790579.11078549,1059.0,-6.091879720820289e-08,1072.0,ASK
933,1712606980.7737937,22790599.36843627,1059.0,-7.51840677599381e-10,1072.0,ASK
934,1712606980.7820275,22790685.39078549,1059.0,-3.1926259385064167e-09,1072.0,ASK
935,1712606983.624363,22790693.79714259,1059.0,-3.119928015908187e-10,1072.0,ASK
936,1712606983.634999,22790832.30078549,1059.0,-5.1404120778456e-09,1072.0,ASK
937,1712606983.6404116,22790837.30078549,1059.0,-1.8556956229769543e-10,1072.0,ASK
938,1712606984.757154,22790997.70885569,1059.0,-5.953371075176398e-09,1072.0,ASK
939,1712606984.9139073,22791053.96333711,1059.0,-2.087823898875713e-09,1072.0,ASK
940,1712606984.9235852,22791838.24884537,1059.0,-2.9107903696851624e-08,1072.0,ASK
941,1712606985.0193543,22791974.38391111,1059.0,-5.052504912616139e-09,1072.0,ASK
942,1712606985.0539198,22792652.00345,1059.0,-2.5149112247174933e-08,1072.0,ASK
943,1712606985.133608,22792939.08345,1059.0,-1.0654661988956378e-08,1072.0,ASK
944,1712606985.1615932,22793405.64150948,1059.0,-1.7315794976834686e-08,1072.0,ASK
945,1712606985.1690702,22793876.72282454,1059.0,-1.7483670688432255e-08,1072.0,ASK
946,1712606985.258941,22794008.27539023,1059.0,-4.882430406851251e-09,1072.0,ASK
947,1712606985.4341338,22794017.71826086,1059.0,-3.5046187385763744e-10,1072.0,ASK
948,1712606985.4415576,22794077.16499662,1059.0,-2.2063009470784353e-09,1072.0,ASK
949,1712606985.44645,22794288.22115646,1059.0,-7.833119840312402e-09,1072.0,ASK
1150,1712606985.6197069,22794336.30605691,1059.0,-1.78461878592552e-09,1072.0,ASK
950,1712606985.6197069,22794336.30605691,1059.0,-1.7846187859255202e-09,1072.0,ASK
951,1712606985.628333,22794682.97663491,1059.0,-1.2866301484160293e-08,1072.0,ASK
952,1712606985.6342597,22794810.32722616,1059.0,-4.726478695314285e-09,1072.0,ASK
953,1712606985.7336638,22795010.03393699,1059.0,-7.411897383339387e-09,1072.0,ASK
954,1712606985.9936135,22795190.70656539,1059.0,-6.705468114373014e-09,1072.0,ASK
1155,1712606986.053659,22795372.92840506,1059.0,-6.7629654057319584e-09,1072.0,ASK
955,1712606986.053659,22795372.92840506,1059.0,-6.762965405731958e-09,1072.0,ASK
956,1712606986.1135027,22795530.23534178,1059.0,-5.838275878649537e-09,1072.0,ASK
957,1712606986.1535218,22795704.23806097,1059.0,-6.457921687738372e-09,1072.0,ASK
958,1712606986.533692,22795891.80823372,1059.0,-6.961462971444074e-09,1072.0,ASK
959,1712606986.553439,22796021.72925358,1059.0,-4.8218773577236806e-09,1072.0,ASK
960,1712606989.223558,22796313.52925358,1059.0,-1.0829839655721161e-08,1072.0,ASK
961,1712606990.733557,22796448.98925358,1059.0,-5.027450581802348e-09,1072.0,ASK
962,1712606992.2135217,22797123.51005358,1059.0,-2.5034105923271248e-08,1072.0,ASK
963,1712607000.3123202,22797123.5101279,1059.0,-2.758288955568541e-15,1072.0,ASK
964,1712607000.3234577,22797931.78225117,1059.0,-2.999814082665706e-08,1072.0,ASK
965,1712607000.4257154,22798133.91104457,1059.0,-7.501790343791735e-09,1072.0,ASK
966,1712607000.7553654,22798133.91104457,1059.0,-0.0,1072.0,ASK
967,1712607001.034114,22798245.06028685,1059.0,-4.125380144750419e-09,1072.0,ASK
968,1712607001.8336897,22799746.36028685,1059.0,-5.5721776274603154e-08,1072.0,ASK
969,1712607003.3533795,22800419.21028685,1059.0,-2.4973287927944843e-08,1072.0,ASK
1170,1712607003.513322,22800548.45774892,1059.0,-4.79710795017891e-09,1072.0,ASK
970,1712607003.513322,22800548.45774892,1059.0,-4.7971079501789104e-09,1072.0,ASK
971,1712607004.3466198,22800550.81782442,1060.0,8.759581628884391e-11,1072.0,BID
972,1712607004.8280337,22802760.41782442,1059.0,-8.201081519775196e-08,1072.0,ASK
973,1712607004.9033277,22802971.71872904,1059.0,-7.842577588673486e-09,1072.0,ASK
1174,1712607005.0236764,22803127.95518154,1059.0,-5.798822788251096e-09,1072.0,ASK
974,1712607005.0236764,22803127.95518154,1059.0,-5.7988227882510964e-09,1072.0,ASK
975,1712607005.3233109,22803251.59950534,1059.0,-4.589143641105275e-09,1072.0,ASK
976,1712607005.7233562,22803383.25920674,1059.0,-4.8866398626261506e-09,1072.0,ASK
977,1712607008.6533716,22803521.07830077,1059.0,-5.1152499327373114e-09,1072.0,ASK
978,1712607008.7175736,22803794.20817123,1059.0,-1.01374019420799e-08,1072.0,ASK
979,1712607008.9333663,22803945.66141738,1059.0,-5.621290813320289e-09,1072.0,ASK
980,1712607009.0134268,22804157.68786824,1059.0,-7.869506733619256e-09,1072.0,ASK
981,1712607010.2633123,22804287.70821107,1059.0,-4.825793948143972e-09,1072.0,ASK
982,1712607010.324433,22804417.20887383,1059.0,-4.806505666864226e-09,1072.0,ASK
983,1712607010.7064736,22804616.74279317,1059.0,-7.405837882201329e-09,1072.0,ASK
984,1712607010.7864916,22804816.99114234,1059.0,-7.432354434068396e-09,1072.0,ASK
985,1712607010.9037447,22804944.50221816,1059.0,-4.73266078692839e-09,1072.0,ASK
986,1712607010.9631708,22805114.05754484,1059.0,-6.2931619125465994e-09,1072.0,ASK
987,1712607011.0633538,22805548.7265435,1059.0,-1.6133037165762354e-08,1072.0,ASK
988,1712607011.1035182,22805840.16536535,1059.0,-1.0816951194809143e-08,1072.0,ASK
1189,1712607011.1634262,22806164.52217461,1059.0,-1.203872481105888e-08,1072.0,ASK
989,1712607011.1634262,22806164.52217461,1059.0,-1.2038724811058881e-08,1072.0,ASK
990,1712607011.203303,22806358.51332765,1059.0,-7.200114320181323e-09,1072.0,ASK
1190,1712607011.203303,22806358.51332765,1059.0,-7.2001143201813234e-09,1072.0,ASK
991,1712607012.2928946,22806736.17494387,1059.0,-1.4017169177755992e-08,1072.0,ASK
992,1712607012.512948,22807517.29494387,1059.0,-2.89918030263418e-08,1072.0,ASK
993,1712607014.0145657,22808585.33494387,1059.0,-3.964103505778178e-08,1072.0,ASK
994,1712607014.773521,22810322.7178533,1059.0,-6.448415492083126e-08,1072.0,ASK
995,1712607015.523163,22810995.7478533,1059.0,-2.497996875117829e-08,1072.0,ASK
996,1712607015.6031802,22811269.20732108,1059.0,-1.0149635172046233e-08,1072.0,ASK
997,1712607015.6451428,22811404.17410125,1059.0,-5.009384352873812e-09,1072.0,ASK
998,1712607015.6632624,22811568.85077872,1059.0,-6.11208751068059e-09,1072.0,ASK
999,1712607016.643568,22811676.76591388,1059.0,-4.005344047179796e-09,1072.0,ASK
1000,1712607017.1031797,22814041.26501388,1059.0,-8.77600012333421e-08,1072.0,ASK
1201,1712607017.1433756,22814189.01141763,1059.0,-5.483708822442146e-09,1072.0,ASK
1202,1712607017.2033472,22814772.39181978,1059.0,-2.1652562613368355e-08,1072.0,ASK
1203,1712607017.2233298,22817054.4724745,1059.0,-8.470098426892673e-08,1072.0,ASK
1204,1712607017.2269294,22818568.03471876,1059.0,-5.61768978566805e-08,1072.0,ASK
1205,1712607017.325079,22818787.96489398,1059.0,-8.162858868829617e-09,1072.0,ASK
1206,1712607017.4033256,22818943.03768363,1059.0,-5.755632645685002e-09,1072.0,ASK
1207,1712607018.4128597,22819059.51768363,1059.0,-4.323234863443324e-09,1072.0,ASK
1208,1712607019.0333784,22822439.81477856,1059.0,-1.2546203854345228e-07,1072.0,ASK
1209,1712607020.07353,22822445.46982097,1058.0,-2.0989076666056648e-10,1072.0,ASK
1210,1712607020.153049,22822454.94849397,1058.0,-3.518074310795012e-10,1072.0,ASK
1211,1712607020.373281,22822643.62773925,1060.0,7.002959230838194e-09,1072.0,BID
1212,1712607029.7385602,22822677.52604433,1058.0,-1.2581587769275783e-09,1072.0,ASK
1213,1712607029.741274,22822711.42434941,1058.0,-1.2581587767893116e-09,1072.0,ASK
1214,1712607029.7432835,22823469.39570343,1058.0,-2.8132625199084527e-08,1072.0,ASK
1215,1712607030.6135173,22823469.39570343,1058.0,-0.0,1072.0,ASK
1216,1712607035.2127357,22824329.79570343,1058.0,-3.1902565872528614e-08,1072.0,ASK
1217,1712607037.7188785,22824344.89004305,1060.0,5.596794096239828e-10,1072.0,BID
1218,1712607038.6027997,22824350.5504204,1060.0,2.0987977831546907e-10,1072.0,BID
1219,1712607040.1294825,22825231.0504204,1058.0,-3.2647848966538927e-08,1072.0,ASK
1220,1712607046.8413837,22827270.86875688,1058.0,-7.563393636406022e-08,1072.0,ASK
1221,1712607046.842739,22827527.7504204,1058.0,-9.524853779523694e-09,1072.0,ASK
1222,1712607057.6425788,22829485.16885139,1058.0,-7.257864997084513e-08,1072.0,ASK
1223,1712607057.6522827,22830375.24263274,1057.0,-3.300283291601439e-08,1072.0,ASK
1224,1712607060.9752595,22830375.24263274,1057.0,-0.0,1072.0,ASK
1225,1712607068.3426712,22831224.86030477,1058.0,-3.1494239343608415e-08,1072.0,ASK
1226,1712607068.4243157,22833210.42105113,1058.0,7.360219477044272e-08,1072.0,BID
1227,1712607080.162425,22833265.47546254,1057.0,-2.0407965453048206e-09,1072.0,ASK
1228,1712607080.172102,22833310.42105113,1057.0,-1.666075425515096e-09,1072.0,ASK
1229,1712607081.5722337,22833316.08142848,1057.0,-2.0982294141883555e-10,1072.0,ASK
1230,1712607090.9717798,22833316.08142848,1057.0,-0.0,1072.0,ASK
1231,1712607095.4849286,22833925.54925629,1057.0,-2.2589586778691146e-08,1072.0,ASK
1232,1712607095.4872267,22835270.81416062,1057.0,-4.9861497046928784e-08,1072.0,ASK
1233,1712607095.4887953,22835616.08142848,1057.0,-1.2797139657359702e-08,1072.0,ASK
1234,1712607102.8422313,22836016.59695952,1057.0,-1.4844885868940974e-08,1072.0,ASK
1235,1712607103.6518416,22836022.26268189,1059.0,2.0999685513168188e-10,1072.0,BID
1236,1712607114.8216355,22836025.59695952,1059.0,1.2358314980171648e-10,1072.0,BID
1237,1712607114.831737,22836037.3712749,1059.0,4.364084647112235e-10,1072.0,BID
1238,1712607117.591791,22836437.3712749,1059.0,1.4825777997039933e-08,1072.0,BID
1239,1712607119.0215278,22836700.08846092,1059.0,9.737466689805341e-09,1072.0,BID
1240,1712607120.595081,22836700.08846092,1059.0,0.0,1072.0,BID
1241,1712607130.169371,22836800.08846092,1057.0,-3.7059529923877237e-09,1072.0,ASK
1242,1712607130.171735,22839015.08846092,1057.0,-8.208685878138809e-08,1072.0,ASK
1243,1712607132.6717722,22839033.97420218,1059.0,6.998966933559677e-10,1072.0,BID
1244,1712607134.4586482,22841442.27420218,1057.0,-8.925046591570118e-08,1072.0,ASK
1245,1712607136.321592,22841568.31827933,1057.0,-4.671134248887323e-09,1072.0,ASK
1246,1712607136.3811083,22841693.1771713,1057.0,-4.6272118432765994e-09,1072.0,ASK
1247,1712607136.4810932,22841802.51645401,1057.0,-4.0520624194504164e-09,1072.0,ASK
1248,1712607138.471953,22841979.24143947,1057.0,-6.549344886875919e-09,1072.0,ASK
1249,1712607138.5315344,22842089.27329004,1057.0,-4.077728658877655e-09,1072.0,ASK
1250,1712607138.5347855,22842375.37173159,1057.0,-1.060267375574667e-08,1072.0,ASK
1251,1712607138.6114235,22842627.50228151,1057.0,-9.343839659441625e-09,1072.0,ASK
1252,1712607138.7712927,22842816.25428608,1057.0,-6.995060561600387e-09,1072.0,ASK
1253,1712607138.8113482,22842878.38961172,1057.0,-2.302705959901742e-09,1072.0,ASK
1254,1712607138.8137517,22843006.83623129,1057.0,-4.760171341584751e-09,1072.0,ASK
1255,1712607139.8311477,22843282.09319707,1057.0,-1.0200893760033907e-08,1072.0,ASK
1256,1712607140.8218374,22843325.82664973,1057.0,-1.620741197494395e-09,1072.0,ASK
1257,1712607140.8249683,22843422.12306438,1057.0,-3.5686998603199598e-09,1072.0,ASK
1258,1712607141.1818175,22843615.74288868,1057.0,-7.175459672555493e-09,1072.0,ASK
1259,1712607143.7312646,22843795.04845638,1057.0,-6.6449800515732995e-09,1072.0,ASK
1260,1712607143.9317105,22844896.97830917,1057.0,-4.083700235352654e-08,1072.0,ASK
1261,1712607143.9510956,22845393.56062554,1057.0,-1.840310721313849e-08,1072.0,ASK
1262,1712607143.9909823,22845539.23380539,1057.0,-5.398579567756768e-09,1072.0,ASK
1263,1712607144.3913105,22845544.89952776,1057.0,-2.0996900771686954e-10,1072.0,ASK
1264,1712607144.6713295,22852616.99952776,1057.0,-2.6208870157470745e-07,1072.0,ASK
1265,1712607144.7511094,22853138.82115964,1057.0,-1.9338464381531962e-08,1072.0,ASK
1266,1712607149.5152817,22854476.19916089,1057.0,-4.9562600056871615e-08,1072.0,ASK
1267,1712607150.631681,22854476.19916089,1057.0,-0.0,1072.0,ASK
1268,1712607158.3011403,22855823.79916089,1057.0,-4.99066712206293e-08,1072.0,ASK
1269,1712607159.7810924,22856176.43916089,1057.0,-1.3059578910101664e-08,1072.0,ASK
1270,1712607161.311114,22856850.32916089,1057.0,-2.4956668647122617e-08,1072.0,ASK
1271,1712607162.771038,22857524.26916089,1057.0,-2.4958520334130848e-08,1072.0,ASK
1272,1712607165.8508894,22857529.94023839,1058.0,2.1002122314502687e-10,1072.0,BID
1273,1712607175.1009033,22858827.05822004,1058.0,4.803713315857673e-08,1072.0,BID
1274,1712607180.950488,22858827.05822004,1058.0,0.0,1072.0,BID
1275,1712607182.5212266,22858867.05822004,1058.0,1.4810973733998631e-09,1072.0,BID
1276,1712607182.550607,22859810.45444645,1058.0,3.4931541825273274e-08,1072.0,BID
1277,1712607185.2206786,22861012.55444645,1057.0,-4.4510678814154567e-08,1072.0,ASK
1278,1712607186.7305365,22864081.55444645,1057.0,-1.136371959741045e-07,1072.0,ASK
1279,1712607189.1008282,22864385.64932427,1057.0,-1.1259853120105964e-08,1072.0,ASK
1280,1712607189.1047966,22865423.75444645,1057.0,-3.843836924429887e-08,1072.0,ASK
1281,1712607190.6008134,22865721.07444645,1057.0,-1.100899677649222e-08,1072.0,ASK
1282,1712607192.170602,22866425.07444645,1057.0,-2.6067313771837592e-08,1072.0,ASK
1283,1712607192.2905877,22866440.19731979,1058.0,5.5996119954599e-10,1072.0,BID
1284,1712607193.6707597,22869840.85319715,1057.0,-1.259175621948384e-07,1072.0,ASK
1285,1712607193.6731443,22870103.59731979,1057.0,-9.728740747932912e-09,1072.0,ASK
1286,1712607196.54405,22870807.59731979,1057.0,-2.6067313771837592e-08,1072.0,ASK
1287,1712607197.9574623,22872423.6849559,1057.0,-5.983957882564219e-08,1072.0,ASK
1288,1712607197.9593165,22872965.24770103,1057.0,-2.005267898363904e-08,1072.0,ASK
1289,1712607198.1106863,22874054.8905559,1057.0,-4.0346679257273656e-08,1072.0,ASK
1290,1712607198.114581,22874836.27580103,1057.0,-2.893269085436651e-08,1072.0,ASK
1291,1712607210.9601655,22874836.27580103,1057.0,-0.0,1072.0,ASK
1292,1712607215.7706585,22874841.94682073,1056.0,-2.0985181518941407e-10,1072.0,ASK
1293,1712607215.7748382,22874841.94687853,1057.0,-2.138904856625141e-15,1072.0,ASK
1294,1712607219.22101,22875516.15687853,1057.0,-2.4948633547049813e-08,1072.0,ASK
1295,1712607220.730332,22876190.50687853,1057.0,-2.49538141415508e-08,1072.0,ASK
1296,1712607222.2102966,22876864.80687853,1057.0,-2.4951963929297947e-08,1072.0,ASK
1297,1712607223.7427044,22877569.59537853,1057.0,-2.6080167921932924e-08,1072.0,ASK
1298,1712607225.2201967,22877680.16817853,1057.0,-4.091663231707154e-09,1072.0,ASK
1299,1712607231.1908135,22877680.16825979,1057.0,-3.006956150912877e-15,1072.0,ASK
1300,1712607231.1953535,22877875.7363144,1057.0,-7.236848649583742e-09,1072.0,ASK
1301,1712607232.330114,22878154.5163144,1057.0,-1.03160440518149e-08,1072.0,ASK
1302,1712607235.6402144,22879263.4702144,1057.0,-4.103600431865965e-08,1072.0,ASK
1303,1712607236.7901657,22879269.1412919,1058.0,2.0985395409427083e-10,1072.0,BID
1304,1712607240.6348,22879269.1412919,1058.0,0.0,1072.0,BID
1305,1712607241.3607144,22879269.14134759,1057.0,-2.060385780564015e-15,1072.0,ASK
1306,1712607241.3643007,22880560.55176809,1056.0,-4.777938629674615e-08,1072.0,ASK
1307,1712607248.410075,22880562.91854518,1058.0,8.75656220472808e-11,1072.0,BID
1308,1712607260.150025,22880569.07224518,1057.0,-2.2767356129431247e-10,1072.0,ASK
1309,1712607260.153864,22881888.71854518,1057.0,-4.8824052634122664e-08,1072.0,ASK
1310,1712607260.2898247,22882270.44570869,1057.0,-1.4123077617863382e-08,1072.0,ASK
1311,1712607260.430235,22882556.21737473,1057.0,-1.0572932204795065e-08,1072.0,ASK
1312,1712607260.509949,22882737.40565526,1057.0,-6.703573635830744e-09,1072.0,ASK
1313,1712607260.5899837,22882945.76979604,1057.0,-7.709021558619918e-09,1072.0,ASK
1314,1712607260.6100702,22883113.53144525,1057.0,-6.2068173805522545e-09,1072.0,ASK
1315,1712607260.6501164,22883282.46834729,1057.0,-6.250299187737393e-09,1072.0,ASK
1316,1712607260.66992,22883407.29362644,1057.0,-4.6182647572308105e-09,1072.0,ASK
1317,1712607260.671955,22883452.19324023,1056.0,-1.661188385817099e-09,1072.0,ASK
1318,1712607270.665565,22883452.19324023,1056.0,-0.0,1072.0,ASK
1319,1712607275.423573,22883454.56001732,1058.0,8.755130439134932e-11,1072.0,BID
1320,1712607276.570916,22884026.20490826,1056.0,-2.1146163707101743e-08,1072.0,ASK
1321,1712607276.6497731,22884299.32110204,1056.0,-1.0103054949568208e-08,1072.0,ASK
1322,1712607280.7074373,22886017.54233994,1056.0,-6.356006702341204e-08,1072.0,ASK
1323,1712607280.7122447,22886468.45887022,1056.0,-1.6680206398628906e-08,1072.0,ASK
1324,1712607280.959758,22887298.31887022,1056.0,-3.0698000965546166e-08,1072.0,ASK
1325,1712607281.0795848,22887303.98994772,1056.0,-2.0978326778299167e-10,1072.0,ASK
1326,1712607281.659658,22887489.81107127,1056.0,-6.8738546623465806e-09,1072.0,ASK
1327,1712607281.8393776,22887648.39103318,1056.0,-5.866155524858235e-09,1072.0,ASK
1328,1712607284.1293695,22888214.11103318,1056.0,-2.0926991427716308e-08,1072.0,ASK
1329,1712607284.8093896,22889691.48289747,1056.0,-5.4650619281038734e-08,1072.0,ASK
1330,1712607284.819692,22890837.84653382,1056.0,-4.240603477154625e-08,1072.0,ASK
1331,1712607284.823298,22893453.13139517,1056.0,-9.674404983842373e-08,1072.0,ASK
1332,1712607289.850124,22895969.08446137,1056.0,-9.306958963624285e-08,1072.0,ASK
1333,1712607289.8525524,22896442.56930985,1056.0,-1.751504872610028e-08,1072.0,ASK
1334,1712607289.8618186,22896553.56930985,1056.0,-4.106087902993363e-09,1072.0,ASK
1335,1712607291.5794065,22896555.93608694,1058.0,8.755130439134932e-11,1072.0,BID
1336,1712607296.8194864,22897502.90568694,1056.0,-3.5030093865408635e-08,1072.0,ASK
1337,1712607300.6376157,22897502.90568694,1056.0,-0.0,1072.0,ASK
1338,1712607301.879765,22897508.57676444,1058.0,2.0979288451840248e-10,1072.0,BID
1339,1712607304.0496714,22897688.50096748,1056.0,-6.656022170176932e-09,1072.0,ASK
1340,1712607304.0548215,22897688.50106444,1056.0,-3.586818537632861e-15,1072.0,ASK
1341,1712607304.3294764,22897822.16132825,1056.0,-4.94455812031981e-09,1072.0,ASK
1342,1712607304.3349986,22897822.16136763,1056.0,-1.4568048089029458e-15,1072.0,ASK
1343,1712607307.3195274,22899107.5359046,1056.0,-4.755047553594282e-08,1072.0,ASK
1344,1712607307.3237894,22901587.84609717,1056.0,-9.17553022414335e-08,1072.0,ASK
1345,1712607307.8162568,22901596.42302024,1056.0,-3.172902207230086e-10,1072.0,ASK
1346,1712607308.1790714,22901730.22302024,1056.0,-4.949727448102335e-09,1072.0,ASK
1347,1712607311.9695685,22901732.58979733,1058.0,8.755531777570131e-11,1072.0,BID
1348,1712607312.129213,22901747.71267067,1058.0,5.59447692554381e-10,1072.0,BID
1349,1712607314.0801425,22901766.61626235,1057.0,-6.99309615934147e-10,1072.0,ASK
1350,1712607314.083253,22901935.68259548,1056.0,-6.2543517910233506e-09,1072.0,ASK
1351,1712607323.3793418,22902538.78259548,1056.0,-2.231076699507676e-08,1072.0,ASK
1352,1712607324.6794603,22902539.65725638,1055.0,-3.2356749286908354e-11,1072.0,ASK
1353,1712607324.6834884,22902932.68259548,1056.0,-1.4539374504743564e-08,1072.0,ASK
1354,1712607330.6050413,22902932.68259548,1056.0,-0.0,1072.0,ASK
1355,1712607331.0593228,22903771.53354756,1055.0,-3.1025433786723616e-08,1072.0,ASK
1356,1712607331.0765865,22907777.22075136,1055.0,-1.4815287841470754e-07,1072.0,ASK
1357,1712607331.0782795,22922932.68259548,1055.0,-5.605343556984472e-07,1072.0,ASK
1358,1712607345.1391711,22922938.35367298,1055.0,-2.0974839340764856e-10,1072.0,ASK
1359,1712607360.9815834,22922938.35367298,1055.0,-0.0,1072.0,ASK
1360,1712607367.6888692,22922944.03011574,1057.0,2.097830703351792e-10,1072.0,BID
1361,1712607370.558632,22922959.16729644,1057.0,5.5942152144451e-10,1072.0,BID
1362,1712607373.3088627,22923068.52301734,1055.0,-4.041435784730298e-09,1072.0,ASK
1363,1712607373.318637,22923164.87774501,1055.0,-3.560960882803781e-09,1072.0,ASK
1364,1712607390.9682791,22923164.87774501,1055.0,-0.0,1072.0,ASK
1365,1712607394.9488275,22923264.90764501,1055.0,-3.6967507781420566e-09,1072.0,ASK
1366,1712607396.008366,22923407.61752773,1055.0,-5.2740517585360595e-09,1072.0,ASK
1367,1712607396.068844,22923529.45567339,1055.0,-4.502706288542057e-09,1072.0,ASK
1368,1712607396.0725317,22923543.34528539,1055.0,-5.133108597625162e-10,1072.0,ASK
1369,1712607396.4401777,22924076.04528539,1055.0,-1.9686705070417705e-08,1072.0,ASK
1370,1712607397.9189858,22924114.03575839,1055.0,-1.4039933123351463e-09,1072.0,ASK
1371,1712607397.9229474,22924307.28438033,1055.0,-7.141784541796165e-09,1072.0,ASK
1372,1712607397.9249797,22924751.48528539,1055.0,-1.6416092002838718e-08,1072.0,ASK
1373,1712607398.018711,22924800.1323963,1055.0,-1.7978249014438202e-09,1072.0,ASK
1374,1712607398.022359,22925246.3383269,1055.0,-1.649019064471804e-08,1072.0,ASK
1375,1712607398.0260758,22925648.31265789,1055.0,-1.4855547400123872e-08,1072.0,ASK
1376,1712607398.138564,22925774.01319997,1055.0,-4.645446778949954e-09,1072.0,ASK
1377,1712607398.1783266,22926067.62207416,1055.0,-1.0850743968942705e-08,1072.0,ASK
1378,1712607398.2585447,22926252.9037535,1055.0,-6.847354563765002e-09,1072.0,ASK
1379,1712607398.2631369,22926377.3769161,1055.0,-4.600087180909097e-09,1072.0,ASK
1380,1712607398.279385,22926532.91674517,1055.0,-5.748201129416695e-09,1072.0,ASK
1381,1712607399.05841,22926722.49943318,1055.0,-7.006304609096982e-09,1072.0,ASK
1382,1712607399.0983984,22926910.25086476,1055.0,-6.938627858235027e-09,1072.0,ASK
1383,1712607399.428401,22927145.74102745,1055.0,-8.70288225991029e-09,1072.0,ASK
1384,1712607400.1482835,22927381.23119014,1055.0,-8.702882260047965e-09,1072.0,ASK
1385,1712607400.2084808,22927429.48122899,1055.0,-1.783150524544503e-09,1072.0,ASK
1386,1712607400.2121482,22927570.29239832,1055.0,-5.203882037215766e-09,1072.0,ASK
1387,1712607400.708587,22927785.00166374,1055.0,-7.934893906995225e-09,1072.0,ASK
1388,1712607400.8082497,22927947.18787491,1055.0,-5.9938278689176805e-09,1072.0,ASK
1389,1712607400.928512,22928622.67787491,1055.0,-2.4963717679887602e-08,1072.0,ASK
1390,1712607402.4182537,22931493.37787491,1055.0,-1.060909034085085e-07,1072.0,ASK
1391,1712607402.522146,22931666.36713174,1055.0,-6.393070169980267e-09,1072.0,ASK
1392,1712607403.9383905,22932178.81772188,1055.0,-1.8938358609505906e-08,1072.0,ASK
1393,1712607403.9422276,22932183.81763174,1055.0,-1.847789577171208e-10,1072.0,ASK
1394,1712607410.9683497,22932183.81772188,1055.0,-3.331286495194208e-15,1072.0,ASK
1395,1712607412.4284906,22932188.56250366,1054.0,-1.7535032752504887e-10,1072.0,ASK
1396,1712607412.4335077,22932189.49416464,1054.0,-3.443088969144007e-11,1072.0,ASK
1397,1712607417.6284282,22932213.48164464,1056.0,8.864922924908531e-10,1072.0,BID
1398,1712607420.6083088,22932213.48164464,1056.0,0.0,1072.0,BID
1399,1712607427.5015106,22932244.25815979,1056.0,1.1369898564312354e-09,1072.0,BID
1400,1712607430.838418,22932339.04485979,1055.0,-3.501745272435972e-09,1072.0,ASK
1401,1712607434.168017,22932344.72667797,1056.0,2.099058195937935e-10,1072.0,BID
1402,1712607434.5879672,22932359.87819312,1056.0,5.5974885247949e-10,1072.0,BID
1403,1712607434.8756013,22932359.87822297,1055.0,-1.1026513397131036e-15,1072.0,ASK
1404,1712607443.238134,22932362.24724239,1056.0,8.751968961632653e-11,1072.0,BID
1405,1712607444.1981547,22932456.58686503,1056.0,3.485228703847528e-09,1072.0,BID
1406,1712607450.59909,22932456.58686503,1056.0,0.0,1072.0,BID
1407,1712607460.838446,22932719.17796012,1054.0,-9.700922262873506e-09,1072.0,ASK
1408,1712607460.8422422,22933213.97222897,1054.0,-1.8279221298757125e-08,1072.0,ASK
1409,1712607463.688403,22933404.38717747,1054.0,-7.034513536956741e-09,1072.0,ASK
1410,1712607463.693628,22933875.47222897,1054.0,-1.7403329927207795e-08,1072.0,ASK
1411,1712607464.1875403,22935345.27222897,1054.0,-5.429893019447808e-08,1072.0,ASK
1412,1712607464.551396,22938148.22019454,1054.0,-1.0354951416597593e-07,1072.0,ASK
1413,1712607464.5554562,22938148.87222897,1054.0,-2.408815613604348e-11,1072.0,ASK
1414,1712607464.6680138,22938195.65852471,1054.0,-1.7284295867061683e-09,1072.0,ASK
1415,1712607464.673101,22938375.27248093,1054.0,-6.6354916796592755e-09,1072.0,ASK
1416,1712607464.9083169,22938670.04182641,1054.0,-1.0889685748762846e-08,1072.0,ASK
1417,1712607464.9136822,22938675.04182641,1054.0,-1.8471537009950519e-10,1072.0,ASK
1418,1712607464.9191663,22940742.70027043,1054.0,-7.63856589453374e-08,1072.0,ASK
1419,1712607464.9269276,22941178.87248093,1054.0,-1.6113542257912216e-08,1072.0,ASK
1420,1712607465.1679735,22941208.28205411,1054.0,-1.086480038973451e-09,1072.0,ASK
1421,1712607465.1778257,22941222.14694974,1054.0,-5.122118654228641e-10,1072.0,ASK
1422,1712607465.1817873,22941687.47248093,1054.0,-1.71905555421804e-08,1072.0,ASK
1423,1712607467.1483104,22941854.64753624,1054.0,-6.175960442603187e-09,1072.0,ASK
1424,1712607467.157851,22942475.28746124,1054.0,-2.2928346688955946e-08,1072.0,ASK
1425,1712607467.217646,22942611.33621542,1054.0,-5.026059196050339e-09,1072.0,ASK
1426,1712607467.237882,22942864.86865906,1054.0,-9.366267831797938e-09,1072.0,ASK
1427,1712607467.241912,22943196.66865906,1054.0,-1.2257711959830689e-08,1072.0,ASK
1428,1712607467.3774776,22943636.76865906,1054.0,-1.625864687607587e-08,1072.0,ASK
1429,1712607470.4525423,22944664.76865906,1054.0,-3.797748009245828e-08,1072.0,ASK
1430,1712607470.4674976,22944995.6486368,1054.0,-1.222372350936486e-08,1072.0,ASK
1431,1712607470.5076797,22945323.79233951,1054.0,-1.2122637098450493e-08,1072.0,ASK
1432,1712607472.6977894,22945455.8866625,1054.0,-4.879970351851415e-09,1072.0,ASK
1433,1712607474.4877138,22945648.26180724,1054.0,-7.106929211671116e-09,1072.0,ASK
1434,1712607474.8878531,22945796.21740073,1054.0,-5.465934441926596e-09,1072.0,ASK
1435,1712607477.0179377,22945958.17815859,1054.0,-5.983328265906198e-09,1072.0,ASK
1436,1712607477.0591896,22946077.87537077,1054.0,-4.421982969614886e-09,1072.0,ASK
1437,1712607477.7177217,22946083.55718895,1054.0,-2.0990382958346115e-10,1072.0,ASK
1438,1712607477.8179996,22946299.96997043,1054.0,-7.99495340509416e-09,1072.0,ASK
1439,1712607477.9211774,22946462.16066957,1054.0,-5.991823003585297e-09,1072.0,ASK
