,time,acc_trade_volume,trade_price,dev,high,ask_bid
0,1712601588.4360344,10288025.61656837,484.0,0.0,485.4,BID
1,1712601600.1565635,10288025.61656837,484.0,0.0,485.4,BID
2,1712601600.4477787,10288038.01326258,483.0,-2.3932014086381628e-09,485.4,ASK
3,1712601630.1464553,10288038.01326258,483.0,-0.0,485.4,ASK
4,1712601641.8262153,10288050.40995679,484.0,2.393198642660476e-09,485.4,BID
5,1712601660.2360263,10288050.40995679,484.0,0.0,485.4,BID
6,1712601665.6860993,10288062.806651,483.0,-2.393195870242625e-09,485.4,ASK
7,1712601690.2264166,10288062.806651,483.0,-0.0,485.4,ASK
8,1712601709.1798568,10288075.20334521,484.0,2.3931931039181567e-09,485.4,BID
9,1712601720.149369,10288075.20334521,484.0,0.0,485.4,BID
10,1712601726.325852,10288281.81491545,484.0,3.988650554739337e-08,485.4,BID
11,1712601734.3584793,10288294.21160966,483.0,-2.393190331872723e-09,485.4,ASK
12,1712601750.138607,10288294.21160966,483.0,-0.0,485.4,ASK
13,1712601779.7559254,10288306.60830387,484.0,2.3931413658560195e-09,485.4,BID
14,1712601780.2261062,10288306.60830387,484.0,0.0,485.4,BID
15,1712601801.5560694,10288319.00499808,483.2,-2.3931385942900192e-09,485.4,ASK
16,1712601810.2458365,10288319.00499808,483.2,-0.0,485.4,ASK
17,1712601811.7456272,10289627.83035825,484.0,2.5266388016521524e-07,485.4,BID
18,1712601811.8055797,10289640.21681572,484.4,2.391159661891599e-09,485.4,BID
19,1712601840.1458025,10289640.21681572,484.4,0.0,485.4,BID
20,1712601866.3752496,10289652.60327319,484.0,-2.390864515774963e-09,485.4,ASK
21,1712601870.145244,10289652.60327319,484.0,-0.0,485.4,ASK
22,1712601879.6653943,10289652.6649485,484.4,1.1904706427146546e-11,485.4,BID
23,1712601879.667074,10289664.98973066,484.4,2.378957042334649e-09,485.4,BID
24,1712601898.635249,10289677.37618813,484.0,-2.390861748761796e-09,485.4,ASK
25,1712601900.1654327,10289677.37618813,484.0,-0.0,485.4,ASK
26,1712601909.775241,10289689.76008905,484.5,2.391413570903776e-09,485.4,BID
27,1712601925.8260288,10290104.46033028,484.0,-8.008137267470887e-08,485.4,ASK
28,1712601925.9449031,10290550.38433564,484.0,-8.611088904115843e-08,485.4,ASK
29,1712601930.145609,10290550.38433564,484.0,-0.0,485.4,ASK
30,1712601935.4448895,10290562.76823656,484.0,-2.391218457772904e-09,485.4,ASK
31,1712601940.4955482,10290569.14623082,484.0,-1.231532591891652e-09,485.4,ASK
32,1712601946.0265498,10291030.42327978,484.0,-8.906839619864007e-08,485.4,ASK
33,1712601946.144903,10291515.8452867,484.0,-9.373056763464997e-08,485.4,ASK
34,1712601946.184937,10292941.77754688,484.0,-2.753345300581993e-07,485.4,ASK
35,1712601946.2280254,10294126.25805988,484.0,-2.2871239715730289e-07,485.4,ASK
36,1712601960.2255175,10294126.25805988,484.0,-0.0,485.4,ASK
37,1712601978.1552064,10294138.64707495,484.3,2.3914067771431955e-09,485.4,BID
38,1712601990.234994,10294138.64707495,484.3,0.0,485.4,BID
39,1712601998.2251518,10294151.03609002,483.0,-2.391404007159251e-09,485.4,ASK
40,1712602020.1450293,10294151.03609002,483.0,-0.0,485.4,ASK
41,1712602033.4851437,10294385.68806715,483.0,-4.529391780599269e-08,485.4,ASK
42,1712602033.486956,10295242.03609002,483.0,-1.6529737970143322e-07,485.4,ASK
43,1712602050.134984,10295242.03609002,483.0,-0.0,485.4,ASK
44,1712602075.17512,10295254.44817111,483.4,2.395609914502169e-09,485.4,BID
45,1712602080.224589,10295254.44817111,483.4,0.0,485.4,BID
46,1712602110.2247882,10295254.44817111,483.4,0.0,485.4,BID
47,1712602112.0263832,10295254.84178859,483.0,-7.597056743817107e-11,485.4,ASK
48,1712602112.0444598,10298520.70005481,482.7,-6.303305082013378e-07,485.4,ASK
49,1712602135.737644,10298533.1121359,482.0,-2.395607140298469e-09,485.4,ASK
50,1712602140.1244557,10298533.1121359,482.0,-0.0,485.4,ASK
51,1712602170.1448338,10298533.1121359,482.0,-0.0,485.4,ASK
52,1712602177.354768,10298539.34113842,482.0,-1.201868258034322e-09,485.4,ASK
53,1712602177.3566668,10298571.56026869,482.0,-6.216589228552448e-09,485.4,ASK
54,1712602200.164987,10298571.56026869,482.0,-0.0,485.4,ASK
55,1712602212.5142272,10298583.97234978,483.4,2.3974845680592202e-09,485.4,BID
56,1712602230.1442268,10298583.97234978,483.4,0.0,485.4,BID
57,1712602236.5640318,10298596.38443087,482.0,-2.397481789871771e-09,485.4,ASK
58,1712602246.434295,10298608.80421973,483.1,2.3989706003142503e-09,485.4,BID
59,1712602249.265346,10298955.05990861,482.0,-6.688175034146415e-08,485.4,ASK
60,1712602260.164199,10298955.05990861,482.0,-0.0,485.4,ASK
61,1712602270.904403,10298967.47969747,481.6,-2.398887715067196e-09,485.4,ASK
62,1712602290.1538734,10298967.47969747,481.6,-0.0,485.4,ASK
63,1712602320.213825,10298967.47969747,481.6,-0.0,485.4,ASK
64,1712602350.2439497,10298967.47969747,481.6,-0.0,485.4,ASK
65,1712602351.3236446,10298979.89948633,483.1,2.398884943625049e-09,485.4,BID
66,1712602368.3937984,10298992.31927519,481.6,-2.398884943625049e-09,485.4,ASK
67,1712602380.1339862,10298992.31927519,481.6,-0.0,485.4,ASK
68,1712602404.2538266,10299052.53522204,481.6,-1.1630696432109993e-08,485.4,ASK
69,1712602410.1437068,10299052.53522204,481.6,-0.0,485.4,ASK
70,1712602416.626384,10299064.95244058,483.2,2.398369501329033e-09,485.4,BID
71,1712602440.2235146,10299064.95244058,483.2,0.0,485.4,BID
72,1712602441.3134215,10299077.36965912,481.7,-2.398366721880682e-09,485.4,ASK
73,1712602451.3037176,10299082.36417306,483.2,9.646827095269171e-10,485.4,BID
74,1712602451.305718,10299089.78687766,483.2,1.433684012353765e-09,485.4,BID
75,1712602470.224053,10299089.78687766,483.2,0.0,485.4,BID
76,1712602479.244074,10299102.2040962,481.7,-2.398361171631513e-09,485.4,ASK
77,1712602500.1770256,10299102.2040962,481.7,-0.0,485.4,ASK
78,1712602509.2736802,10299619.58820216,483.2,1.0001913720186857e-07,485.4,BID
79,1712602524.1435888,10299632.0054207,483.2,2.4004592922312673e-09,485.4,BID
80,1712602530.133845,10299632.0054207,483.2,0.0,485.4,BID
81,1712602543.9145014,10299644.42263924,481.7,-2.400340501422479e-09,485.4,ASK
82,1712602555.3168097,10299656.85014545,482.8,2.402329184467061e-09,485.4,BID
83,1712602560.224747,10299656.85014545,482.8,0.0,485.4,BID
84,1712602568.9051414,10300293.32337552,481.6,-1.230347141673129e-07,485.4,ASK
85,1712602578.755681,10300305.75088173,481.6,-2.4023236204728314e-09,485.4,ASK
86,1712602587.655466,10300318.18353817,482.6,2.4033191959660433e-09,485.4,BID
87,1712602590.2156312,10300318.18353817,482.6,0.0,485.4,BID
88,1712602615.1061113,10300330.61619461,481.6,-2.403171231586057e-09,485.4,ASK
89,1712602620.165799,10300330.61619461,481.6,-0.0,485.4,ASK
90,1712602629.477188,10302396.73189709,481.6,-3.993695229248552e-07,485.4,ASK
91,1712602650.1473815,10302396.73189709,481.6,-0.0,485.4,ASK
92,1712602659.2073653,10302409.15425733,483.0,2.4007165028356766e-09,485.4,BID
93,1712602680.2382686,10302409.15425733,483.0,0.0,485.4,BID
94,1712602710.2181318,10302409.15425733,483.0,0.0,485.4,BID
95,1712602717.8984833,10302421.57661757,481.6,-2.400713719457486e-09,485.4,ASK
96,1712602726.6987593,10302433.99897781,483.0,2.400713719097516e-09,485.4,BID
97,1712602740.1391275,10302433.99897781,483.0,0.0,485.4,BID
98,1712602747.5994854,10302446.42133805,481.6,-2.400708159709322e-09,485.4,ASK
99,1712602770.149253,10302446.42133805,481.6,-0.0,485.4,ASK
100,1712602791.2700462,10302458.84369829,483.0,2.40070538405925e-09,485.4,BID
101,1712602800.1817229,10302458.84369829,483.0,0.0,485.4,BID
102,1712602814.3408504,10302471.26605853,481.6,-2.402355751763414e-09,485.4,ASK
103,1712602825.2472968,10302474.77215293,483.0,6.780423272221971e-10,485.4,BID
104,1712602825.2495117,10302483.68841877,483.0,1.7243134241809999e-09,485.4,BID
105,1712602830.1505508,10302483.68841877,483.0,0.0,485.4,BID
106,1712602853.21173,10302496.11077901,481.6,-2.4023501844074276e-09,485.4,ASK
107,1712602860.2311337,10302496.11077901,481.6,-0.0,485.4,ASK
108,1712602890.234589,10302496.11077901,481.6,-0.0,485.4,ASK
109,1712602895.9515214,10302508.5357117,482.9,2.4028448885574702e-09,485.4,BID
110,1712602920.1420195,10302508.5357117,482.9,0.0,485.4,BID
111,1712602920.3621368,10302520.96064439,481.6,-2.4028421004585742e-09,485.4,ASK
112,1712602931.1720858,10302533.39330083,482.6,2.4043357864988646e-09,485.4,BID
113,1712602950.152005,10302533.39330083,482.6,0.0,485.4,BID
114,1712602959.9523687,10302545.82595727,481.6,-2.404330214724733e-09,485.4,ASK
115,1712602980.232723,10302545.82595727,481.6,-0.0,485.4,ASK
116,1712603010.2332766,10302545.82595727,481.6,-0.0,485.4,ASK
117,1712603037.9238615,10302558.25088996,482.9,2.402833749483592e-09,485.4,BID
118,1712603040.143531,10302558.25088996,482.9,0.0,485.4,BID
119,1712603060.7340243,10302570.67582265,481.6,-2.402830961050334e-09,485.4,ASK
120,1712603070.193867,10302570.67582265,481.6,-0.0,485.4,ASK
121,1712603071.0741882,10302583.10075534,482.9,2.4028281808496276e-09,485.4,BID
122,1712603100.2242436,10302583.10075534,482.9,0.0,485.4,BID
123,1712603117.1642478,10302665.93363999,482.9,1.6026955252275063e-08,485.4,BID
124,1712603130.234506,10302665.93363999,482.9,0.0,485.4,BID
125,1712603131.4242506,10302678.35857268,481.6,-2.40402468068698e-09,485.4,ASK
126,1712603160.154715,10302678.35857268,481.6,-0.0,485.4,ASK
127,1712603173.45494,10302690.78607889,482.8,2.404519831512906e-09,485.4,BID
128,1712603190.145609,10302690.78607889,482.8,0.0,485.4,BID
129,1712603203.3851085,10302703.2135851,481.6,-2.4045170397434552e-09,485.4,ASK
130,1712603220.2354822,10302703.2135851,481.6,-0.0,485.4,ASK
131,1712603244.439973,10302715.63851779,482.9,2.4040163226436803e-09,485.4,BID
132,1712603250.2454326,10302715.63851779,482.9,0.0,485.4,BID
133,1712603272.6256404,10302728.06345048,481.6,-2.4040135318256162e-09,485.4,ASK
134,1712603280.1458485,10302728.06345048,481.6,-0.0,485.4,ASK
135,1712603310.1558888,10302728.06345048,481.6,-0.0,485.4,ASK
136,1712603313.2760007,10302740.49610692,482.6,2.405505161398012e-09,485.4,BID
137,1712603336.4960735,10302752.92876336,481.6,-2.4055051610376222e-09,485.4,ASK
138,1712603340.2363265,10302752.92876336,481.6,-0.0,485.4,ASK
139,1712603370.237027,10302752.92876336,481.6,-0.0,485.4,ASK
140,1712603381.706616,10302765.35884415,482.7,2.405001239139816e-09,485.4,BID
141,1712603400.1763415,10302765.35884415,482.7,0.0,485.4,BID
142,1712603408.406734,10302777.78892494,481.6,-2.404998447191313e-09,485.4,ASK
143,1712603416.4374323,10302790.21128518,483.0,2.4035046586688603e-09,485.4,BID
144,1712603430.167114,10302790.21128518,483.0,0.0,485.4,BID
145,1712603436.1268904,10302802.63364542,481.7,-2.4034990849783756e-09,485.4,ASK
146,1712603445.856689,10302815.05857811,482.9,2.4039968063484216e-09,485.4,BID
147,1712603460.216776,10302815.05857811,482.9,0.0,485.4,BID
148,1712603467.3272033,10302827.4835108,481.7,-2.403991232681154e-09,485.4,ASK
149,1712603478.1869683,10302839.90844349,482.9,2.403991232681154e-09,485.4,BID
150,1712603490.2273464,10302839.90844349,482.9,0.0,485.4,BID
151,1712603498.9470675,10303804.84030643,481.7,-1.8669576869066653e-07,485.4,ASK
152,1712603499.5692291,10303817.26523912,481.7,-2.403985658102989e-09,485.4,ASK
153,1712603520.1570272,10303817.26523912,481.7,-0.0,485.4,ASK
154,1712603541.3711536,10303829.68759936,483.0,2.403269026102892e-09,485.4,BID
155,1712603550.169634,10303829.68759936,483.0,0.0,485.4,BID
156,1712603580.1674452,10303829.68759936,483.0,0.0,485.4,BID
157,1712603602.427652,10303842.1099596,481.8,-2.403266236802411e-09,485.4,ASK
158,1712603610.1481817,10303842.1099596,481.8,-0.0,485.4,ASK
159,1712603640.2283812,10303842.1099596,481.8,-0.0,485.4,ASK
160,1712603643.4677522,10303854.52717814,483.2,2.4022687265725723e-09,485.4,BID
161,1712603666.610455,10303866.94439668,481.9,-2.4022687265725723e-09,485.4,ASK
162,1712603670.2379026,10303866.94439668,481.9,-0.0,485.4,ASK
163,1712603700.187885,10303866.94439668,481.9,-0.0,485.4,ASK
164,1712603708.1882222,10303874.07907427,483.3,1.3802991432895968e-09,485.4,BID
165,1712603708.1911504,10303879.36013867,483.2,1.021692792243023e-09,485.4,BID
166,1712603730.1483624,10303879.36013867,483.2,0.0,485.4,BID
167,1712603737.6581051,10303891.77588066,481.9,-2.40198914771073e-09,485.4,ASK
168,1712603760.2383456,10303891.77588066,481.9,-0.0,485.4,ASK
169,1712603774.4386709,10303904.20338687,482.8,2.404262307804488e-09,485.4,BID
170,1712603790.2487054,10303904.20338687,482.8,0.0,485.4,BID
171,1712603810.6085012,10303916.63089308,481.6,-2.404259517353666e-09,485.4,ASK
172,1712603820.1483178,10303916.63089308,481.6,-0.0,485.4,ASK
173,1712603849.538586,10303929.05582577,482.9,2.4037588538182488e-09,485.4,BID
174,1712603850.1754544,10303929.05582577,482.9,0.0,485.4,BID
175,1712603868.168604,10303945.78037668,483.0,3.235570096314177e-09,485.4,BID
176,1712603880.2486298,10303945.78037668,483.0,0.0,485.4,BID
177,1712603906.7396898,10303958.20530937,481.6,-2.4037523070610553e-09,485.4,ASK
178,1712603910.2388315,10303958.20530937,481.6,-0.0,485.4,ASK
179,1712603940.1386464,10303958.20530937,481.6,-0.0,485.4,ASK
180,1712603952.7189653,10303970.62252791,483.2,2.4022571311292142e-09,485.4,BID
181,1712603970.149028,10303970.62252791,483.2,0.0,485.4,BID
182,1712603978.2924385,10303983.03974645,482.0,-2.4022543426628887e-09,485.4,ASK
183,1712603987.2788234,10303995.45439573,483.3,2.4017572896268604e-09,485.4,BID
184,1712604000.1913726,10303995.45439573,483.3,0.0,485.4,BID
185,1712604013.1690876,10304007.86904501,482.0,-2.401751720791085e-09,485.4,ASK
186,1712604030.1592054,10304007.86904501,482.0,-0.0,485.4,ASK
187,1712604039.7439432,10304833.4558489,482.0,-1.597187473268075e-07,485.4,ASK
188,1712604056.4096446,10304845.57990192,483.3,2.345529933081689e-09,485.4,BID
189,1712604056.4138925,10304845.87049818,483.3,5.621900733835455e-11,485.4,BID
190,1712604060.2491102,10304845.87049818,483.3,0.0,485.4,BID
191,1712604090.2289,10304845.87049818,483.3,0.0,485.4,BID
192,1712604115.2394314,10304858.28514746,482.0,-2.4015612699307515e-09,485.4,ASK
193,1712604120.1695356,10304858.28514746,482.0,-0.0,485.4,ASK
194,1712604150.149021,10304858.28514746,482.0,-0.0,485.4,ASK
195,1712604156.5995984,10304870.7075077,483.0,2.4030501407485543e-09,485.4,BID
196,1712604178.6793425,10304883.12986794,481.6,-2.4030501407485543e-09,485.4,ASK
197,1712604180.2291815,10304883.12986794,481.6,-0.0,485.4,ASK
198,1712604189.719383,10304895.55222818,483.0,2.4030445708944162e-09,485.4,BID
199,1712604210.249402,10304895.55222818,483.0,0.0,485.4,BID
200,1712604211.276147,10304907.97458842,481.6,-2.4030417813943243e-09,485.4,ASK
201,1712604220.3495066,10304920.39694866,483.0,2.4030417813943243e-09,485.4,BID
202,1712604240.1500914,10304920.39694866,483.0,0.0,485.4,BID
203,1712604243.329946,10304932.8193089,481.6,-2.4030362112186197e-09,485.4,ASK
204,1712604252.0796475,10304945.24166914,483.0,2.403036211578938e-09,485.4,BID
205,1712604270.1493156,10304945.24166914,483.0,0.0,485.4,BID
206,1712604278.1499324,10304957.66402938,482.1,-2.403030641068737e-09,485.4,ASK
207,1712604300.2496295,10304957.66402938,482.1,-0.0,485.4,ASK
208,1712604321.849674,10304970.07611047,483.4,2.401039419779748e-09,485.4,BID
209,1712604330.2300904,10304970.07611047,483.4,0.0,485.4,BID
210,1712604347.0496137,10304982.48819156,482.1,-2.401036633346989e-09,485.4,ASK
211,1712604360.1961706,10304982.48819156,482.1,-0.0,485.4,ASK
212,1712604390.1598835,10304982.48819156,482.1,-0.0,485.4,ASK
213,1712604390.7802052,10304983.30272589,483.4,1.5756620417651888e-10,485.4,BID
214,1712604390.7837453,10304994.90027265,483.4,2.2434676498783176e-09,485.4,BID
215,1712604417.1399713,10305007.31235374,482.1,-2.40103385369452e-09,485.4,ASK
216,1712604420.1697135,10305007.31235374,482.1,-0.0,485.4,ASK
217,1712604450.1631978,10305007.31235374,482.1,-0.0,485.4,ASK
218,1712604461.2706404,10305019.72443483,483.4,2.401028287995415e-09,485.4,BID
219,1712604480.2458923,10305019.72443483,483.4,0.0,485.4,BID
220,1712604483.4004357,10305032.13651592,482.1,-2.401025500867866e-09,485.4,ASK
221,1712604493.1901286,10305044.54859701,483.4,2.401025501228181e-09,485.4,BID
222,1712604510.2405827,10305044.54859701,483.4,0.0,485.4,BID
223,1712604519.3500493,10305056.9606781,482.2,-2.401019935207486e-09,485.4,ASK
224,1712604540.160379,10305056.9606781,482.2,-0.0,485.4,ASK
225,1712604560.000489,10305069.37275919,483.4,2.4010171550171887e-09,485.4,BID
226,1712604565.0237708,10305140.15669123,482.2,-1.3692581760789863e-08,485.4,ASK
227,1712604570.1598594,10305140.15669123,482.2,-0.0,485.4,ASK
228,1712604586.8003144,10305152.56877232,482.2,-2.4009985155504155e-09,485.4,ASK
229,1712604595.700185,10305164.98085341,483.4,2.4009985159107263e-09,485.4,BID
230,1712604600.1998284,10305164.98085341,483.4,0.0,485.4,BID
231,1712604630.1719573,10305164.98085341,483.4,0.0,485.4,BID
232,1712604655.3404,10305177.3929345,482.5,-2.400992949078357e-09,485.4,ASK
233,1712604660.2400458,10305177.3929345,482.5,-0.0,485.4,ASK
234,1712604666.4705584,10305189.80244846,483.5,2.4004935830461795e-09,485.4,BID
235,1712604690.250496,10305189.80244846,483.5,0.0,485.4,BID
236,1712604690.4701903,10305202.21196242,482.8,-2.4004907965834782e-09,485.4,ASK
237,1712604700.7105029,10305207.3651657,483.6,9.968333235166414e-10,485.4,BID
238,1712604700.7134817,10305214.62041056,483.5,1.403451301237491e-09,485.4,BID
239,1712604720.1601355,10305214.62041056,483.5,0.0,485.4,BID
240,1712604723.5009344,10305227.0288587,482.8,-2.400279057440927e-09,485.4,ASK
241,1712604742.0802617,10305304.21403965,482.9,-1.493063203960308e-08,485.4,ASK
242,1712604750.1704488,10305304.21403965,482.9,-0.0,485.4,ASK
243,1712604767.230549,10305316.62098754,483.6,2.399968765284616e-09,485.4,BID
244,1712604780.1732404,10305316.62098754,483.6,0.0,485.4,BID
245,1712604796.8903966,10305329.02793543,483.0,-2.3999659798243526e-09,485.4,ASK
246,1712604810.1705656,10305329.02793543,483.0,-0.0,485.4,ASK
247,1712604836.310794,10305341.44258471,483.3,2.401452931765472e-09,485.4,BID
248,1712604840.2407506,10305341.44258471,483.3,0.0,485.4,BID
249,1712604845.9806757,10305351.56955868,483.3,1.958929532046356e-09,485.4,BID
250,1712604860.360751,10305363.98420796,483.0,-2.4014501445891182e-09,485.4,ASK
251,1712604870.241053,10305363.98420796,483.0,-0.0,485.4,ASK
252,1712604899.3406782,10305364.05954401,483.6,1.4572734480370555e-11,485.4,BID
253,1712604899.344424,10305376.38860641,483.7,2.384889467594273e-09,485.4,BID
254,1712604900.1605172,10305376.38860641,483.7,0.0,485.4,BID
255,1712604905.5208287,10305387.57352698,483.7,2.163741555741444e-09,485.4,BID
256,1712604921.660565,10305685.66904801,484.0,5.7667076167519473e-08,485.4,BID
257,1712604921.6635358,10305709.18303098,484.0,4.548819258561992e-09,485.4,BID
258,1712604930.1609235,10305709.18303098,484.0,0.0,485.4,BID
259,1712604948.7805853,10306048.88303098,484.0,6.571348450419453e-08,485.4,BID
260,1712604948.9408035,10306280.95688851,484.0,4.48936763041397e-08,485.4,BID
261,1712604948.9437208,10306282.48303098,484.0,2.9522560962202696e-10,485.4,BID
262,1712604951.0121856,10306286.8513226,484.0,8.45026975833318e-10,485.4,BID
263,1712604951.014598,10306299.75337086,484.4,2.4958450055971473e-09,485.4,BID
264,1712604951.0169654,10306310.20402995,484.3,2.021634454187781e-09,485.4,BID
265,1712604951.0193777,10308148.90402995,484.3,3.556885014940784e-07,485.4,BID
266,1712604951.2707863,10308585.29866376,484.5,-8.441863999538973e-08,485.4,ASK
267,1712604959.460905,10308597.70306221,484.5,-2.3995768188593196e-09,485.4,ASK
268,1712604960.240583,10308597.70306221,484.5,-0.0,485.4,ASK
269,1712604968.9207375,10308610.08440764,484.6,2.394469631339897e-09,485.4,BID
270,1712604972.750846,10308621.69625108,484.6,2.2456530782092876e-09,485.4,BID
271,1712604972.7540832,10308623.65051483,484.6,3.779415757699898e-10,485.4,BID
272,1712604972.8510096,10308630.72424252,484.6,-1.3680117583782575e-09,485.4,ASK
273,1712604972.8534982,10308648.49444154,484.5,-3.4366379759498e-09,485.4,ASK
274,1712604972.8563385,10308860.56253083,484.4,-4.101255412306568e-08,485.4,ASK
275,1712604990.2404797,10308860.56253083,484.4,-0.0,485.4,ASK
276,1712604990.490942,10308872.94387626,484.0,-2.3944106660446503e-09,485.4,ASK
277,1712604993.2906797,10308905.99065903,484.0,-6.390870005691864e-09,485.4,ASK
278,1712604999.4306383,10308918.3771165,484.4,2.395399275933354e-09,485.4,BID
279,1712605010.0111392,10309124.61163343,484.4,3.9883397957005926e-08,485.4,BID
280,1712605020.2227955,10309124.61163343,484.4,0.0,485.4,BID
281,1712605029.060684,10309136.9980909,484.0,-2.395340034922937e-09,485.4,ASK
282,1712605050.1641366,10309136.9980909,484.0,-0.0,485.4,ASK
283,1712605071.9507563,10309149.38454837,484.4,2.3953372575414727e-09,485.4,BID
284,1712605080.241053,10309149.38454837,484.4,0.0,485.4,BID
285,1712605097.7908714,10311991.62807769,484.4,5.49642538084553e-07,485.4,BID
286,1712605101.1040723,10312004.01453516,484.4,-2.395334478591806e-09,485.4,ASK
287,1712605110.2406328,10312004.01453516,484.4,-0.0,485.4,ASK
288,1712605140.1610267,10312004.01453516,484.4,-0.0,485.4,ASK
289,1712605170.1675637,10312004.01453516,484.4,-0.0,485.4,ASK
290,1712605185.9813757,10312016.39077278,484.8,2.392718299633639e-09,485.4,BID
291,1712605200.19102,10312016.39077278,484.8,0.0,485.4,BID
292,1712605208.18101,10312028.7670104,484.0,-2.393741674311752e-09,485.4,ASK
293,1712605222.0109878,10312041.14324802,484.8,2.393741674311752e-09,485.4,BID
294,1712605230.163818,10312041.14324802,484.8,0.0,485.4,BID
295,1712605250.98121,10312053.51948564,483.6,-2.3937361231013964e-09,485.4,ASK
296,1712605260.2309327,10312053.51948564,483.6,-0.0,485.4,ASK
297,1712605261.3409584,10312065.89572326,484.8,2.393733352089842e-09,485.4,BID
298,1712605286.1313648,10312078.27196088,484.1,-2.3937333524501036e-09,485.4,ASK
299,1712605290.231096,10312078.27196088,484.1,-0.0,485.4,ASK
300,1712605297.311213,10312090.6481985,484.8,2.393727800345094e-09,485.4,BID
301,1712605310.5613587,10313319.36964635,484.8,2.376509549173325e-07,485.4,BID
302,1712605320.1615918,10313319.36964635,484.8,0.0,485.4,BID
303,1712605322.3713286,10313331.74588397,484.1,-2.3934492658887764e-09,485.4,ASK
304,1712605333.194766,10313344.12467497,484.7,2.39394306603463e-09,485.4,BID
305,1712605333.491048,10313364.75599331,484.7,3.9899051111383724e-09,485.4,BID
306,1712605350.1610484,10313364.75599331,484.7,0.0,485.4,BID
307,1712605357.52155,10313377.13478431,484.1,-2.3939328844693663e-09,485.4,ASK
308,1712605367.6911356,10313389.51357531,484.7,2.393932884829583e-09,485.4,BID
309,1712605380.2415836,10313389.51357531,484.7,0.0,485.4,BID
310,1712605394.401201,10313401.89236631,483.3,-2.3939273327323406e-09,485.4,ASK
311,1712605404.4814336,10314286.28975667,483.3,-1.7103310700223345e-07,485.4,ASK
312,1712605410.2413838,10314286.28975667,483.3,-0.0,485.4,ASK
313,1712605440.1512756,10314286.28975667,483.3,-0.0,485.4,ASK
314,1712605453.5517962,10317193.51651022,483.3,-5.621798036643959e-07,485.4,ASK
315,1712605453.5559082,10320268.8482065,483.3,-5.946867980305585e-07,485.4,ASK
316,1712605453.6712143,10321529.7131665,483.3,2.438175194950321e-07,485.4,BID
317,1712605453.6752324,10321655.22520524,483.3,2.4270667298630097e-08,485.4,BID
318,1712605470.1617167,10321655.22520524,483.3,0.0,485.4,BID
319,1712605500.1791277,10321655.22520524,483.3,0.0,485.4,BID
320,1712605512.931429,10321667.60910616,484.5,2.393259074905473e-09,485.4,BID
321,1712605530.1611292,10321667.60910616,484.5,0.0,485.4,BID
322,1712605545.5914905,10321679.99300708,483.8,-2.393256299843371e-09,485.4,ASK
323,1712605560.241266,10321679.99300708,483.8,-0.0,485.4,ASK
324,1712605590.2411516,10321679.99300708,483.8,-0.0,485.4,ASK
325,1712605620.1633136,10321679.99300708,483.8,-0.0,485.4,ASK
326,1712605650.1616957,10321679.99300708,483.8,-0.0,485.4,ASK
327,1712605658.711874,10321692.376908,484.5,2.393253528797068e-09,485.4,BID
328,1712605675.98165,10322098.676908,484.2,7.851959693756476e-08,485.4,BID
329,1712605680.2417998,10322098.676908,484.2,0.0,485.4,BID
330,1712605684.9518032,10322111.06080892,483.8,-2.393159767860196e-09,485.4,ASK
331,1712605695.7715113,10322123.43704654,484.8,2.391678853442809e-09,485.4,BID
332,1712605710.2559576,10322123.43704654,484.8,0.0,485.4,BID
333,1712605716.891635,10323617.43014899,484.8,2.887099892191453e-07,485.4,BID
334,1712605719.7019389,10323629.80638661,484.1,-2.391673310866417e-09,485.4,ASK
335,1712605728.8319433,10323642.18262423,484.8,2.391673310866417e-09,485.4,BID
336,1712605740.1613026,10323642.18262423,484.8,0.0,485.4,BID
337,1712605754.4216256,10323654.55886185,483.8,-2.391333062683909e-09,485.4,ASK
338,1712605755.7720013,10323675.22856185,483.8,-3.9937934714704575e-09,485.4,ASK
339,1712605755.776163,10323957.20427841,483.7,-5.448326661169229e-08,485.4,ASK
340,1712605755.780233,10324958.67793504,483.8,-1.935044510377469e-07,485.4,ASK
341,1712605755.7838058,10325659.45308387,483.7,-1.3540357210336194e-07,485.4,ASK
342,1712605755.7856653,10325702.12830245,483.6,-8.245693423511315e-09,485.4,ASK
343,1712605770.1649532,10325702.12830245,483.6,-0.0,485.4,ASK
344,1712605795.5819728,10325714.50454007,484.8,2.3908727185317728e-09,485.4,BID
345,1712605800.1823423,10325714.50454007,484.8,0.0,485.4,BID
346,1712605816.49175,10325726.88077769,484.0,-2.4576788069013992e-09,485.4,ASK
347,1712605830.161693,10325726.88077769,484.0,-0.0,485.4,ASK
348,1712605858.4620397,10325739.25701531,484.8,2.457675883455279e-09,485.4,BID
349,1712605860.2418303,10325739.25701531,484.8,0.0,485.4,BID
350,1712605882.1319966,10325751.63325293,484.0,-2.457672955183989e-09,485.4,ASK
351,1712605889.9720228,10325764.00949055,484.8,2.457672955183989e-09,485.4,BID
352,1712605890.2415829,10325764.00949055,484.8,0.0,485.4,BID
353,1712605916.2920065,10325776.38572817,484.0,-2.457667103494445e-09,485.4,ASK
354,1712605920.1723516,10325776.38572817,484.0,-0.0,485.4,ASK
355,1712605950.165563,10325776.38572817,484.0,-0.0,485.4,ASK
356,1712605980.242393,10325776.38572817,484.0,-0.0,485.4,ASK
357,1712605990.862003,10325788.76196579,484.8,2.4576641804460513e-09,485.4,BID
358,1712605993.731971,10326793.28014562,484.0,-1.9947648264934346e-07,485.4,ASK
359,1712606010.2418845,10326793.28014562,484.0,-0.0,485.4,ASK
360,1712606017.0019417,10335598.88926092,484.8,1.7484405039364378e-06,485.4,BID
361,1712606017.0820882,10335911.77183092,484.8,6.21259189683894e-08,485.4,BID
362,1712606017.2018385,10336206.76067485,484.8,5.8572943243504816e-08,485.4,BID
363,1712606017.9018936,10336219.13691247,484.3,-2.4574239965104563e-09,485.4,ASK
364,1712606018.201794,10340619.20343927,484.8,8.736765889486555e-07,485.4,BID
365,1712606019.2729497,10344082.29186722,484.8,6.87630349798758e-07,485.4,BID
366,1712606019.2773318,10344713.82872929,484.8,1.253978702567223e-07,485.4,BID
367,1712606019.281017,10344728.16433847,485.0,2.8464765365977397e-09,485.4,BID
368,1712606019.2846634,10344744.09279312,484.8,3.162751708769114e-09,485.4,BID
369,1712606019.2877345,10345019.26996607,485.0,5.4639140648178287e-08,485.4,BID
370,1712606040.1722174,10345019.26996607,485.0,0.0,485.4,BID
371,1712606052.094457,10345034.09279312,485.0,2.938063682655737e-09,485.4,BID
372,1712606056.4721074,10345035.63797091,485.1,3.0627293503741324e-10,485.4,BID
373,1712606056.4764204,10345046.46137691,485.1,2.1453300360363e-09,485.4,BID
374,1712606070.1523175,10345046.46137691,485.1,0.0,485.4,BID
375,1712606079.1950548,10345058.8299607,484.3,-2.451596562397081e-09,485.4,ASK
376,1712606088.6421552,10345071.19854449,485.1,2.4515965620278834e-09,485.4,BID
377,1712606100.182175,10345071.19854449,485.1,0.0,485.4,BID
378,1712606130.162266,10345071.19854449,485.1,0.0,485.4,BID
379,1712606139.2722192,10345083.56712828,485.0,-2.4551753667791312e-09,485.4,ASK
380,1712606150.9423573,10345092.15119071,485.1,1.7039443625177335e-09,485.4,BID
381,1712606150.9473643,10345095.93571207,485.1,7.512310038916601e-10,485.4,BID
382,1712606160.243246,10345095.93571207,485.1,0.0,485.4,BID
383,1712606175.992219,10345108.30429586,484.2,-2.4551695191407714e-09,485.4,ASK
384,1712606190.2418206,10345108.30429586,484.2,-0.0,485.4,ASK
385,1712606217.244137,10345120.67287965,485.1,2.455166600085968e-09,485.4,BID
386,1712606220.1622949,10345120.67287965,485.1,0.0,485.4,BID
387,1712606250.162747,10345120.67287965,485.1,0.0,485.4,BID
388,1712606255.4323394,10345130.98003281,485.1,2.0459697304170198e-09,485.4,BID
389,1712606258.3224,10345141.28718597,485.1,2.045969730786755e-09,485.4,BID
390,1712606273.3023744,10345153.65576976,484.0,-2.4551636759827948e-09,485.4,ASK
391,1712606280.242849,10345153.65576976,484.0,-0.0,485.4,ASK
392,1712606280.648559,10345166.02435355,485.1,2.455155885408686e-09,485.4,BID
393,1712606310.2522197,10345166.02435355,485.1,0.0,485.4,BID
394,1712606337.1324458,10345178.39293734,484.0,-2.4551529609613027e-09,485.4,ASK
395,1712606340.155823,10345178.39293734,484.0,-0.0,485.4,ASK
396,1712606346.902369,10345190.76152113,485.1,2.4551500438908884e-09,485.4,BID
397,1712606370.1624892,10345190.76152113,485.1,0.0,485.4,BID
398,1712606378.042394,10345203.13010492,484.0,-2.4551471194574193e-09,485.4,ASK
399,1712606400.2128944,10345203.13010492,484.0,-0.0,485.4,ASK
400,1712606415.8127246,10345215.49868871,485.1,2.455222903287793e-09,485.4,BID
401,1712606430.1655476,10345215.49868871,485.1,0.0,485.4,BID
402,1712606444.2350078,10345240.36142808,484.2,-4.935366527410437e-09,485.4,ASK
403,1712606460.2323985,10345240.36142808,484.2,-0.0,485.4,ASK
404,1712606472.10257,10345252.73001187,484.2,-2.455214111444617e-09,485.4,ASK
405,1712606490.2323518,10345252.73001187,484.2,-0.0,485.4,ASK
406,1712606496.9926436,10345263.03716503,485.1,2.0460093280123803e-09,485.4,BID
407,1712606520.188741,10345263.03716503,485.1,0.0,485.4,BID
408,1712606540.1328144,10345269.84274857,485.1,1.3509330232969263e-09,485.4,BID
409,1712606540.1379647,10345720.93141363,485.1,8.954273658080074e-08,485.4,BID
410,1712606544.8826687,10345733.29999742,485.1,2.455208755811881e-09,485.4,BID
411,1712606550.1760986,10345733.29999742,485.1,0.0,485.4,BID
412,1712606567.1141431,10345745.66858121,484.0,-2.455097580669933e-09,485.4,ASK
413,1712606580.1793685,10345745.66858121,484.0,-0.0,485.4,ASK
414,1712606610.1526885,10345745.66858121,484.0,-0.0,485.4,ASK
415,1712606618.042153,10346541.62623253,484.3,-1.5799313931543777e-07,485.4,ASK
416,1712606636.1214118,10347202.27366701,484.3,-1.3113481851799436e-07,485.4,ASK
417,1712606640.2416625,10347202.27366701,484.3,-0.0,485.4,ASK
418,1712606641.9217827,10347214.6422508,485.1,2.454750937671473e-09,485.4,BID
419,1712606665.8727486,10347225.6422508,484.4,-2.183132747511987e-09,485.4,ASK
420,1712606665.8759632,10347227.01083459,484.3,-2.7161818978981355e-10,485.4,ASK
421,1712606670.230636,10347227.01083459,484.3,-0.0,485.4,ASK
422,1712606675.4206858,10347239.38196861,485.0,2.455251229930757e-09,485.4,BID
423,1712606697.430444,10347251.75310263,484.3,-2.455251229930757e-09,485.4,ASK
424,1712606700.15692,10347251.75310263,484.3,-0.0,485.4,ASK
425,1712606705.8403945,10347262.79386589,484.9,2.1913580054243758e-09,485.4,BID
426,1712606705.84537,10347264.12623838,485.1,2.6444776093717754e-10,485.4,BID
427,1712606730.152534,10347264.12623838,485.1,0.0,485.4,BID
428,1712606737.559087,10347274.43339154,485.1,2.045749479653501e-09,485.4,BID
429,1712606739.8492358,10347293.35004277,485.1,3.7545507291281415e-09,485.4,BID
430,1712606739.8525372,10347480.57645482,485.1,3.716043888094787e-08,485.4,BID
431,1712606760.239169,10347480.57645482,485.1,0.0,485.4,BID
432,1712606764.728282,10347492.94959057,484.1,-2.455751663322264e-09,485.4,ASK
433,1712606773.69793,10347505.31817436,485.1,2.4548482157746688e-09,485.4,BID
434,1712606790.2378626,10347505.31817436,485.1,0.0,485.4,BID
435,1712606791.637813,10347548.19922816,485.1,8.510774530896508e-09,485.4,BID
436,1712606820.165343,10347548.19922816,485.1,0.0,485.4,BID
437,1712606833.9164724,10347560.56781195,484.4,-2.4548322387116434e-09,485.4,ASK
438,1712606850.155975,10347560.56781195,484.4,-0.0,485.4,ASK
439,1712606871.5758195,10347572.93639574,485.1,2.4548293199928794e-09,485.4,BID
440,1712606880.2260163,10347572.93639574,485.1,0.0,485.4,BID
441,1712606898.865534,10347585.30497953,484.4,-2.454826396323368e-09,485.4,ASK
442,1712606910.2351325,10347585.30497953,484.4,-0.0,485.4,ASK
443,1712606940.15645,10347585.30497953,484.4,-0.0,485.4,ASK
444,1712606970.1604264,10347585.30497953,484.4,-0.0,485.4,ASK
445,1712606970.1835136,10347597.67356332,485.1,2.454823477618497e-09,485.4,BID
446,1712606977.304118,10347607.98071648,485.1,2.0456862314719755e-09,485.4,BID
447,1712606992.7635834,10347620.34930027,485.0,-2.454823477618497e-09,485.4,ASK
448,1712607000.1862135,10347620.34930027,485.0,-0.0,485.4,ASK
449,1712607002.4993558,10347632.71788406,485.1,2.454815195226089e-09,485.4,BID
450,1712607030.1597242,10347632.71788406,485.1,0.0,485.4,BID
451,1712607060.2325156,10347632.71788406,485.1,0.0,485.4,BID
452,1712607060.412527,10347645.08646785,484.7,-2.4548122719599008e-09,485.4,ASK
453,1712607069.6822758,10347655.19751368,485.1,2.0067551640123998e-09,485.4,BID
454,1712607069.6921215,10347657.45458636,485.2,4.479647635741568e-10,485.4,BID
455,1712607090.2382867,10347657.45458636,485.2,0.0,485.4,BID
456,1712607094.0723188,10347669.82270487,485.0,-2.454714083335658e-09,485.4,ASK
457,1712607120.16766,10347669.82270487,485.0,-0.0,485.4,ASK
458,1712607124.4917188,10347680.79224761,485.2,2.177134620174013e-09,485.4,BID
459,1712607124.4952648,10347764.98776854,485.2,1.671035774475024e-08,485.4,BID
460,1712607135.131513,10347777.35380316,485.2,2.4542975694372316e-09,485.4,BID
461,1712607138.5020008,10347783.99109863,485.2,1.3173097633963755e-09,485.4,BID
462,1712607144.5623157,10347803.83102176,485.3,3.9376466761471975e-09,485.4,BID
463,1712607144.5657182,10347834.0025791,485.4,5.988175039616976e-09,485.4,BID
464,1712607144.568965,10348287.36913883,485.5,8.998005260727874e-08,485.5,BID
465,1712607144.572195,10348299.37135883,485.3,2.382090967949109e-09,485.5,BID
466,1712607150.16278,10348299.37135883,485.3,0.0,485.5,BID
467,1712607155.5611565,10348311.73739345,485.0,-2.454148717612568e-09,485.5,ASK
468,1712607165.341402,10348323.91117079,485.5,2.4159935635532203e-09,485.5,BID
469,1712607165.3459463,10348324.09578685,485.5,3.663868678332066e-11,485.5,BID
470,1712607178.4308789,10354324.09578685,485.0,-1.1907529583043228e-06,485.5,ASK
471,1712607180.2408257,10354324.09578685,485.0,-0.0,485.5,ASK
472,1712607186.041759,10354353.91117079,485.5,5.913696774451647e-09,485.5,BID
473,1712607186.0473018,10354618.3727694,485.5,5.2454320422812064e-08,485.5,BID
474,1712607192.9105213,10354630.7311628,484.7,-2.4512108021376602e-09,485.5,ASK
475,1712607210.2407017,10354630.7311628,484.7,-0.0,485.5,ASK
476,1712607217.5608647,10354641.02982397,485.5,2.042615359571724e-09,485.5,BID
477,1712607221.3104124,10354660.68736747,485.5,3.8988369087685115e-09,485.5,BID
478,1712607233.7100515,10354673.04576087,485.5,2.4511384307472027e-09,485.5,BID
479,1712607240.1534152,10354673.04576087,485.5,0.0,485.5,BID
480,1712607258.5601845,10354685.40415427,484.7,-2.451128443372423e-09,485.5,ASK
481,1712607270.1582365,10354685.40415427,484.7,-0.0,485.5,ASK
482,1712607300.169592,10354685.40415427,484.7,-0.0,485.5,ASK
483,1712607301.1925588,10354697.76254767,485.5,2.452344348871437e-09,485.5,BID
484,1712607326.1592374,10354710.12094107,484.7,-2.452344349241052e-09,485.5,ASK
485,1712607330.1515334,10354710.12094107,484.7,-0.0,485.5,ASK
486,1712607360.2390573,10354710.12094107,484.7,-0.0,485.5,ASK
487,1712607390.229361,10354710.12094107,484.7,-0.0,485.5,ASK
488,1712607399.2885544,10354722.4767895,485.6,2.4518335029741627e-09,485.6,BID
489,1712607414.7187765,10354813.0863447,485.6,1.7980112364753826e-08,485.6,BID
490,1712607414.7254145,10355752.13082574,485.6,1.863393463014377e-07,485.6,BID
491,1712607420.164128,10355752.13082574,485.6,0.0,485.6,BID
492,1712607424.1580849,10355764.48667417,484.8,-2.4515873436502198e-09,485.6,ASK
493,1712607437.428014,10356395.938243,484.8,-1.2528954875728198e-07,485.6,ASK
494,1712607450.154514,10356395.938243,484.8,-0.0,485.6,ASK
495,1712607455.2680025,10356406.23478336,485.6,2.042862941335725e-09,485.6,BID
496,1712607462.738186,10356418.59063179,485.6,2.4514355289376727e-09,485.6,BID
497,1712607480.2378824,10356418.59063179,485.6,0.0,485.6,BID
498,1712607490.1576862,10356430.94648022,484.6,-2.4514301788596303e-09,485.6,ASK
499,1712607510.227935,10356430.94648022,484.6,-0.0,485.6,ASK
500,1712607528.9473882,10356443.30487362,485.5,2.451932194116264e-09,485.6,BID
501,1712607540.1675808,10356443.30487362,485.5,0.0,485.6,BID
502,1712607553.716926,10356455.66326702,484.6,-2.4519292756771363e-09,485.6,ASK
503,1712607570.1622608,10356455.66326702,484.6,-0.0,485.6,ASK
504,1712607600.1714673,10356455.66326702,484.6,-0.0,485.6,ASK
505,1712607626.4665394,10356468.02166042,485.5,2.4520828059560513e-09,485.6,BID
506,1712607630.1434512,10356468.02166042,485.5,0.0,485.6,BID
507,1712607649.2570164,10356480.38005382,484.6,-2.452079887158354e-09,485.6,ASK
508,1712607659.0311823,10356492.73844722,485.5,2.4520798867887788e-09,485.6,BID
509,1712607660.1694582,10356492.73844722,485.5,0.0,485.6,BID
510,1712607679.846131,10356505.09684062,484.6,-2.4520740542560604e-09,485.6,ASK
511,1712607690.1510684,10356505.09684062,484.6,-0.0,485.6,ASK
512,1712607691.3261788,10356517.45523402,485.5,2.4520711401514397e-09,485.6,BID
513,1712607693.3864958,10356527.75389519,485.5,2.0433926177168008e-09,485.6,BID
514,1712607715.4759688,10356540.11228859,484.6,-2.452071140521013e-09,485.6,ASK
515,1712607720.226091,10356540.11228859,484.6,-0.0,485.6,ASK
516,1712607724.0060754,10356552.48852621,484.8,2.4556033956502157e-09,485.6,BID
517,1712607744.3758304,10356564.86476383,484.6,-2.4556033956502157e-09,485.6,ASK
518,1712607750.2321205,10356564.86476383,484.6,-0.0,485.6,ASK
519,1712607754.915648,10356577.24100145,484.8,2.455597550193728e-09,485.6,BID
520,1712607780.1414082,10356577.24100145,484.8,0.0,485.6,BID
521,1712607782.9255097,10356589.61723907,484.6,-2.455594626872925e-09,485.6,ASK
522,1712607810.1583097,10356589.61723907,484.6,-0.0,485.6,ASK
523,1712607822.30541,10356601.99347669,484.8,2.45559170513464e-09,485.6,BID
524,1712607827.0253656,10356624.68464982,484.6,-4.502196727208841e-09,485.6,ASK
525,1712607840.2152126,10356624.68464982,484.6,-0.0,485.6,ASK
526,1712607845.355712,10356937.56721982,484.6,-6.207938762567283e-08,485.6,ASK
527,1712607845.3955166,10356949.94345744,484.6,-2.455583423959737e-09,485.6,ASK
528,1712607854.3450606,10356962.31969506,484.8,2.455583423959737e-09,485.6,BID
529,1712607870.2248645,10356962.31969506,484.8,0.0,485.6,BID
530,1712607878.494835,10356974.69593268,484.6,-2.4555037085774394e-09,485.6,ASK
531,1712607886.347332,10356987.0721703,484.8,2.455503708207882e-09,485.6,BID
532,1712607900.1753693,10356987.0721703,484.8,0.0,485.6,BID
533,1712607919.7848074,10356997.39202172,484.6,-2.0475021478084822e-09,485.6,ASK
534,1712607919.7897666,10363208.57214594,483.0,-1.2323243938771531e-06,485.6,ASK
535,1712607919.7951362,10369295.57214594,483.6,-1.2076865322708017e-06,485.6,ASK
536,1712607919.7976108,10379295.57214594,483.4,-1.9840422741429303e-06,485.6,ASK
537,1712607919.79982,10380936.97584538,484.6,-3.25661432862161e-07,485.6,ASK
538,1712607919.802012,10387023.97584538,483.2,-1.2076865322708017e-06,485.6,ASK
539,1712607919.804218,10427828.29047438,483.0,-8.095748519136416e-06,485.6,ASK
540,1712607930.1603265,10427828.29047438,483.0,-0.0,485.6,ASK
541,1712607933.9747567,10427838.61039182,484.5,2.0337044728622194e-09,485.6,BID
542,1712607940.8245232,10427850.98662944,483.1,-2.438935190097239e-09,485.6,ASK
543,1712607950.134572,10427863.37053036,484.5,2.4404453657461687e-09,485.6,BID
544,1712607960.2143407,10427863.37053036,484.5,0.0,485.6,BID
545,1712607970.2858171,10427875.75443128,483.1,-2.440437200103851e-09,485.6,ASK
546,1712607981.1444683,10427888.1383322,484.5,2.440437200103851e-09,485.6,BID
547,1712607990.2142446,10427888.1383322,484.5,0.0,485.6,BID
548,1712608020.1651752,10427888.1383322,484.5,0.0,485.6,BID
549,1712608035.644161,10427929.41800196,484.5,8.134771463092901e-09,485.6,BID
550,1712608037.79413,10427941.80190288,483.1,-2.440431437716566e-09,485.6,ASK
551,1712608050.1488457,10427941.80190288,483.1,-0.0,485.6,ASK
552,1712608080.2347372,10427941.80190288,483.1,-0.0,485.6,ASK
553,1712608080.4641974,10427954.1858038,484.5,2.440418941747559e-09,485.6,BID
554,1712608103.653729,10427966.56970472,483.1,-2.440418941747559e-09,485.6,ASK
555,1712608110.2377222,10427966.56970472,483.1,-0.0,485.6,ASK
556,1712608113.3036785,10427978.95360564,484.5,2.4404131790794406e-09,485.6,BID
557,1712608140.153703,10427978.95360564,484.5,0.0,485.6,BID
558,1712608169.5733423,10427991.33750656,483.1,-2.4404102935866656e-09,485.6,ASK
559,1712608170.14398,10427991.33750656,483.1,-0.0,485.6,ASK
560,1712608176.1050909,10428001.657424,484.5,2.033672848072113e-09,485.6,BID
561,1712608200.303822,10428001.657424,484.5,0.0,485.6,BID
562,1712608207.933824,10428931.73674636,483.2,-1.832875589033532e-07,485.6,ASK
563,1712608208.053899,10429501.657424,483.2,1.1231232354245721e-07,485.6,BID
564,1712608208.0657928,10430069.657424,484.5,1.119338221528137e-07,485.6,BID
565,1712608230.2228162,10430069.657424,484.5,0.0,485.6,BID
566,1712608242.5334935,10430082.04132492,484.5,2.439972269013833e-09,485.6,BID
567,1712608260.1528227,10430082.04132492,484.5,0.0,485.6,BID
568,1712608261.9131043,10431114.03306899,484.5,2.033307821935197e-07,485.6,BID
569,1712608266.52301,10431126.41696991,483.2,-2.439969384563609e-09,485.6,ASK
570,1712608290.1454844,10431126.41696991,483.2,-0.0,485.6,ASK
571,1712608307.1329842,10431138.80087083,484.5,2.439726161535803e-09,485.6,BID
572,1712608320.2224154,10431138.80087083,484.5,0.0,485.6,BID
573,1712608330.1027002,10431151.18477175,483.2,-2.439723277667428e-09,485.6,ASK
574,1712608340.2826476,10431163.57634547,484.2,2.4412348779522516e-09,485.6,BID
575,1712608350.2124977,10431163.57634547,484.2,0.0,485.6,BID
576,1712608352.7225757,10431191.40629666,484.2,5.482700473167257e-09,485.6,BID
577,1712608365.2125366,10431203.79787038,483.2,-2.4412291147720387e-09,485.6,ASK
578,1712608373.648591,10431216.1894441,484.2,2.441229114405084e-09,485.6,BID
579,1712608380.1434157,10431216.1894441,484.2,0.0,485.6,BID
580,1712608396.682552,10431228.58101782,483.2,-2.4412168683614047e-09,485.6,ASK
581,1712608405.1323457,10431240.97259154,484.2,2.4412168683614047e-09,485.6,BID
582,1712608410.14532,10431240.97259154,484.2,0.0,485.6,BID
583,1712608415.3126855,10431251.29890298,484.2,2.034342587153355e-09,485.6,BID
584,1712608440.1623654,10431251.29890298,484.2,0.0,485.6,BID
585,1712608466.132291,10431263.6904767,483.1,-2.4412086988225867e-09,485.6,ASK
586,1712608470.160327,10431263.6904767,483.1,-0.0,485.6,ASK
587,1712608476.651986,10431276.08205042,484.2,2.441205819424624e-09,485.6,BID
588,1712608500.1760287,10431276.08205042,484.2,0.0,485.6,BID
589,1712608530.1500175,10431276.08205042,484.2,0.0,485.6,BID
590,1712608532.8756754,10431288.47362414,483.1,-2.444781851061271e-09,485.6,ASK
591,1712608543.8518517,10431300.87544307,483.8,2.446803168365976e-09,485.6,BID
592,1712608560.2397232,10431300.87544307,483.8,0.0,485.6,BID
593,1712608568.9615111,10431313.277262,482.7,-2.4467973824552956e-09,485.6,ASK
594,1712608590.2238548,10431313.277262,482.7,-0.0,485.6,ASK
595,1712608609.7921278,10431325.68420989,483.6,2.4478064013732283e-09,485.6,BID
596,1712608620.1364431,10431325.68420989,483.6,0.0,485.6,BID
597,1712608626.7013905,10431346.34963663,483.9,4.0771432607511105e-09,485.6,BID
598,1712608650.1452794,10431346.34963663,483.9,0.0,485.6,BID
599,1712608655.0825226,10431356.68235,483.9,2.038567608792616e-09,485.6,BID
600,1712608670.211576,10431369.08929789,483.1,-2.4477986744288522e-09,485.6,ASK
601,1712608680.2414556,10431369.08929789,483.1,-0.0,485.6,ASK
602,1712608680.6215272,10432038.2496671,483.9,1.3202008475216573e-07,485.6,BID
603,1712608680.6282008,10432686.38929789,483.9,1.2787285817452024e-07,485.6,BID
604,1712608680.7593927,10433019.57339226,483.9,6.573460473892549e-08,485.6,BID
605,1712608688.5816836,10433387.77549469,483.9,7.264338267058809e-08,485.6,BID
606,1712608688.6014814,10433751.63672395,483.9,7.178696249126451e-08,485.6,BID
607,1712608696.501591,10434044.63672395,483.9,5.780659855582145e-08,485.6,BID
608,1712608696.5641162,10434563.57025882,483.9,1.023815103323518e-07,485.6,BID
609,1712608697.74166,10435595.16877183,484.2,2.035262836597104e-07,485.6,BID
610,1712608705.552019,10436027.21689244,484.2,8.523970056287864e-08,485.6,BID
611,1712608710.222025,10436027.21689244,484.2,0.0,485.6,BID
612,1712608713.4819102,10436039.60846616,484.2,2.443673224706249e-09,485.6,BID
613,1712608719.7423253,10436440.00864821,484.2,7.896068943111249e-08,485.6,BID
614,1712608720.1285744,10437008.96566752,484.2,1.1220084434388369e-07,485.6,BID
615,1712608720.5019584,10437434.31145685,484.2,8.388007368076875e-08,485.6,BID
616,1712608724.062131,10437752.32397681,484.2,6.271347753932419e-08,485.6,BID
617,1712608725.6624105,10437990.47959555,484.2,4.696534290108736e-08,485.6,BID
618,1712608725.6881762,10438226.62670124,484.2,4.6569255231097663e-08,485.6,BID
619,1712608725.7009163,10438462.45667993,484.2,4.650671638227736e-08,485.6,BID
620,1712608731.6020577,10438694.09483545,484.2,4.5680070285622897e-08,485.6,BID
621,1712608740.1479728,10438694.09483545,484.2,0.0,485.6,BID
622,1712608741.5026,10438706.48640917,484.3,-2.443051100440764e-09,485.6,ASK
623,1712608770.1334772,10438706.48640917,484.3,-0.0,485.6,ASK
624,1712608780.342719,10438718.86264679,484.8,2.440024636581107e-09,485.6,BID
625,1712608800.172628,10438718.86264679,484.8,0.0,485.6,BID
626,1712608803.4130523,10438731.23888441,484.3,-2.440021750220955e-09,485.6,ASK
627,1712608830.1413922,10438731.23888441,484.3,-0.0,485.6,ASK
628,1712608845.4634373,10438743.61512203,484.8,2.440018866844477e-09,485.6,BID
629,1712608848.2533176,10439094.30444715,484.3,-6.913963645418653e-08,485.6,ASK
630,1712608848.353558,10439776.03304481,484.3,1.3440519578529913e-07,485.6,BID
631,1712608848.359075,10440420.4678423,485.6,1.270525916396302e-07,485.6,BID
632,1712608848.36252,10440437.13996408,484.8,3.286967569923124e-09,485.6,BID
633,1712608848.365015,10440457.73304481,485.6,4.059998446579908e-09,485.6,BID
634,1712608860.2233098,10440457.73304481,485.6,0.0,485.6,BID
635,1712608867.1232712,10440470.10928243,484.2,-2.4396162777580716e-09,485.6,ASK
636,1712608875.9831758,10440482.46513086,485.6,2.435597140342848e-09,485.6,BID
637,1712608890.213176,10440482.46513086,485.6,0.0,485.6,BID
638,1712608897.6836636,10440492.76167122,485.6,2.0296594860787708e-09,485.6,BID
639,1712608920.1589744,10440492.76167122,485.6,0.0,485.6,BID
640,1712608936.8136694,10440505.11751965,485.0,-2.4355889821106807e-09,485.6,ASK
641,1712608945.8242457,10440506.96975261,485.9,3.651127814651467e-10,485.9,BID
642,1712608945.8318985,10440517.46573944,485.9,2.068972440541339e-09,485.9,BID
643,1712608950.143886,10440517.46573944,485.9,0.0,485.9,BID
644,1712608962.8441048,10440525.72849101,485.0,-1.6287525074421811e-09,485.9,ASK
645,1712608966.6642983,10440620.55852295,485.0,1.869288347789369e-08,485.9,BID
646,1712608971.3641224,10440632.90674274,485.0,-2.4340794678848163e-09,485.9,ASK
647,1712608980.223705,10440632.90674274,485.0,-0.0,485.9,ASK
648,1712609010.22393,10440632.90674274,485.0,-0.0,485.9,ASK
649,1712609011.1845353,10440645.25750437,485.8,2.4345536460629623e-09,485.9,BID
650,1712609031.8644688,10440666.01477339,485.8,4.0916249935446535e-09,485.9,BID
651,1712609040.1487784,10440666.01477339,485.8,0.0,485.9,BID
652,1712609069.3444312,10440678.36553502,484.2,-2.4345459279029056e-09,485.9,ASK
653,1712609070.1471024,10440678.36553502,484.2,-0.0,485.9,ASK
654,1712609077.2343998,10440690.71629665,485.8,2.434543057679012e-09,485.9,BID
655,1712609100.1749616,10440690.71629665,485.8,0.0,485.9,BID
656,1712609102.1444771,10440703.06705828,485.0,-2.434540178345866e-09,485.9,ASK
657,1712609130.147205,10440703.06705828,485.0,-0.0,485.9,ASK
658,1712609130.5597525,10441116.39718921,485.0,-8.147413517401584e-08,485.9,ASK
659,1712609136.0947187,10441126.69372957,485.6,2.0296166633260518e-09,485.9,BID
660,1712609160.1754422,10441126.69372957,485.6,0.0,485.9,BID
661,1712609176.224575,10441139.049578,485.6,2.4354413586465202e-09,485.9,BID
662,1712609190.1453123,10441139.049578,485.6,0.0,485.9,BID
663,1712609199.0446868,10441151.40542643,485.0,-2.435438478374414e-09,485.9,ASK
664,1712609208.5688207,10444262.62038199,485.0,-6.132458374156159e-07,485.9,ASK
665,1712609208.5765612,10445102.41463942,485.0,-1.6553029604534878e-07,485.9,ASK
666,1712609220.235314,10445102.41463942,485.0,-0.0,485.9,ASK
667,1712609250.2303436,10445102.41463942,485.0,-0.0,485.9,ASK
668,1712609276.1353817,10445114.77048785,485.6,2.4345160703931768e-09,485.9,BID
669,1712609280.1598022,10445114.77048785,485.6,0.0,485.9,BID
670,1712609310.1507654,10445114.77048785,485.6,0.0,485.9,BID
671,1712609333.1177664,10445127.12633628,485.0,-2.434513192309237e-09,485.9,ASK
672,1712609340.2255802,10445127.12633628,485.0,-0.0,485.9,ASK
673,1712609343.4967372,10445139.48727571,485.4,2.4355134130387163e-09,485.9,BID
674,1712609354.3405552,10445154.48727571,485.0,-2.955495527039022e-09,485.9,ASK
675,1712609359.4551482,10447353.77457116,485.0,-4.333322509583213e-07,485.9,ASK
676,1712609370.2154188,10447353.77457116,485.0,-0.0,485.9,ASK
677,1712609372.9651146,10447366.13551059,485.0,-2.43499529046677e-09,485.9,ASK
678,1712609397.3584335,10447384.13551059,485.0,-3.545840142357477e-09,485.9,ASK
679,1712609400.1854017,10447384.13551059,485.0,-0.0,485.9,ASK
680,1712609410.965901,10447396.49645002,485.4,2.4349882272837943e-09,485.9,BID
681,1712609430.1572025,10447396.49645002,485.4,0.0,485.9,BID
682,1712609433.6101255,10447408.85738945,485.0,-2.43498534926921e-09,485.9,ASK
683,1712609460.22587,10447408.85738945,485.0,-0.0,485.9,ASK
684,1712609490.2353492,10447408.85738945,485.0,-0.0,485.9,ASK
685,1712609504.1752388,10447462.29903117,485.0,-1.0527473392015485e-08,485.9,ASK
686,1712609510.1751976,10447474.6548796,485.6,2.4339795970563034e-09,485.9,BID
687,1712609520.1560078,10447474.6548796,485.6,0.0,485.9,BID
688,1712609540.4021268,10447491.12934417,485.6,3.245285723447211e-09,485.9,BID
689,1712609550.1389394,10447491.12934417,485.6,0.0,485.9,BID
690,1712609567.1223984,10447503.4851926,485.0,-2.433960457156156e-09,485.9,ASK
691,1712609580.2193415,10447503.4851926,485.0,-0.0,485.9,ASK
692,1712609610.2256768,10447503.4851926,485.0,-0.0,485.9,ASK
693,1712609610.992294,10447515.84104103,485.6,2.433957583940246e-09,485.9,BID
694,1712609623.1953182,10447865.84104103,485.6,6.894590519010405e-08,485.9,BID
695,1712609636.505356,10447878.19688946,485.2,-2.433957583940246e-09,485.9,ASK
696,1712609640.1378074,10447878.19688946,485.2,-0.0,485.9,ASK
697,1712609659.20536,10448292.25602809,485.2,-8.156188261901163e-08,485.9,ASK
698,1712609668.0394158,10451911.35602809,485.2,7.128948061945836e-07,485.9,BID
699,1712609668.6585147,10453174.55602809,485.2,2.488267025464584e-07,485.9,BID
700,1712609668.6759784,10453494.0360897,485.2,6.293157873615472e-08,485.9,BID
701,1712609670.1482806,10453494.0360897,485.2,0.0,485.9,BID
702,1712609670.5128276,10453788.42304048,485.2,5.795759874500015e-08,485.9,BID
703,1712609678.4955387,10453800.7890751,485.2,2.434570115129275e-09,485.9,BID
704,1712609700.2151744,10453800.7890751,485.2,0.0,485.9,BID
705,1712609702.0451174,10453813.15510972,485.0,-2.434498778396896e-09,485.9,ASK
706,1712609730.2251663,10453813.15510972,485.0,-0.0,485.9,ASK
707,1712609740.7451944,10453825.52114434,485.2,2.4344959039099034e-09,485.9,BID
708,1712609745.3982315,10454090.88618564,485.2,5.224230126835237e-08,485.9,BID
709,1712609749.859352,10454376.73794562,485.2,5.6275512741779664e-08,485.9,BID
710,1712609749.8753808,10454663.33594686,485.2,5.6422424936955874e-08,485.9,BID
711,1712609760.155013,10454663.33594686,485.2,0.0,485.9,BID
712,1712609765.8953762,10454675.70198148,485.0,-2.434298214013112e-09,485.9,ASK
713,1712609767.7418127,10454927.01903903,485.2,4.947266307824029e-08,485.9,BID
714,1712609767.7551184,10455264.62161556,485.2,6.645827659257637e-08,485.9,BID
715,1712609774.565268,10455276.98765018,485.2,2.434298214013112e-09,485.9,BID
716,1712609782.8560696,10476161.19517543,485.2,4.111131065376879e-06,485.9,BID
717,1712609790.153256,10476161.19517543,485.2,0.0,485.9,BID
718,1712609794.2152667,10476651.43582576,485.2,9.63078761518841e-08,485.9,BID
719,1712609800.195217,10478164.0596883,485.2,2.971552675608131e-07,485.9,BID
720,1712609806.1952631,10481050.1596883,485.2,5.66974936033891e-07,485.9,BID
721,1712609813.6052015,10483072.6596883,485.2,3.973205391804486e-07,485.9,BID
722,1712609820.235805,10483072.6596883,485.2,0.0,485.9,BID
723,1712609833.725357,10483085.02572292,485.0,-2.427710695631292e-09,485.9,ASK
724,1712609850.2251153,10483085.02572292,485.0,-0.0,485.9,ASK
725,1712609874.1953626,10483097.39175754,485.2,2.42770783678606e-09,485.9,BID
726,1712609880.1503685,10483097.39175754,485.2,0.0,485.9,BID
727,1712609899.7550766,10483109.75779216,485.0,-2.427704977134485e-09,485.9,ASK
728,1712609910.1414945,10483109.75779216,485.0,-0.0,485.9,ASK
729,1712609940.1787927,10483109.75779216,485.0,-0.0,485.9,ASK
730,1712609942.3555007,10483122.12382678,485.2,2.427702118668394e-09,485.9,BID
731,1712609968.6655247,10483134.4898614,485.0,-2.427702119034069e-09,485.9,ASK
732,1712609970.2295692,10483134.4898614,485.0,-0.0,485.9,ASK
733,1712609998.7691247,10483440.81926849,485.0,-6.013850210369204e-08,485.9,ASK
734,1712609998.7731094,10486732.01769913,485.0,-6.461271401462072e-07,485.9,ASK
735,1712610000.2697291,10486732.01769913,485.0,-0.0,485.9,ASK
736,1712610002.7250388,10486982.08262507,485.1,4.908068087528087e-08,485.9,BID
737,1712610004.4024189,10488229.68262507,485.1,2.448686365336218e-07,485.9,BID
738,1712610009.455283,10488242.05120886,485.1,2.427603597538092e-09,485.9,BID
739,1712610030.1452694,10488242.05120886,485.1,0.0,485.9,BID
740,1712610034.7481575,10488254.41979265,485.0,-2.427254625573024e-09,485.9,ASK
741,1712610060.235422,10488254.41979265,485.0,-0.0,485.9,ASK
742,1712610076.485134,10488266.78582727,485.2,2.4267515103360227e-09,485.9,BID
743,1712610083.875631,10489017.26382697,485.2,1.4727628340722196e-07,485.9,BID
744,1712610090.2155406,10489017.26382697,485.2,0.0,485.9,BID
745,1712610091.1700416,10489038.47723384,485.2,4.162686725723549e-09,485.9,BID
746,1712610091.1740885,10496825.38935692,485.2,1.5280183860870771e-06,485.9,BID
747,1712610097.6353438,10496837.75539154,485.0,-2.4265752538281086e-09,485.9,ASK
748,1712610098.065285,10496848.0519319,485.6,2.0204803567650517e-09,485.9,BID
749,1712610107.8950725,10496860.40778033,485.6,2.4245764274601526e-09,485.9,BID
750,1712610120.189016,10496860.40778033,485.6,0.0,485.9,BID
751,1712610133.8550434,10496872.76362876,485.0,-2.422767226844888e-09,485.9,ASK
752,1712610150.1577134,10496872.76362876,485.0,-0.0,485.9,ASK
753,1712610173.0552697,10496885.11947719,485.6,2.4227643799947314e-09,485.9,BID
754,1712610180.2254202,10496885.11947719,485.6,0.0,485.9,BID
755,1712610197.7656198,10496897.47532562,485.0,-2.4227615296294e-09,485.9,ASK
756,1712610206.245155,10496909.83117405,485.6,2.4227615296294e-09,485.9,BID
757,1712610210.2316055,10496909.83117405,485.6,0.0,485.9,BID
758,1712610230.5950868,10496922.18702248,485.0,-2.4227558324407067e-09,485.9,ASK
759,1712610238.3265824,10496934.54287091,485.6,2.422755832805937e-09,485.9,BID
760,1712610240.1553154,10496934.54287091,485.6,0.0,485.9,BID
761,1712610259.4352195,10496946.89871934,485.0,-2.422750135278806e-09,485.9,ASK
762,1712610270.1364958,10496946.89871934,485.0,-0.0,485.9,ASK
763,1712610291.0650234,10498278.57821857,485.0,-2.611170664821354e-07,485.9,ASK
764,1712610291.07459,10498635.18220878,485.0,-6.99232719835355e-08,485.9,ASK
765,1712610300.2253015,10498635.18220878,485.0,-0.0,485.9,ASK
766,1712610301.5542653,10498647.53805721,485.6,2.4259286734101515e-09,485.9,BID
767,1712610323.465284,10498659.89390564,485.0,-2.4259286734101515e-09,485.9,ASK
768,1712610330.2449763,10498659.89390564,485.0,-0.0,485.9,ASK
769,1712610333.4358215,10498672.24975407,485.6,2.425922961316493e-09,485.9,BID
770,1712610358.7675166,10498684.6056025,485.0,-2.425922961316493e-09,485.9,ASK
771,1712610360.1528916,10498684.6056025,485.0,-0.0,485.9,ASK
772,1712610374.7099886,10498725.74093775,485.6,8.076411742043949e-09,485.9,BID
773,1712610390.1573503,10498725.74093775,485.6,0.0,485.9,BID
774,1712610398.9635837,10498738.09678618,485.6,2.4259077350687427e-09,485.9,BID
775,1712610420.2305684,10498738.09678618,485.6,0.0,485.9,BID
776,1712610422.6948287,10498750.45263461,485.0,-2.425904877302348e-09,485.9,ASK
777,1712610450.2248468,10498750.45263461,485.0,-0.0,485.9,ASK
778,1712610465.5445647,10498762.80848304,485.6,2.425902023073686e-09,485.9,BID
779,1712610480.1454542,10498762.80848304,485.6,0.0,485.9,BID
780,1712610486.494728,10498775.16433147,485.0,-2.4258991653207488e-09,485.9,ASK
781,1712610497.5044832,10498787.5201799,485.6,2.4258991653207488e-09,485.9,BID
782,1712610510.1553154,10498787.5201799,485.6,0.0,485.9,BID
783,1712610523.504589,10498799.87602833,485.0,-2.4258934533660486e-09,485.9,ASK
784,1712610540.2334,10498799.87602833,485.0,-0.0,485.9,ASK
785,1712610564.7951326,10498812.23187676,485.6,2.425890599529972e-09,485.9,BID
786,1712610570.234636,10498812.23187676,485.6,0.0,485.9,BID
787,1712610590.4842925,10498824.58772519,485.0,-2.4258877414382467e-09,485.9,ASK
788,1712610600.175696,10498824.58772519,485.0,-0.0,485.9,ASK
789,1712610606.86503,10499152.19152372,485.0,-6.460647601580203e-08,485.9,ASK
790,1712610606.872017,10507104.75929523,485.0,-1.568319358020158e-06,485.9,ASK
791,1712610613.8678071,10507541.0572479,485.0,8.604196087283735e-08,485.9,BID
792,1712610615.2345903,10507814.93763126,485.0,5.401172543866593e-08,485.9,BID
793,1712610630.1548707,10507814.93763126,485.0,0.0,485.9,BID
794,1712610630.227152,10507827.30876528,485.0,2.43760509360936e-09,485.9,BID
795,1712610633.0948925,10508824.58772519,485.0,1.965035920546125e-07,485.9,BID
796,1712610633.1014965,10509887.84906053,485.6,2.095047424900602e-07,485.9,BID
797,1712610653.3242984,10509900.22019455,484.0,-2.437605093976375e-09,485.9,ASK
798,1712610660.2291543,10509900.22019455,484.0,-0.0,485.9,ASK
799,1712610660.835432,10509914.63535105,485.6,2.839792502727067e-09,485.9,BID
800,1712610690.23672,10509914.63535105,485.6,0.0,485.9,BID
801,1712610697.3542557,10509926.99119948,485.6,2.434104502999609e-09,485.9,BID
802,1712610715.5043848,10509939.34704791,485.0,-2.434104502999609e-09,485.9,ASK
803,1712610720.1692495,10509939.34704791,485.0,-0.0,485.9,ASK
804,1712610727.384282,10509951.70289634,485.6,2.4340987523394873e-09,485.9,BID
805,1712610729.994315,10518645.1740149,485.0,-1.7126114263654908e-06,485.9,ASK
806,1712610730.1345267,10519948.5740149,485.0,2.567694425716515e-07,485.9,BID
807,1712610730.1745584,10519951.70289634,485.0,6.16388785568571e-10,485.9,BID
808,1712610750.1391482,10519951.70289634,485.0,0.0,485.9,BID
809,1712610754.1544852,10519964.05874477,485.5,-2.4317724442408784e-09,485.9,ASK
810,1712610756.807901,10519999.29598212,485.6,6.935091773643936e-09,485.9,BID
811,1712610776.6349504,10520047.77423325,485.6,9.541074893556688e-09,485.9,BID
812,1712610780.2349906,10520047.77423325,485.6,0.0,485.9,BID
813,1712610789.0046475,10520068.36731397,485.6,4.052916862806117e-09,485.9,BID
814,1712610794.7845578,10520080.7231624,485.6,2.431750117243766e-09,485.9,BID
815,1712610809.1174448,10520255.16900627,485.6,3.433262423830002e-08,485.9,BID
816,1712610809.125862,10520422.67000385,485.6,3.296581152008531e-08,485.9,BID
817,1712610810.2247465,10520422.67000385,485.6,0.0,485.9,BID
818,1712610821.0349834,10520435.02585228,485.5,-2.4316629930087704e-09,485.9,ASK
819,1712610840.1593924,10520435.02585228,485.5,-0.0,485.9,ASK
820,1712610857.2248764,10520447.38170071,485.6,2.4316601222579843e-09,485.9,BID
821,1712610870.136739,10520447.38170071,485.6,0.0,485.9,BID
822,1712610900.1772811,10520447.38170071,485.6,0.0,485.9,BID
823,1712610903.5749853,10520696.03221333,485.6,4.895983588822724e-08,485.9,BID
824,1712610914.6485531,10520708.38806176,485.5,-2.4328938838813587e-09,485.9,ASK
825,1712610924.545097,10520720.74391019,485.6,2.4328938838813587e-09,485.9,BID
826,1712610930.155161,10520720.74391019,485.6,0.0,485.9,BID
827,1712610940.3966975,10521011.9497259,485.5,-5.7337570528700207e-08,485.9,ASK
828,1712610940.4049215,10521217.92294938,485.5,-4.0555523245571e-08,485.9,ASK
829,1712610943.6456013,10521535.64649471,485.4,-6.255883367112457e-08,485.9,ASK
830,1712610943.6551394,10521780.25770497,485.4,-4.816322945376492e-08,485.9,ASK
831,1712610960.2359064,10521780.25770497,485.4,-0.0,485.9,ASK
832,1712610983.6852286,10521792.6135534,484.3,-2.432583944193988e-09,485.9,ASK
833,1712610990.2252097,10521792.6135534,484.3,-0.0,485.9,ASK
834,1712610993.4657576,10521804.9719468,485.5,2.4330821243945115e-09,485.9,BID
835,1712611018.955416,10521817.3303402,484.2,-2.4330821240278e-09,485.9,ASK
836,1712611020.166968,10521817.3303402,484.2,-0.0,485.9,ASK
837,1712611050.1552262,10521817.3303402,484.2,-0.0,485.9,ASK
838,1712611055.525675,10521829.6887336,485.5,2.433076383892057e-09,485.9,BID
839,1712611066.4256122,10521845.93929467,485.5,3.199352462818694e-09,485.9,BID
840,1712611080.2287464,10521845.93929467,485.5,0.0,485.9,BID
841,1712611080.7460282,10521858.29768807,484.3,-2.433069730555324e-09,485.9,ASK
842,1712611092.5660937,10521942.44043032,484.3,-1.6565677477109532e-08,485.9,ASK
843,1712611092.580451,10521958.29768807,484.3,-3.121911771964358e-09,485.9,ASK
844,1712611110.2362096,10521958.29768807,484.3,-0.0,485.9,ASK
845,1712611122.9055254,10521970.65608147,485.5,2.433043664906327e-09,485.9,BID
846,1712611140.1456764,10521970.65608147,485.5,0.0,485.9,BID
847,1712611148.0661025,10521978.22337417,484.2,-1.489799783859085e-09,485.9,ASK
848,1712611148.0744524,10521983.01447487,484.3,-9.432410074022756e-10,485.9,ASK
849,1712611155.246475,10522359.73606787,484.3,7.416651768430034e-08,485.9,BID
850,1712611155.2574072,10522736.45766087,485.5,7.416651768430034e-08,485.9,BID
851,1712611155.2617586,10522736.45766151,485.5,1.2578000860493668e-16,485.9,BID
852,1712611170.1562696,10522736.45766151,485.5,0.0,485.9,BID
853,1712611187.977766,10522748.81605491,485.5,2.4328629371530822e-09,485.9,BID
854,1712611199.3458335,10523062.83187747,485.1,-6.181689088557238e-08,485.9,ASK
855,1712611199.349861,10525648.81605491,485.0,-5.090746715424244e-07,485.9,ASK
1056,1712611199.3537214,10525685.47133347,485.0,-7.215927326973422e-09,485.9,ASK
856,1712611199.3537214,10525685.47133347,485.0,-7.2159273269734225e-09,485.9,ASK
857,1712611200.190292,10525685.47133347,485.0,-0.0,485.9,ASK
858,1712611215.1161437,10525697.82972687,484.0,-2.432559147842253e-09,485.9,ASK
859,1712611230.1466422,10525697.82972687,484.0,-0.0,485.9,ASK
860,1712611254.8659058,10525710.20596449,484.8,2.436068639716261e-09,485.9,BID
861,1712611260.2358615,10525710.20596449,484.8,0.0,485.9,BID
862,1712611280.29913,10525722.58220211,484.0,-2.436065762341161e-09,485.9,ASK
863,1712611290.1159134,10525734.95843973,484.8,2.436065762341161e-09,485.9,BID
864,1712611290.2254305,10525734.95843973,484.8,0.0,485.9,BID
865,1712611314.0263765,10525747.33467735,484.0,-2.436060013092123e-09,485.9,ASK
866,1712611320.1459513,10525747.33467735,484.0,-0.0,485.9,ASK
867,1712611350.1524484,10525747.33467735,484.0,-0.0,485.9,ASK
868,1712611357.115913,10525759.71091497,484.8,2.436057140851529e-09,485.9,BID
869,1712611379.0957885,10525772.08715259,484.0,-2.436057140851529e-09,485.9,ASK
870,1712611380.2257764,10525772.08715259,484.0,-0.0,485.9,ASK
871,1712611389.485823,10525784.46339021,484.8,2.436051392009815e-09,485.9,BID
872,1712611409.315976,10529004.89817665,484.8,6.33887687380311e-07,485.9,BID
873,1712611409.3246503,10531982.51947767,484.8,5.860939921359995e-07,485.9,BID
874,1712611410.2360845,10531982.51947767,484.8,0.0,485.9,BID
875,1712611416.1759646,10531994.89571529,484.0,-2.434608574517236e-09,485.9,ASK
876,1712611440.146026,10531994.89571529,484.0,-0.0,485.9,ASK
877,1712611444.9661613,10532189.13104791,484.0,-3.8209225089595086e-08,485.9,ASK
878,1712611457.315938,10532201.51494883,484.5,2.4361132001869304e-09,485.9,BID
879,1712611470.145592,10532201.51494883,484.5,0.0,485.9,BID
880,1712611483.1460848,10532213.89884975,483.1,-2.436065274106238e-09,485.9,ASK
881,1712611498.725979,10532270.95577262,483.1,-1.12237968754007e-08,485.9,ASK
882,1712611500.2258046,10532270.95577262,483.1,-0.0,485.9,ASK
883,1712611501.1872823,10532281.3159465,483.1,-2.038281574921041e-09,485.9,ASK
884,1712611522.7302327,10532293.69984742,484.5,2.43643372790298e-09,485.9,BID
885,1712611530.2257595,10532293.69984742,484.5,0.0,485.9,BID
886,1712611545.2264352,10532301.95578139,484.5,1.6242856397616475e-09,485.9,BID
887,1712611545.345991,10532428.74370706,484.5,-2.4944459064697706e-08,485.9,ASK
888,1712611560.151817,10532428.74370706,484.5,-0.0,485.9,ASK
889,1712611579.6354544,10532441.12760798,483.1,-2.436397090019784e-09,485.9,ASK
890,1712611587.6960585,10532453.5115089,484.5,2.436397090019784e-09,485.9,BID
891,1712611590.1507983,10532453.5115089,484.5,0.0,485.9,BID
892,1712611612.366119,10532465.89540982,483.2,-2.436391346329941e-09,485.9,ASK
893,1712611620.2158,10532465.89540982,483.2,-0.0,485.9,ASK
894,1712611650.2258365,10532465.89540982,483.2,-0.0,485.9,ASK
895,1712611652.9692168,10532478.27931074,484.5,2.436388478056769e-09,485.9,BID
896,1712611669.018078,10532873.96813158,484.8,7.784717353773447e-08,485.9,BID
897,1712611669.02571,10532952.50611486,484.5,1.5451434793416513e-08,485.9,BID
898,1712611680.065971,10532964.89001578,483.2,-2.436388478423223e-09,485.9,ASK
899,1712611680.1559598,10532964.89001578,483.2,-0.0,485.9,ASK
900,1712611696.3392558,10534177.60249049,483.2,-2.385757228020053e-07,485.9,ASK
901,1712611710.1567993,10534177.60249049,483.2,-0.0,485.9,ASK
902,1712611717.9761658,10534189.97872811,484.8,2.434484309619729e-09,485.9,BID
903,1712611724.0759227,10536625.68255487,483.2,-4.791183662882055e-07,485.9,ASK
904,1712611724.082996,10537115.64594914,483.2,-9.63789022393322e-08,485.9,ASK
905,1712611740.2425108,10537115.64594914,483.2,-0.0,485.9,ASK
906,1712611741.586009,10537128.02218676,483.2,-2.4338046440737603e-09,485.9,ASK
907,1712611770.2360597,10537128.02218676,483.2,-0.0,485.9,ASK
908,1712611775.5039403,10537231.15750029,484.8,2.0281681522080788e-08,485.9,BID
909,1712611782.9459584,10537243.53373791,484.8,2.4338017822541e-09,485.9,BID
910,1712611800.3368497,10537243.53373791,484.8,0.0,485.9,BID
911,1712611806.9458983,10537255.90997553,483.4,-2.4338041730808633e-09,485.9,ASK
912,1712611815.2159653,10537268.28621315,484.8,2.4338041730808633e-09,485.9,BID
913,1712611830.2260644,10537268.28621315,484.8,0.0,485.9,BID
914,1712611840.9263182,10537280.66245077,483.6,-2.4337984380558316e-09,485.9,ASK
915,1712611860.176446,10537280.66245077,483.6,-0.0,485.9,ASK
916,1712611880.4861152,10537293.04890824,484.4,2.435805313922113e-09,485.9,BID
917,1712611890.1459146,10537293.04890824,484.4,0.0,485.9,BID
918,1712611905.196693,10537305.43536571,483.6,-2.4358024402751318e-09,485.9,ASK
919,1712611920.2560833,10537305.43536571,483.6,-0.0,485.9,ASK
1120,1712611946.4007587,10537317.82438078,484.3,2.4363025232319642e-09,485.9,BID
920,1712611946.4007587,10537317.82438078,484.3,2.436302523231964e-09,485.9,BID
921,1712611947.6046307,10538129.88197307,484.3,1.596913031462942e-07,485.9,BID
922,1712611950.2396345,10538129.88197307,484.3,0.0,485.9,BID
923,1712611972.0059454,10538142.27098814,483.2,-2.4361112440425486e-09,485.9,ASK
924,1712611980.146664,10538142.27098814,483.2,-0.0,485.9,ASK
925,1712612010.1583571,10538142.27098814,483.2,-0.0,485.9,ASK
926,1712612010.56937,10538154.66768235,484.0,2.4376183603225184e-09,485.9,BID
927,1712612014.5462372,10539327.89340549,484.0,2.306967095593832e-07,485.9,BID
928,1712612039.499977,10539340.2900997,483.2,-2.4376183606887787e-09,485.9,ASK
929,1712612040.2266726,10539340.2900997,483.2,-0.0,485.9,ASK
930,1712612070.2359629,10539340.2900997,483.2,-0.0,485.9,ASK
931,1712612075.5366137,10539352.69191863,483.8,2.438348049345233e-09,485.9,BID
932,1712612100.1459012,10539352.69191863,483.8,0.0,485.9,BID
933,1712612105.015741,10539365.09373756,483.2,-2.4401168717742283e-09,485.9,ASK
934,1712612130.1604128,10539365.09373756,483.2,-0.0,485.9,ASK
935,1712612142.2450943,10539377.49555649,483.8,2.440113995088992e-09,485.9,BID
936,1712612160.2160711,10539377.49555649,483.8,0.0,485.9,BID
937,1712612165.466633,10539389.89737542,483.2,-2.440111114105087e-09,485.9,ASK
1137,1712612165.466633,10539389.89737542,483.2,-2.4401111141050872e-09,485.9,ASK
938,1712612190.2256827,10539389.89737542,483.2,-0.0,485.9,ASK
939,1712612194.905806,10539906.1063368,484.3,1.0156620943262434e-07,485.9,BID
940,1712612212.006053,10539918.49535187,484.3,2.437589025614836e-09,485.9,BID
941,1712612220.1265914,10539918.49535187,484.3,0.0,485.9,BID
942,1712612235.9058242,10539930.88436694,483.2,-2.437466253147106e-09,485.9,ASK
943,1712612250.1461797,10539930.88436694,483.2,-0.0,485.9,ASK
944,1712612250.6007378,10540130.88436694,484.3,3.934878387596048e-08,485.9,BID
945,1712612260.2492678,10541915.4131813,484.3,3.5109519318311e-07,485.9,BID
946,1712612260.3457365,10542552.54710081,484.4,-1.2535222449440777e-07,485.9,ASK
947,1712612280.225857,10542552.54710081,484.4,-0.0,485.9,ASK
948,1712612309.959425,10542564.92333843,484.8,2.434341367236302e-09,485.9,BID
949,1712612310.2457774,10542564.92333843,484.8,0.0,485.9,BID
950,1712612334.865716,10542577.29957605,484.4,-2.434338494306219e-09,485.9,ASK
951,1712612340.1475554,10542577.29957605,484.4,-0.0,485.9,ASK
952,1712612366.8654306,10542862.08125712,484.0,-5.601493866921184e-08,485.9,ASK
953,1712612370.14587,10542862.08125712,484.0,-0.0,485.9,ASK
954,1712612375.7257736,10542874.45749474,484.8,2.434269627708784e-09,485.9,BID
955,1712612399.526033,10542886.83373236,484.0,-2.434269627708784e-09,485.9,ASK
956,1712612400.1928885,10542886.83373236,484.0,-0.0,485.9,ASK
957,1712612408.0361452,10542899.20996998,484.8,2.43753656127262e-09,485.9,BID
958,1712612413.7960982,10542970.38801826,484.7,1.4018726881793793e-08,485.9,BID
959,1712612413.8066423,10543002.34528351,484.8,6.2940777987797266e-09,485.9,BID
960,1712612430.1566088,10543002.34528351,484.8,0.0,485.9,BID
961,1712612433.8256423,10543014.72152113,484.0,-2.437509680137834e-09,485.9,ASK
962,1712612460.2254815,10543014.72152113,484.0,-0.0,485.9,ASK
963,1712612478.2307894,10543027.09775875,484.8,2.437506804477761e-09,485.9,BID
964,1712612490.215446,10543027.09775875,484.8,0.0,485.9,BID
965,1712612502.0256834,10543039.47399637,484.0,-2.437503924071333e-09,485.9,ASK
966,1712612511.747184,10543051.85023399,484.8,2.437503924438181e-09,485.9,BID
967,1712612520.1524289,10543051.85023399,484.8,0.0,485.9,BID
968,1712612539.9286325,10543064.22647161,484.0,-2.437498168032018e-09,485.9,ASK
969,1712612550.1456056,10543064.22647161,484.0,-0.0,485.9,ASK
970,1712612577.3958771,10543076.60270923,484.8,2.4374952923991077e-09,485.9,BID
971,1712612580.2382977,10543076.60270923,484.8,0.0,485.9,BID
972,1712612610.2254877,10543076.60270923,484.8,0.0,485.9,BID
973,1712612634.745465,10543088.97894685,484.0,-2.437492412019887e-09,485.9,ASK
974,1712612640.1561284,10543088.97894685,484.0,-0.0,485.9,ASK
975,1712612670.1458795,10543088.97894685,484.0,-0.0,485.9,ASK
976,1712612676.0363348,10543101.35773785,484.7,2.437992422634976e-09,485.9,BID
977,1712612699.9553237,10543113.73652885,484.1,-2.4379924222681303e-09,485.9,ASK
978,1712612700.1729891,10543113.73652885,484.1,-0.0,485.9,ASK
979,1712612717.215356,10543416.82421541,484.2,-5.977223371612575e-08,485.9,ASK
980,1712612730.1496286,10543416.82421541,484.2,-0.0,485.9,ASK
981,1712612744.298783,10543425.55323011,484.7,1.7214081268525835e-09,485.9,BID
982,1712612744.3063693,10543429.20300641,484.7,7.197552985358238e-10,485.9,BID
983,1712612760.2557256,10543429.20300641,484.7,0.0,485.9,BID
984,1712612767.64778,10543441.58179741,484.2,-2.4411605372966797e-09,485.9,ASK
985,1712612776.7356858,10543453.96058841,484.7,2.4411605372966797e-09,485.9,BID
986,1712612790.2361412,10543453.96058841,484.7,0.0,485.9,BID
987,1712612801.6489894,10543466.33937941,484.2,-2.44115476301138e-09,485.9,ASK
988,1712612820.1700273,10543466.33937941,484.2,-0.0,485.9,ASK
989,1712612838.876218,10543478.71817041,484.7,2.4411518779197604e-09,485.9,BID
990,1712612850.1665132,10543478.71817041,484.7,0.0,485.9,BID
991,1712612856.5563374,10545564.3162104,484.2,-4.1128859413775403e-07,485.9,ASK
992,1712612856.5697474,10549674.50503535,484.2,-8.105463042447883e-07,485.9,ASK
993,1712612865.1459672,10549686.88382635,484.2,-2.441148989488038e-09,485.9,ASK
994,1712612867.4556687,10549881.03126418,484.2,-3.828668095637631e-08,485.9,ASK
995,1712612880.2361178,10549881.03126418,484.2,-0.0,485.9,ASK
996,1712612906.589988,10549893.4228379,484.2,2.4421768117867713e-09,485.9,BID
997,1712612910.2359693,10549893.4228379,484.2,0.0,485.9,BID
998,1712612928.7581508,10549905.81441162,484.1,-2.442173923911192e-09,485.9,ASK
999,1712612938.612767,10549918.20598534,484.2,2.442173923911192e-09,485.9,BID
1000,1712612940.1716363,10549918.20598534,484.2,0.0,485.9,BID
1201,1712612970.1650074,10549918.20598534,484.2,0.0,485.9,BID
1202,1712612985.5048676,10549947.10687467,484.2,5.695873098390945e-09,485.9,BID
1203,1712612985.5061564,10553157.60598534,484.2,6.327346991689895e-07,485.9,BID
1204,1712612991.356567,10553169.99755906,484.1,-2.442168148776941e-09,485.9,ASK
1205,1712613000.176617,10553169.99755906,484.1,-0.0,485.9,ASK
1206,1712613001.606328,10553178.55760331,484.2,1.6887532034072235e-09,485.9,BID
1207,1712613001.6091716,10553182.38518031,484.7,7.55116764339806e-10,485.9,BID
1208,1712613005.5060706,10553285.54177201,484.7,2.03510659023138e-08,485.9,BID
1209,1712613007.1665382,10553388.69836371,484.7,2.03510659023138e-08,485.9,BID
1210,1712613030.159377,10553388.69836371,484.7,0.0,485.9,BID
1211,1712613059.656887,10553401.08598496,484.1,-2.4438188625515443e-09,485.9,ASK
1212,1712613060.2159746,10553401.08598496,484.1,-0.0,485.9,ASK
1213,1712613090.2366524,10553401.08598496,484.1,-0.0,485.9,ASK
1214,1712613101.2163086,10553413.46733039,484.6,2.442577884761629e-09,485.9,BID
1215,1712613101.3166137,10553437.98732547,484.1,-4.837277019234268e-09,485.9,ASK
1216,1712613101.319772,10553448.71734571,484.1,-2.1168063106305823e-09,485.9,ASK
1217,1712613101.3228345,10558901.43248519,484.0,-1.075705502804672e-06,485.9,ASK
1218,1712613101.3262591,10558968.51347692,484.0,-1.323366251341691e-08,485.9,ASK
1219,1712613101.4759154,10559447.97235786,484.0,9.458710814765705e-08,485.9,BID
1220,1712613111.3561077,10559611.81443783,484.0,3.232258104585496e-08,485.9,BID
1221,1712613111.434816,10560648.94516016,484.6,2.046039810625104e-07,485.9,BID
1222,1712613120.1516497,10560648.94516016,484.6,0.0,485.9,BID
1223,1712613122.156968,10560661.32650559,483.2,-2.440888369982045e-09,485.9,ASK
1224,1712613132.0762734,10560673.71040651,484.5,2.441392165367863e-09,485.9,BID
1225,1712613150.1518085,10560673.71040651,484.5,0.0,485.9,BID
1226,1712613155.887051,10561622.65575472,483.2,-1.870769380861453e-07,485.9,ASK
1227,1712613155.8903596,10561708.47861844,483.2,-1.691928686147769e-08,485.9,ASK
1228,1712613159.6564398,10561720.86251936,483.2,-2.4413863981008802e-09,485.9,ASK
1229,1712613167.7664366,10563084.79376015,483.5,-2.68888066913908e-07,485.9,ASK
1230,1712613180.2263558,10563084.79376015,483.5,-0.0,485.9,ASK
1231,1712613189.706544,10563095.83128774,483.5,-2.175459902441093e-09,485.9,ASK
1232,1712613198.679782,10563108.21518866,484.5,2.440825598809583e-09,485.9,BID
1233,1712613210.23692,10563108.21518866,484.5,0.0,485.9,BID
1234,1712613221.6284597,10563120.59908958,483.5,-2.440820145004766e-09,485.9,ASK
1235,1712613230.1863158,10563132.9829905,484.5,2.440820145004766e-09,485.9,BID
1236,1712613237.3362436,10563639.24982025,484.5,9.978328192305316e-08,485.9,BID
1237,1712613240.1393197,10563639.24982025,484.5,0.0,485.9,BID
1238,1712613252.768608,10563651.63372117,483.5,-2.4406963828706423e-09,485.9,ASK
1239,1712613261.4492347,10563664.01251217,484.7,2.439689288137364e-09,485.9,BID
1240,1712613270.1645153,10563664.01251217,484.7,0.0,485.9,BID
1241,1712613270.6569626,10563723.98362832,484.7,1.1819453449668303e-08,485.9,BID
1242,1712613276.8763075,10563753.95474447,484.7,5.906880426942543e-09,485.9,BID
1243,1712613283.986549,10563766.33353547,483.5,-2.439683524155467e-09,485.9,ASK
1244,1712613292.3567245,10563778.71232647,484.7,2.439683524155467e-09,485.9,BID
1245,1712613300.236693,10563778.71232647,484.7,0.0,485.9,BID
1246,1712613318.0965402,10563791.09111747,483.5,-2.444614640030572e-09,485.9,ASK
1247,1712613330.226679,10563791.09111747,483.5,-0.0,485.9,ASK
1248,1712613356.4164724,10563803.46990847,484.7,2.444611750937782e-09,485.9,BID
1249,1712613360.1574066,10563803.46990847,484.7,0.0,485.9,BID
1250,1712613378.4764326,10563815.84869947,483.5,-2.4446088539448036e-09,485.9,ASK
1251,1712613389.1367657,10563828.2300449,484.6,2.445113312417624e-09,485.9,BID
1252,1712613390.144636,10563828.2300449,484.6,0.0,485.9,BID
1253,1712613414.7392182,10563840.61139033,483.5,-2.445107525165262e-09,485.9,ASK
1254,1712613420.2296188,10563840.61139033,483.5,-0.0,485.9,ASK
1255,1712613436.116631,10563930.55362263,484.0,-1.776205746564395e-08,485.9,ASK
1256,1712613437.8700745,10571712.83232979,484.0,-1.5368673655973778e-06,485.9,ASK
1257,1712613437.8718166,10577513.5514192,484.0,-1.1455431244465818e-06,485.9,ASK
1258,1712613439.3673928,10577555.47182362,484.7,8.278565177240295e-09,485.9,BID
1259,1712613439.3711658,10577658.60713715,484.7,2.0367466081412667e-08,485.9,BID
1260,1712613450.216496,10577658.60713715,484.7,0.0,485.9,BID
1261,1712613453.4370878,10577680.62871829,484.9,4.343150536994132e-09,485.9,BID
1262,1712613453.440174,10579155.26911543,485.0,2.9083221552616e-07,485.9,BID
1263,1712613453.4963822,10579167.64024945,485.0,2.439865558207441e-09,485.9,BID
1264,1712613468.1867545,10582581.38622939,485.0,6.732674003207241e-07,485.9,BID
1265,1712613468.190441,10583890.11292073,485.0,2.581103053319788e-07,485.9,BID
1266,1712613468.1937168,10583976.82059143,485.1,1.7100700632956973e-08,485.9,BID
1267,1712613468.1968725,10584182.92116852,485.2,4.0647664049203714e-08,485.9,BID
1268,1712613468.1997552,10585160.89105375,485.0,1.928776323984936e-07,485.9,BID
1269,1712613468.2025702,10588245.71547664,485.2,6.083966797322841e-07,485.9,BID
1270,1712613479.336805,10588258.08661066,484.0,-2.439865558207441e-09,485.9,ASK
1271,1712613480.1867225,10588258.08661066,484.0,-0.0,485.9,ASK
1272,1712613493.2068455,10591260.26218777,485.2,5.914966931766606e-07,485.9,BID
1273,1712613493.210662,10593326.9847694,485.2,4.0719123227460533e-07,485.9,BID
1274,1712613510.154842,10593326.9847694,485.2,0.0,485.9,BID
1275,1712613519.3168926,10593339.3431628,485.5,2.4337045661999503e-09,485.9,BID
1276,1712613527.7867,10593716.78215124,485.5,7.43280263034197e-08,485.9,BID
1277,1712613540.257121,10593716.78215124,485.5,0.0,485.9,BID
1278,1712613543.8865829,10593729.14054464,485.2,-2.433613870715446e-09,485.9,ASK
1279,1712613569.0264456,10593771.26710806,484.4,-8.295559605156514e-09,485.9,ASK
1280,1712613570.2263193,10593771.26710806,484.4,-0.0,485.9,ASK
1281,1712613572.304109,10593792.33038977,484.4,-4.1477582375422696e-09,485.9,ASK
1282,1712613581.6066327,10593804.68878317,485.5,2.433601218403722e-09,485.9,BID
1283,1712613600.261768,10596381.89955363,484.4,-5.075015066775355e-07,485.9,ASK
1284,1712613600.3368983,10596381.89955363,484.4,-0.0,485.9,ASK
1285,1712613627.911805,10596443.73542235,484.0,-1.2225718253230253e-08,485.9,ASK
1286,1712613630.2265856,10596443.73542235,484.0,-0.0,485.9,ASK
1287,1712613636.796505,10597476.79327359,484.1,-2.042471425782548e-07,485.9,ASK
1288,1712613638.868967,10597489.15166699,484.1,-2.443393209376394e-09,485.9,ASK
1289,1712613648.7765863,10597501.51515349,485.3,2.4444001727415393e-09,485.9,BID
1290,1712613660.1607869,10597501.51515349,485.3,0.0,485.9,BID
1291,1712613672.576757,10597513.87863999,484.1,-2.4441527141192515e-09,485.9,ASK
1292,1712613680.6070075,10597526.24212649,485.3,2.4441527141192515e-09,485.9,BID
1293,1712613690.1590075,10597526.24212649,485.3,0.0,485.9,BID
1294,1712613690.245486,10597663.19816938,485.3,2.7074942881952748e-08,485.9,BID
1295,1712613703.046976,10597675.56165588,484.1,-2.444146923051287e-09,485.9,ASK
1296,1712613712.9074223,10597687.92514238,485.3,2.444146922683059e-09,485.9,BID
1297,1712613720.2267604,10597687.92514238,485.3,0.0,485.9,BID
1298,1712613736.2767708,10597700.28862888,484.1,-2.444109017790275e-09,485.9,ASK
1299,1712613739.880281,10600179.00622858,485.3,4.900119426471294e-07,485.9,BID
1300,1712613739.8870227,10601002.72945757,485.6,1.628399377526637e-07,485.9,BID
1301,1712613739.8895566,10601261.01308799,485.5,5.1059492824506674e-08,485.9,BID
1302,1712613739.892103,10601281.60616872,485.6,4.070998445068547e-09,485.9,BID
1303,1712613739.8946168,10625660.2778183,485.9,4.819363147950374e-06,485.9,BID
1304,1712613739.8971694,10625866.25104179,485.5,4.071836960700373e-08,485.9,BID
1305,1712613739.8986409,10625998.79880077,485.6,2.6203059549445026e-08,485.9,BID
1306,1712613739.9001446,10632085.79880077,485.7,1.2033249351418445e-06,485.9,BID
1307,1712613745.945563,10632098.1495624,485.8,2.44159346754398e-09,485.9,BID
1308,1712613750.2268112,10632098.1495624,485.8,0.0,485.9,BID
1309,1712613769.0095928,10632110.50032403,484.3,-2.433551335030398e-09,485.9,ASK
1310,1712613777.0567102,10632122.85362853,485.7,2.434052373359773e-09,485.9,BID
1311,1712613780.1518817,10632122.85362853,485.7,0.0,485.9,BID
1312,1712613806.7263975,10632135.20693303,484.3,-2.4340466274583502e-09,485.9,ASK
1313,1712613810.1623597,10632135.20693303,484.3,-0.0,485.9,ASK
1314,1712613840.2268722,10632135.20693303,484.3,-0.0,485.9,ASK
1315,1712613845.234107,10632147.55515282,485.9,2.433041887662717e-09,485.9,BID
1316,1712613870.237003,10632147.55515282,485.9,0.0,485.9,BID
1317,1712613890.5767012,10632177.55515282,485.9,-5.911068282110227e-09,485.9,ASK
1318,1712613900.164019,10632177.55515282,485.9,-0.0,485.9,ASK
1319,1712613902.9468956,10632189.90337261,484.4,-2.443414209290704e-09,485.9,ASK
1320,1712613914.2269216,10632190.15186941,486.0,4.9171510067524365e-11,486.0,BID
1321,1712613914.230634,10632202.24905162,486.0,2.3937399402323474e-09,486.0,BID
1322,1712613930.1531656,10632202.24905162,486.0,0.0,486.0,BID
1323,1712613945.4165463,10632214.59473063,484.5,-2.442905658918246e-09,486.0,ASK
1324,1712613950.6965954,10632255.746994,486.0,8.143018862815108e-09,486.0,BID
1325,1712613960.2315884,10632255.746994,486.0,0.0,486.0,BID
1326,1712613961.316694,10632272.20789934,486.0,3.257190797977136e-09,486.0,BID
1327,1712613981.5466669,10632284.55357835,486.0,2.442893099772844e-09,486.0,BID
1328,1712613990.236812,10632284.55357835,486.0,0.0,486.0,BID
1329,1712614008.8067265,10632296.89925736,484.5,-2.442886332020952e-09,486.0,ASK
1330,1712614019.4167037,10632321.40906128,486.0,4.849847865740794e-09,486.0,BID
1331,1712614019.4208667,10632560.32466888,486.0,4.727513746912752e-08,486.0,BID
1332,1712614020.1766207,10632560.32466888,486.0,0.0,486.0,BID
1333,1712614047.3165548,10632572.67034789,486.0,2.442821557379656e-09,486.0,BID
1334,1712614050.1664407,10632572.67034789,486.0,0.0,486.0,BID
1335,1712614066.4084864,10635485.66235812,486.0,5.763888098496153e-07,486.0,BID
1336,1712614066.411309,10636623.94171756,486.0,2.252294146223229e-07,486.0,BID
1337,1712614066.5265138,10637503.76831756,486.0,-1.740898035652729e-07,486.0,ASK
1338,1712614066.6888957,10639459.39753226,486.0,-3.869570502114674e-07,486.0,ASK
1339,1712614066.8263686,10641476.14015992,486.0,-3.990494580305988e-07,486.0,ASK
1340,1712614072.2666104,10641488.48583893,486.0,-2.4428186572377994e-09,486.0,ASK
1341,1712614080.2514272,10641488.48583893,486.0,-0.0,486.0,ASK
1342,1712614085.5266037,10642381.13714637,486.0,-1.7647609960732917e-07,486.0,ASK
1343,1712614097.034688,10642402.81827977,486.0,-4.2863342330741105e-09,486.0,ASK
1344,1712614110.237107,10642402.81827977,486.0,-0.0,486.0,ASK
1345,1712614113.6081734,10642415.16141904,486.1,2.440009566858244e-09,486.1,BID
1346,1712614138.3220415,10642427.50455831,486.0,-2.440009566858244e-09,486.1,ASK
1347,1712614140.149654,10642427.50455831,486.0,-0.0,486.1,ASK
1348,1712614170.156726,10642427.50455831,486.0,-0.0,486.1,ASK
1349,1712614173.7108238,10642514.21222901,486.0,-1.7140456699967798e-08,486.1,ASK
1350,1712614176.542263,10642910.11488208,486.0,-7.826242162409772e-08,486.1,ASK
1351,1712614179.9868736,10642917.16422321,486.2,1.3935206129289843e-09,486.2,BID
1352,1712614179.990395,10642922.45657116,486.1,1.0461964913696062e-09,486.2,BID
1353,1712614198.143229,10642932.74869212,486.1,-2.0345564842790612e-09,486.2,ASK
1354,1712614198.1450603,10643299.17816416,486.0,-7.243613452430574e-08,486.2,ASK
1355,1712614200.1670656,10643299.17816416,486.0,-0.0,486.2,ASK
1356,1712614205.6944742,10643311.51985324,486.0,-2.441004210203317e-09,486.2,ASK
1357,1712614217.786981,10643347.66705639,486.2,7.1493840512836015e-09,486.2,BID
1358,1712614217.790533,10643470.97491524,486.2,2.4388477189378203e-08,486.2,BID
1359,1712614218.2471156,10643494.48889821,486.3,4.650719286235051e-09,486.3,BID
1360,1712614218.2522736,10643504.93640821,486.3,2.066363504347686e-09,486.3,BID
1361,1712614218.2572908,10644720.21866755,486.4,2.403649202636578e-07,486.4,BID
1362,1712614218.261376,10644720.21866835,486.2,1.5804521267726444e-16,486.4,BID
1363,1712614221.888842,10645561.35240583,486.4,1.6636385678040422e-07,486.4,BID
1364,1712614221.893134,10645574.25445409,486.6,2.551834997518991e-09,486.6,BID
1365,1712614221.89757,10645779.84655936,486.4,4.066308843941458e-08,486.6,BID
1366,1712614221.90123,10645790.29721845,486.5,2.0669863476367154e-09,486.6,BID
1367,1712614221.9032586,10646131.38024674,486.4,6.746119616925397e-08,486.6,BID
1368,1712614221.9052966,10646142.99209018,486.6,2.296651499093345e-09,486.6,BID
1369,1712614221.9073608,10646149.50304998,486.7,1.2877718910317078e-09,486.7,BID
1370,1712614224.4342942,10646170.2198513,486.5,-4.097477980079471e-09,486.7,ASK
1371,1712614230.155758,10646170.2198513,486.5,-0.0,486.7,ASK
1372,1712614230.336973,10646190.94094537,486.5,-4.097195393409769e-09,486.7,ASK
1373,1712614244.767072,10646211.48748327,486.7,4.062680288570153e-09,486.7,BID
1374,1712614247.076476,10646223.81540601,486.7,2.4376081729211103e-09,486.7,BID
1375,1712614250.2313104,10646244.36194391,486.7,4.062680288570153e-09,486.7,BID
1376,1712614255.1045926,10646276.0695993,486.7,6.269575301565422e-09,486.7,BID
1377,1712614255.1063285,10646306.0695993,486.7,5.931919491656389e-09,486.7,BID
1378,1712614255.1079962,10647375.97437392,486.7,2.1155296622600882e-07,486.7,BID
1379,1712614259.066677,10647679.2883281,486.8,5.99744652297449e-08,486.8,BID
1380,1712614260.2868822,10647679.2883281,486.8,0.0,486.8,BID
1381,1712614266.9365497,10647695.72218183,486.8,3.249004718891674e-09,486.8,BID
1382,1712614267.8767788,10647708.05010457,486.5,-2.4372542076938246e-09,486.8,ASK
1383,1712614272.0173242,10647913.4732763,486.8,4.061255900566311e-08,486.8,BID
1384,1712614276.6569557,10653550.99744867,486.8,1.1145494501289206e-06,486.8,BID
1385,1712614276.6605809,10653687.92715991,486.8,2.707126917808968e-08,486.8,BID
1386,1712614276.7168076,10653700.25001881,486.9,2.436253077231126e-09,486.9,BID
1387,1712614290.237843,10653700.25001881,486.9,0.0,486.9,BID
1388,1712614299.1964245,10653712.57287771,486.0,-2.434842171747069e-09,486.9,ASK
1389,1712614303.3845768,10654090.56707466,486.9,7.468690657660127e-08,486.9,BID
1390,1712614303.386443,10654204.752677,487.0,2.2561641112769376e-08,487.0,BID
1391,1712614303.388235,10654410.13365873,486.9,4.058070287557776e-08,487.0,BID
1392,1712614303.3901322,10654812.86151134,487.0,7.95739663372656e-08,487.0,BID
1393,1712614303.4165096,10657516.99304955,487.0,-5.343024342570317e-07,487.0,ASK
1394,1712614309.4367654,10657529.31590845,486.9,2.434842171747069e-09,487.0,BID
1395,1712614320.136505,10657529.31590845,486.9,0.0,487.0,BID
1396,1712614328.6365273,10657545.74638698,486.9,3.245260551129951e-09,487.0,BID
1397,1712614349.3071194,10660824.68598943,486.9,6.476386747917932e-07,487.0,BID
1398,1712614350.1664364,10660824.68598943,486.9,0.0,487.0,BID
1399,1712614357.7567382,10660859.07722583,487.3,6.790621669239816e-09,487.3,BID
1400,1712614364.8927498,10660904.71625853,487.3,9.0115226101038e-09,487.3,BID
1401,1712614366.0233316,10660917.03911743,486.0,-2.433174303428606e-09,487.3,ASK
1402,1712614375.2368534,10660929.35186111,487.3,2.431177032192605e-09,487.3,BID
1403,1712614380.2076635,10660929.35186111,487.3,0.0,487.3,BID
1404,1712614399.9367528,10660941.66460479,486.0,-2.431152556272052e-09,487.3,ASK
1405,1712614402.046963,10661145.24451246,486.0,-4.0196874537093135e-08,487.3,ASK
1406,1712614410.2168608,10661145.24451246,486.0,-0.0,487.3,ASK
1407,1712614436.2467637,10661165.69098537,486.1,-4.037074625592236e-09,487.3,ASK
1408,1712614436.2522285,10663202.85768119,486.1,-4.022304488177327e-07,487.3,ASK
1409,1712614438.0466442,10663215.16789867,487.4,2.4306034022054634e-09,487.4,BID
1410,1712614440.1929743,10663215.16789867,487.4,0.0,487.4,BID
1411,1712614448.696508,10663235.85042193,486.1,-4.0828706773131186e-09,487.4,ASK
1412,1712614462.676373,10663248.16063941,486.1,-2.43012060730626e-09,487.4,ASK
1413,1712614470.1592984,10663248.16063941,486.1,-0.0,487.4,ASK
1414,1712614470.6867852,10663276.8844802,487.4,5.670263465314474e-09,487.4,BID
1415,1712614470.6923592,10663289.19469767,487.4,2.430112911447489e-09,487.4,BID
1416,1712614500.1931672,10663289.19469767,487.4,0.0,487.4,BID
1417,1712614504.1261892,10663301.50491515,487.4,2.4304488013281353e-09,487.4,BID
1418,1712614530.1567426,10663301.50491515,487.4,0.0,487.4,BID
1419,1712614531.5669365,10663313.81513263,486.1,-2.430445922220083e-09,487.4,ASK
1420,1712614560.2405734,10663313.81513263,486.1,-0.0,487.4,ASK
1421,1712614574.9166093,10663376.43628978,487.4,1.2363482325678286e-08,487.4,BID
1422,1712614574.9208405,10663518.98542397,487.4,2.81439018580888e-08,487.4,BID
1423,1712614582.4265914,10663529.68281133,486.1,-2.112017177172725e-09,487.4,ASK
1424,1712614582.430446,10663531.29564145,486.1,-3.184258739930433e-10,487.4,ASK
1425,1712614590.2445502,10663531.29564145,486.1,-0.0,487.4,ASK
1426,1712614593.8865054,10663547.28249979,487.4,3.156267206914609e-09,487.4,BID
1427,1712614600.7367704,10663559.59271727,487.4,2.4303921954795078e-09,487.4,BID
1428,1712614605.845359,10664193.62695185,486.1,-1.251766557323129e-07,487.4,ASK
1429,1712614613.356865,10664235.29158803,487.4,8.225801597262879e-09,487.4,BID
1430,1712614613.3612385,10671219.22290377,487.4,1.3788295935596138e-06,487.4,BID
1431,1712614620.156231,10671219.22290377,487.4,0.0,487.4,BID
1432,1712614624.5766215,10671415.27652099,487.4,-3.867803489270786e-08,487.4,ASK
1433,1712614625.686438,10671427.58673847,486.2,-2.428595952217613e-09,487.4,ASK
1434,1712614631.2065842,10674454.67817186,487.4,5.971935113673953e-07,487.4,BID
1435,1712614631.2103982,10682017.27517998,487.4,1.4919714061219034e-06,487.4,BID
1436,1712614636.146679,10682258.25559298,487.4,-4.754132545263981e-08,487.4,ASK
1437,1712614650.1381657,10682258.25559298,487.4,-0.0,487.4,ASK
1438,1712614668.9780793,10682270.56328528,487.5,2.425523174225097e-09,487.5,BID
1439,1712614670.766476,10682270.56328591,487.4,-1.2407252604314946e-16,487.5,ASK
1440,1712614670.7711833,10682301.9506048,486.0,-6.185616887946939e-09,487.5,ASK
1441,1712614674.767508,10682314.6429125,487.5,2.5013207762874326e-09,487.5,BID
1442,1712614674.769563,10682332.71983556,487.5,3.5624871611107037e-09,487.5,BID
1443,1712614676.8069236,10682478.94883556,486.1,-2.8817898561268592e-08,487.5,ASK
1444,1712614678.6366725,10682594.28764876,486.1,-2.2730253363065453e-08,487.5,ASK
1445,1712614680.2370124,10682594.28764876,486.1,-0.0,487.5,ASK
1446,1712614687.5665169,10682606.59534106,486.1,-2.425445069277906e-09,487.5,ASK
1447,1712614690.206479,10682706.59534106,486.1,-1.9706741199353826e-08,487.5,ASK
1448,1712614698.720152,10682718.90303336,487.5,2.425445069277906e-09,487.5,BID
1449,1712614710.219477,10682718.90303336,487.5,0.0,487.5,BID
1450,1712614721.6059165,10682731.21072566,486.1,-2.4254161073561342e-09,487.5,ASK
1451,1712614722.1463745,10682741.72618957,486.1,-2.0722305146366993e-09,487.5,ASK
1452,1712614724.196345,10682752.18772803,487.5,2.061603692482373e-09,487.5,BID
1453,1712614731.2463622,10682764.49542033,487.5,2.4254161073561342e-09,487.5,BID
1454,1712614731.886348,10684199.09673571,487.5,2.827097926665443e-07,487.5,BID
1455,1712614731.8963573,10687984.38659797,487.6,7.459483695357893e-07,487.6,BID
1456,1712614731.9009874,10688698.26035915,487.6,1.4067957477048637e-07,487.6,BID
1457,1712614731.986222,10688708.95774651,487.6,-2.1080812698309877e-09,487.6,ASK
1458,1712614732.77641,10688722.42366737,487.6,-2.653662486966894e-09,487.6,ASK
1459,1712614740.166571,10688722.42366737,487.6,-0.0,487.6,ASK
1460,1712614742.186606,10688790.83348994,487.7,1.3473413756882248e-08,487.7,BID
1461,1712614742.1925068,10688820.83348994,487.7,5.908543503265541e-09,487.7,BID
1462,1712614749.336964,10688845.83348994,487.8,4.923786252721285e-09,487.8,BID
1463,1712614749.3464918,10689966.10253855,487.8,2.206386136359411e-07,487.8,BID
1464,1712614749.351184,10689986.60274356,487.8,4.037545104282845e-09,487.8,BID
1465,1712614752.366516,10689998.91043586,487.8,-2.4240178457157407e-09,487.8,ASK
1466,1712614761.5265238,10690011.20803782,487.9,2.4220305390015104e-09,487.9,BID
1467,1712614763.5764484,10690052.13448994,487.9,8.060524092995348e-09,487.9,BID
1468,1712614767.8463483,10691467.2853553,487.9,2.787160150552966e-07,487.9,BID
1469,1712614767.856697,10691481.62096448,488.0,2.823419016362716e-09,488.0,BID
1470,1712614767.861039,10692317.1905418,488.0,1.645666399199249e-07,488.0,BID
1471,1712614767.865314,10692477.69953678,487.9,3.161247931678278e-08,488.0,BID
1472,1712614767.8690734,10694153.0161795,488.0,3.2995604217524615e-07,488.0,BID
1473,1712614770.156906,10694153.0161795,488.0,0.0,488.0,BID
1474,1712614785.5766702,10694154.65367486,487.6,-3.2233886902063e-10,488.0,ASK
1475,1712614785.5822592,10694165.31378146,487.8,-2.098428362395365e-09,488.0,ASK
1476,1712614800.1790185,10694165.31378146,487.8,-0.0,488.0,ASK
1477,1712614825.0970638,10694177.61390446,487.8,2.4225813900682303e-09,488.0,BID
1478,1712614830.1497078,10694177.61390446,487.8,0.0,488.0,BID
1479,1712614831.854004,10694587.6180045,487.8,8.075261759106128e-08,488.0,BID
1480,1712614860.2278948,10694587.6180045,487.8,0.0,488.0,BID
1481,1712614864.867993,10694596.43990208,487.6,-1.737453993239838e-09,488.0,ASK
1482,1712614864.872223,10694616.9485015,487.6,-4.0391251016031215e-09,488.0,ASK
1483,1712614877.4786787,10694674.39007591,487.8,1.131299609198819e-08,488.0,BID
1484,1712614877.5181386,10694674.39007649,487.6,-1.1408848600655816e-16,488.0,ASK
1485,1712614877.5223284,10694686.69019891,486.1,-2.422482988794195e-09,488.0,ASK
1486,1712614888.0201485,10694698.99032191,487.8,2.422483103249525e-09,488.0,BID
1487,1712614890.2505286,10694698.99032191,487.8,0.0,488.0,BID
1488,1712614911.9984598,10694711.29044491,486.5,-2.4224571965335667e-09,488.0,ASK
1489,1712614920.1531348,10694711.29044491,486.5,-0.0,488.0,ASK
1490,1712614932.8591318,10696870.26413675,486.5,-4.252002352332464e-07,488.0,ASK
1491,1712614950.156301,10696870.26413675,486.5,-0.0,488.0,ASK
1492,1712614951.201095,10696882.56930492,487.6,2.422946754764013e-09,488.0,BID
1493,1712614980.2503157,10696882.56930492,487.6,0.0,488.0,BID
1494,1712615006.191013,10696894.87447309,486.2,-2.422943891861464e-09,488.0,ASK
1495,1712615010.2218394,10696894.87447309,486.2,-0.0,488.0,ASK
1496,1712615014.4208074,10697773.30589056,486.2,-1.7296695997152e-07,488.0,ASK
1497,1712615014.5607257,10699050.40589055,486.2,2.514665347625686e-07,488.0,BID
1498,1712615014.5651948,10699053.84816494,486.2,6.77798772616566e-10,488.0,BID
1499,1712615016.3807847,10699066.15838242,487.4,2.423935268735837e-09,488.0,BID
1500,1712615018.4505477,10699450.32106473,486.7,-7.5643300059712e-08,488.0,ASK
1501,1712615040.1624277,10699450.32106473,486.7,-0.0,488.0,ASK
1502,1712615049.801366,10699462.63128221,486.6,-2.423342310848246e-09,488.0,ASK
1503,1712615070.1565735,10699462.63128221,486.6,-0.0,488.0,ASK
1504,1712615085.601351,10699474.95161075,487.0,2.425329875118999e-09,488.0,BID
1505,1712615100.2318504,10699474.95161075,487.0,0.0,488.0,BID
1506,1712615127.6127648,10705561.95161075,487.3,1.1982607010655505e-06,488.0,BID
1507,1712615127.6178222,10705912.37365533,487.0,6.898258005720645e-08,488.0,BID
1508,1712615127.6225867,10709069.26218454,487.0,6.214515298498889e-07,488.0,BID
1509,1712615127.6247122,10740542.71341773,487.3,6.195728559164469e-06,488.0,BID
1510,1712615130.2320263,10740542.71341773,487.3,0.0,488.0,BID
1511,1712615134.8521016,10740598.99162864,487.4,1.1035215730856661e-08,488.0,BID
1512,1712615138.922325,10740611.31195718,486.6,-2.4158103309894203e-09,488.0,ASK
1513,1712615160.167843,10740611.31195718,486.6,-0.0,488.0,ASK
1514,1712615184.2827053,10740623.62217466,487.4,2.4138119005400416e-09,488.0,BID
1515,1712615190.1672878,10740623.62217466,487.4,0.0,488.0,BID
1516,1712615206.0631382,10740635.93239214,486.7,-2.4138090610784147e-09,488.0,ASK
1517,1712615217.0930443,10740648.24513582,487.3,2.414304402336522e-09,488.0,BID
1518,1712615220.2332764,10740648.24513582,487.3,0.0,488.0,BID
1519,1712615226.793752,10740675.90121352,486.6,-5.4228395302010575e-09,488.0,ASK
1520,1712615226.8005342,10740693.59099604,486.7,-3.468635465076545e-09,488.0,ASK
1521,1712615241.523811,10740705.90373972,486.6,-2.414298725981909e-09,488.0,ASK
1522,1712615250.2564478,10740705.90373972,486.6,-0.0,488.0,ASK
1523,1712615252.0774813,10740720.0426591,486.6,-2.772362369148856e-09,488.0,ASK
1524,1712615259.044307,10740853.6094991,486.6,-2.6189814867933924e-08,488.0,ASK
1525,1712615278.1038597,10740865.92982764,487.0,2.415772683951055e-09,488.0,BID
1526,1712615280.1672385,10740865.92982764,487.0,0.0,488.0,BID
1527,1712615310.1588788,10740865.92982764,487.0,0.0,488.0,BID
1528,1712615317.984367,10740968.59923215,487.0,2.0131131644366106e-08,488.0,BID
1529,1712615318.0643778,10742919.31791798,487.0,-3.824915012688867e-07,488.0,ASK
1530,1712615318.1317496,10742989.11367454,486.6,-1.3685358069661338e-08,488.0,ASK
1531,1712615318.1344674,10743504.53352372,486.6,-1.0106209230914205e-07,488.0,ASK
1532,1712615325.2150302,10743545.63504447,486.6,-8.059072018203161e-09,488.0,ASK
1533,1712615325.22199,10743654.56752533,486.6,-2.1359178257704096e-08,488.0,ASK
1534,1712615325.2261047,10749673.48441796,486.0,-1.1801725051374163e-06,488.0,ASK
1535,1712615325.228713,10752772.54457291,486.6,-6.07655106705018e-07,488.0,ASK
1536,1712615336.1145494,10752784.86490145,486.0,-2.415735796929492e-09,488.0,ASK
1537,1712615340.1882496,10752784.86490145,486.0,-0.0,488.0,ASK
1538,1712615344.6447926,10752797.19535767,486.6,2.414976618505956e-09,488.0,BID
1539,1712615365.4548514,10752809.52581389,486.0,-2.414976618870765e-09,488.0,ASK
1540,1712615370.1629195,10752809.52581389,486.0,-0.0,488.0,ASK
1541,1712615374.325078,10752821.85627011,486.6,2.4149709462070835e-09,488.0,BID
1542,1712615392.2250364,10752876.62404651,486.6,1.0726495957515432e-08,488.0,BID
