,time,acc_trade_volume,trade_price,dev,high,ask_bid
0,1712601588.501728,41547640.61568429,67.28,0.0,67.35,BID
1,1712601600.424703,41547640.61568429,67.28,0.0,67.35,BID
2,1712601604.349625,41547729.79523244,67.09,-2.94457549041866e-08,67.35,ASK
3,1712601630.439746,41547729.79523244,67.09,-0.0,67.35,ASK
4,1712601636.2197146,41547818.97478059,67.28,2.944569673621056e-08,67.35,BID
5,1712601660.6609905,41547818.97478059,67.28,0.0,67.35,BID
6,1712601671.0996766,41547908.15432874,67.09,-2.9445638401265624e-08,67.35,ASK
7,1712601690.661451,41547908.15432874,67.09,-0.0,67.35,ASK
8,1712601703.0904124,41547997.33387689,67.28,2.9445580231289843e-08,67.35,BID
9,1712601720.429608,41547997.33387689,67.28,0.0,67.35,BID
10,1712601741.34929,41548086.51342504,67.09,-2.9445521894346465e-08,67.35,ASK
11,1712601750.4093091,41548086.51342504,67.09,-0.0,67.35,ASK
12,1712601773.619589,41548175.93220298,67.1,2.952445305024043e-08,67.35,BID
13,1712601773.7390163,41548235.54472162,67.1,1.968296870344036e-08,67.35,BID
14,1712601774.119446,41548384.79845297,67.1,-4.928086566774468e-08,67.35,ASK
15,1712601776.428979,41548533.82974955,67.1,-4.9207421751220746e-08,67.35,ASK
16,1712601778.3791678,41548682.86104613,67.1,-4.920742175368078e-08,67.35,ASK
17,1712601779.8591716,41548831.89234271,67.1,-4.920742175368078e-08,67.35,ASK
18,1712601780.6594355,41548831.89234271,67.1,-0.0,67.35,ASK
19,1712601781.228845,41548980.92363929,67.1,-4.9206609154847314e-08,67.35,ASK
20,1712601782.6889095,41549129.95493587,67.1,-4.9206609154847314e-08,67.35,ASK
21,1712601784.159437,41549278.98623245,67.1,-4.9206609154847314e-08,67.35,ASK
22,1712601788.8489962,41549279.17670864,67.28,6.289073155135724e-11,67.35,BID
23,1712601788.8592064,41549427.98623245,67.2,4.91333850324851e-08,67.35,BID
24,1712601810.3938825,41549517.40501039,67.1,-2.9523965488480376e-08,67.35,ASK
25,1712601810.6892292,41549517.40501039,67.1,-0.0,67.35,ASK
26,1712601836.838995,41549606.5978155,67.27,2.9448907208997457e-08,67.35,BID
27,1712601840.4115667,41549606.5978155,67.27,0.0,67.35,BID
28,1712601870.4389582,41549606.5978155,67.27,0.0,67.35,BID
29,1712601872.9392064,41549695.79062061,67.09,-2.9448848870003643e-08,67.35,ASK
30,1712601900.4207606,41549695.79062061,67.09,-0.0,67.35,ASK
31,1712601900.8185997,41549784.98342572,67.27,2.947309419986004e-08,67.35,BID
32,1712601930.4318435,41549784.98342572,67.27,0.0,67.35,BID
33,1712601930.520821,41550528.25680166,67.27,2.456086313774364e-07,67.35,BID
34,1712601940.3184626,41552014.80355355,67.27,4.912172627622587e-07,67.35,BID
35,1712601941.361128,41552103.99635866,67.1,-2.9473035764996933e-08,67.35,ASK
36,1712601960.651109,41552103.99635866,67.1,-0.0,67.35,ASK
37,1712601990.678414,41552103.99635866,67.1,-0.0,67.35,ASK
38,1712601998.1385813,41552193.17590681,67.28,2.946713625656587e-08,67.35,BID
39,1712602020.6146045,41552193.17590681,67.28,0.0,67.35,BID
40,1712602041.6481743,41552282.35545496,67.1,-2.9467077839104173e-08,67.35,ASK
41,1712602048.5983293,41553560.71937676,67.1,-4.224023329455514e-07,67.35,ASK
42,1712602048.600241,41559878.37949171,67.1,-2.0875075757438525e-06,67.35,ASK
43,1712602050.392565,41559878.37949171,67.1,-0.0,67.35,ASK
44,1712602066.6982653,41559967.57229682,67.27,2.9466437407959626e-08,67.35,BID
45,1712602080.6580324,41559967.57229682,67.27,0.0,67.35,BID
46,1712602084.8886485,41567419.13712544,67.1,-2.4617527513021486e-06,67.35,ASK
47,1712602110.6689236,41567419.13712544,67.1,-0.0,67.35,ASK
48,1712602111.3078778,41567508.32993055,67.1,-2.9461512440520137e-08,67.35,ASK
49,1712602111.747857,41568553.04183909,67.1,-3.450815662968951e-07,67.35,ASK
50,1712602111.7496498,41570341.41739795,67.1,-5.907230825388023e-07,67.35,ASK
51,1712602119.557999,41570603.43151043,67.09,-8.654657766149312e-08,67.35,ASK
52,1712602135.9104106,41570692.85028837,67.1,2.9536154124356044e-08,67.35,BID
53,1712602140.4179306,41570692.85028837,67.1,0.0,67.35,BID
54,1712602170.4210458,41570692.85028837,67.1,0.0,67.35,BID
55,1712602175.9476912,41570782.26906631,67.09,-2.9534011208508732e-08,67.35,ASK
56,1712602200.4509244,41570782.26906631,67.09,-0.0,67.35,ASK
57,1712602202.3181498,41570871.68784425,67.1,2.9533952686386832e-08,67.35,BID
58,1712602230.4374862,41570871.68784425,67.1,0.0,67.35,BID
59,1712602260.4684863,41570871.68784425,67.1,0.0,67.35,BID
60,1712602275.8974986,41570961.10662219,67.09,-2.9533894160696005e-08,67.35,ASK
61,1712602278.5874984,41573305.65492775,67.09,-7.743747242392417e-07,67.35,ASK
62,1712602278.5894926,41588211.00594876,67.09,-4.92304938191768e-06,67.35,ASK
63,1712602290.4510784,41588211.00594876,67.09,-0.0,67.35,ASK
64,1712602320.6473036,41588211.00594876,67.09,-0.0,67.35,ASK
65,1712602344.637275,41588300.45138704,67.08,2.9531353149860492e-08,67.35,BID
66,1712602350.6908376,41588300.45138704,67.08,0.0,67.35,BID
67,1712602380.4072747,41588300.45138704,67.08,0.0,67.35,BID
68,1712602410.4183033,41588300.45138704,67.08,0.0,67.35,BID
69,1712602413.6275065,41588389.89682532,67.04,-2.953129464945345e-08,67.35,ASK
70,1712602432.0474353,41595849.36556423,67.04,-2.462817260347092e-06,67.35,ASK
71,1712602440.6470764,41595849.36556423,67.04,-0.0,67.35,ASK
72,1712602445.1998308,41595938.79767035,67.09,2.9521960168587543e-08,67.35,BID
73,1712602470.7376184,41595938.79767035,67.09,0.0,67.35,BID
74,1712602486.836717,41596028.22977647,67.04,-2.9521901696673346e-08,67.35,ASK
75,1712602500.517755,41596028.22977647,67.04,-0.0,67.35,ASK
76,1712602518.5368476,41596117.66188259,67.09,2.9521843266108272e-08,67.35,BID
77,1712602530.5369437,41596117.66188259,67.09,0.0,67.35,BID
78,1712602560.740742,41596117.66188259,67.09,0.0,67.35,BID
79,1712602590.7356603,41596117.66188259,67.09,0.0,67.35,BID
80,1712602620.5560794,41596117.66188259,67.09,0.0,67.35,BID
81,1712602620.9395213,41596207.09398871,67.04,-2.9521784797116613e-08,67.35,ASK
82,1712602650.5125592,41596207.09398871,67.04,-0.0,67.35,ASK
83,1712602653.2105896,41596296.52609483,67.09,2.9521726369473723e-08,67.35,BID
84,1712602680.7415197,41596296.52609483,67.09,0.0,67.35,BID
85,1712602690.041201,41596385.95820095,67.04,-2.95216678960262e-08,67.35,ASK
86,1712602710.701697,41596385.95820095,67.04,-0.0,67.35,ASK
87,1712602720.7719965,41596475.39030707,67.09,2.9521609471305483e-08,67.35,BID
88,1712602740.4752345,41596475.39030707,67.09,0.0,67.35,BID
89,1712602770.507476,41596475.39030707,67.09,0.0,67.35,BID
90,1712602788.493225,41596564.82241319,67.04,-2.9521551000780465e-08,67.35,ASK
91,1712602800.6579523,41596564.82241319,67.04,-0.0,67.35,ASK
92,1712602814.8637416,41596654.25451931,67.09,2.9536700848141864e-08,67.35,BID
93,1712602830.5289478,41596654.25451931,67.09,0.0,67.35,BID
94,1712602860.6045988,41596743.68662543,67.04,-2.953664231536096e-08,67.35,ASK
95,1712602860.736952,41596743.68662543,67.04,-0.0,67.35,ASK
96,1712602873.164991,41596833.13206371,67.08,2.954098701975184e-08,67.35,BID
97,1712602886.694512,41596922.57750199,67.08,2.954098701975184e-08,67.35,BID
98,1712602890.740142,41596922.57750199,67.08,0.0,67.35,BID
99,1712602920.511231,41596922.57750199,67.08,0.0,67.35,BID
100,1712602928.3355482,41597012.02294027,67.04,-2.9540869942820162e-08,67.35,ASK
101,1712602950.563109,41597012.02294027,67.04,-0.0,67.35,ASK
102,1712602961.265669,41597101.50839888,67.05,2.9554028805372893e-08,67.35,BID
103,1712602961.366042,41604260.34508784,67.05,2.3643223044175275e-06,67.35,BID
104,1712602961.4461074,41606047.5480087,67.05,5.902528458053255e-07,67.35,BID
105,1712602961.4485614,41640868.65713213,67.08,1.150023789368623e-05,67.35,BID
106,1712602980.7474422,41640868.65713213,67.08,0.0,67.35,BID
107,1712603002.3363383,41640958.14259074,67.04,-2.9525344289171773e-08,67.35,ASK
108,1712603010.747495,41640958.14259074,67.04,-0.0,67.35,ASK
109,1712603031.4371345,41640958.14259075,67.08,2.4582823317281376e-18,67.35,BID
110,1712603031.4392889,41641047.57469686,67.09,2.950768245394517e-08,67.35,BID
111,1712603040.542044,41641047.57469686,67.09,0.0,67.35,BID
112,1712603069.9875472,41641137.00680298,67.04,-2.9507624041033083e-08,67.35,ASK
113,1712603070.5557563,41641137.00680298,67.04,-0.0,67.35,ASK
114,1712603098.3278532,41641226.4389091,67.09,2.9507565666970563e-08,67.35,BID
115,1712603100.7379797,41641226.4389091,67.09,0.0,67.35,BID
116,1712603100.9574754,41641377.81644467,67.04,-4.9951743348331523e-08,67.35,ASK
117,1712603130.7468586,41641377.81644467,67.04,-0.0,67.35,ASK
118,1712603138.2683847,41641467.24855079,67.05,-2.9510816350376618e-08,67.35,ASK
119,1712603160.524974,41641467.24855079,67.05,-0.0,67.35,ASK
120,1712603165.15793,41641556.68065691,67.09,2.9510757959891413e-08,67.35,BID
121,1712603190.5210872,41641556.68065691,67.09,0.0,67.35,BID
122,1712603220.7264562,41641556.68065691,67.09,0.0,67.35,BID
123,1712603241.2993565,41641646.11276303,67.05,-2.9510699532343487e-08,67.35,ASK
124,1712603250.763023,41641646.11276303,67.05,-0.0,67.35,ASK
125,1712603273.6493876,41641735.54486915,67.09,2.951064113740351e-08,67.35,BID
126,1712603280.49784,41641735.54486915,67.09,0.0,67.35,BID
127,1712603309.5593772,41641824.97697527,67.05,-2.9510582712776688e-08,67.35,ASK
128,1712603310.494676,41641824.97697527,67.05,-0.0,67.35,ASK
129,1712603336.0496607,41641914.40908139,67.09,2.9510524320757546e-08,67.35,BID
130,1712603340.7742162,41641914.40908139,67.09,0.0,67.35,BID
131,1712603370.7312517,41641914.40908139,67.09,0.0,67.35,BID
132,1712603378.3397677,41642003.84118751,67.05,-2.9510465891676252e-08,67.35,ASK
133,1712603400.542958,41642003.84118751,67.05,-0.0,67.35,ASK
134,1712603430.5351188,41642003.84118751,67.05,-0.0,67.35,ASK
135,1712603440.540185,41642093.27329363,67.09,2.952999342858116e-08,67.35,BID
136,1712603460.7408895,41642093.27329363,67.09,0.0,67.35,BID
137,1712603472.3003068,41642182.70539975,67.07,-2.9529934924840923e-08,67.35,ASK
138,1712603490.7711575,41642182.70539975,67.07,-0.0,67.35,ASK
139,1712603504.4705253,41642272.13750587,67.09,2.952987643631264e-08,67.35,BID
140,1712603520.5362496,41642272.13750587,67.09,0.0,67.35,BID
141,1712603545.050989,41649764.01880776,67.09,2.4737636228378053e-06,67.35,BID
142,1712603545.0537157,41655800.83502478,67.09,1.99331192709165e-06,67.35,BID
143,1712603545.1117246,41655875.46633715,67.13,2.464270564719189e-08,67.35,BID
144,1712603545.1144152,41687753.63327999,67.1,1.0525934217082584e-05,67.35,BID
145,1712603545.1171155,41708453.63327999,67.16,6.834986424543559e-06,67.35,BID
146,1712603545.120041,41708528.23125496,67.16,2.46316978852557e-08,67.35,BID
147,1712603545.122601,41708602.89593454,67.1,2.4653723252093964e-08,67.35,BID
148,1712603549.541685,41708783.54824949,67.23,5.965005411930343e-08,67.35,BID
149,1712603549.5445154,41708783.5482495,67.16,2.4601264364706284e-18,67.35,BID
150,1712603549.5465767,41708858.11291686,67.19,2.4620699958905e-08,67.35,BID
151,1712603549.5804896,41708932.63322029,67.23,2.4606051320548523e-08,67.35,BID
152,1712603550.544007,41708932.63322029,67.23,0.0,67.35,BID
153,1712603553.7311866,41710130.88322708,67.1,-3.950696237438336e-07,67.35,ASK
154,1712603575.9712963,41710220.3153332,67.1,-2.948625772271876e-08,67.35,ASK
155,1712603580.548735,41710220.3153332,67.1,-0.0,67.35,ASK
156,1712603604.1712608,41710294.78025591,67.28,2.4550795557835785e-08,67.35,BID
157,1712603604.1725974,41710309.49050851,67.3,4.84991310278134e-09,67.35,BID
158,1712603610.5227551,41710309.49050851,67.3,0.0,67.35,BID
159,1712603640.6033566,41710398.66568382,67.1,-2.9400650500936014e-08,67.35,ASK
160,1712603640.7419925,41710398.66568382,67.1,-0.0,67.35,ASK
161,1712603666.6713803,41710487.81872988,67.3,2.939329660020709e-08,67.35,BID
162,1712603670.764788,41710487.81872988,67.3,0.0,67.35,BID
163,1712603700.5579605,41710487.81872988,67.3,0.0,67.35,BID
164,1712603707.531252,41710576.97177594,67.1,-2.9393881135211724e-08,67.35,ASK
165,1712603730.4874146,41710576.97177594,67.1,-0.0,67.35,ASK
166,1712603760.745709,41710576.97177594,67.1,-0.0,67.35,ASK
167,1712603766.6516137,41710621.39971055,67.3,1.46479218710392e-08,67.35,BID
168,1712603766.6656213,41710666.124822,67.3,1.4745901287413754e-08,67.35,BID
169,1712603790.7777915,41710666.124822,67.3,0.0,67.35,BID
170,1712603810.5319283,41712173.05670867,67.1,-4.968355398332476e-07,67.35,ASK
171,1712603820.0222275,41712262.20975473,67.1,-2.9393765011580654e-08,67.35,ASK
172,1712603820.557046,41712262.20975473,67.1,-0.0,67.35,ASK
173,1712603843.0219755,41712351.37604987,67.29,2.9397095224511776e-08,67.35,BID
174,1712603850.5534596,41712351.37604987,67.29,0.0,67.35,BID
175,1712603879.1123917,41712440.54234501,67.09,-2.9397037073335028e-08,67.35,ASK
176,1712603880.7934,41712440.54234501,67.09,-0.0,67.35,ASK
177,1712603906.9421046,41712529.70864015,67.29,2.939697909522481e-08,67.35,BID
178,1712603910.7698958,41712529.70864015,67.29,0.0,67.35,BID
179,1712603940.4844944,41712529.70864015,67.29,0.0,67.35,BID
180,1712603949.9201994,41712618.87493529,67.09,-2.9396920944507496e-08,67.35,ASK
181,1712603970.504761,41712618.87493529,67.09,-0.0,67.35,ASK
182,1712603980.9055555,41712708.04123043,67.29,2.9396862966855347e-08,67.35,BID
183,1712604000.53592,41712708.04123043,67.29,0.0,67.35,BID
184,1712604008.482418,41712808.74123043,67.1,-3.3199405653314486e-08,67.35,ASK
185,1712604016.9923153,41719000.69169483,67.1,-2.041400945999408e-06,67.35,ASK
186,1712604019.9825425,41719089.85798997,67.1,-2.939690171670977e-08,67.35,ASK
187,1712604030.5326111,41719089.85798997,67.1,-0.0,67.35,ASK
188,1712604050.2925334,41719179.02428511,67.29,2.9392752102869697e-08,67.35,BID
189,1712604060.8003335,41719179.02428511,67.29,0.0,67.35,BID
190,1712604075.7032592,41719273.12428511,67.11,-3.10190358155146e-08,67.35,ASK
191,1712604087.0626843,41719362.29058025,67.11,-2.9392693968874152e-08,67.35,ASK
192,1712604090.7850974,41719362.29058025,67.11,-0.0,67.35,ASK
193,1712604117.0226352,41719451.45687539,67.29,2.9392574804580748e-08,67.35,BID
194,1712604120.5645473,41719451.45687539,67.29,0.0,67.35,BID
195,1712604150.519626,41719451.45687539,67.29,0.0,67.35,BID
196,1712604180.731869,41719451.45687539,67.29,0.0,67.35,BID
197,1712604185.6182952,41719540.62317053,67.1,-2.9392516671286533e-08,67.35,ASK
198,1712604210.803471,41719540.62317053,67.1,-0.0,67.35,ASK
199,1712604214.2735956,41719629.80271868,67.28,2.9396827375005467e-08,67.35,BID
200,1712604240.514526,41719629.80271868,67.28,0.0,67.35,BID
201,1712604250.1033282,41719718.98226683,67.1,-2.9396769235986063e-08,67.35,ASK
202,1712604270.5575662,41719718.98226683,67.1,-0.0,67.35,ASK
203,1712604275.3549612,41720076.71069131,67.11,-1.1791985290866214e-07,67.35,ASK
204,1712604277.821847,41720087.53114316,67.28,3.566800966944376e-09,67.35,BID
205,1712604277.8243732,41720165.87859448,67.29,2.5826071688347444e-08,67.35,BID
206,1712604294.9434931,41720820.03225774,67.29,2.1563202270909885e-07,67.35,BID
207,1712604294.94737,41720894.48611418,67.29,2.4542606063274086e-08,67.35,BID
208,1712604295.0297737,41746402.79728774,67.29,-8.408435270106198e-06,67.35,ASK
209,1712604295.142682,41746402.79728775,67.29,-2.455973045321929e-18,67.35,ASK
210,1712604300.7637253,41746402.79728775,67.29,-0.0,67.35,ASK
211,1712604317.9430592,41746491.96519092,67.11,-2.937558336133367e-08,67.35,ASK
212,1712604330.7366097,41746491.96519092,67.11,-0.0,67.35,ASK
213,1712604346.06328,41746581.13148606,67.29,2.9374995700554105e-08,67.35,BID
214,1712604360.5741563,41746581.13148606,67.29,0.0,67.35,BID
215,1712604388.0432734,41746670.2977812,67.13,-2.9374937636775715e-08,67.35,ASK
216,1712604390.5454953,41746670.2977812,67.13,-0.0,67.35,ASK
217,1712604416.7500703,41746759.46407634,67.29,2.9374879711288242e-08,67.35,BID
218,1712604420.5414886,41746759.46407634,67.29,0.0,67.35,BID
219,1712604450.511068,41746759.46407634,67.29,0.0,67.35,BID
220,1712604458.773545,41746848.63037148,67.13,-2.9374821647968392e-08,67.35,ASK
221,1712604480.752962,41746848.63037148,67.13,-0.0,67.35,ASK
222,1712604484.439786,41746937.79666662,67.29,2.9374763722938363e-08,67.35,BID
223,1712604510.7576394,41746937.79666662,67.29,0.0,67.35,BID
224,1712604517.3434803,41796937.79666662,67.14,-1.647186619878756e-05,67.35,ASK
225,1712604526.383642,41797026.96296176,67.14,-2.937470566007704e-08,67.35,ASK
226,1712604540.5785968,41797026.96296176,67.14,-0.0,67.35,ASK
227,1712604551.7537644,41797116.1292569,67.29,2.93421976330373e-08,67.35,BID
228,1712604570.553605,41797116.1292569,67.29,0.0,67.35,BID
229,1712604594.433475,41797205.29555204,67.14,-2.9342139701298093e-08,67.35,ASK
230,1712604600.6207347,41797205.29555204,67.14,-0.0,67.35,ASK
231,1712604620.4239266,41797294.46184718,67.29,2.9342081896479533e-08,67.35,BID
232,1712604630.5378706,41797294.46184718,67.29,0.0,67.35,BID
233,1712604660.8118832,41797294.46184718,67.29,0.0,67.35,BID
234,1712604662.72406,41797383.62814232,67.14,-2.9342023962745572e-08,67.35,ASK
235,1712604690.7706594,41797383.62814232,67.14,-0.0,67.35,ASK
236,1712604720.538046,41797383.62814232,67.14,-0.0,67.35,ASK
237,1712604723.2437632,41797472.79443746,67.29,2.934196615838305e-08,67.35,BID
238,1712604750.56806,41797472.79443746,67.29,0.0,67.35,BID
239,1712604751.5636122,41797621.40492936,67.29,4.8903180375176855e-08,67.35,BID
240,1712604763.503877,41797710.5712245,67.14,-2.9341908225106112e-08,67.35,ASK
241,1712604780.602103,41797710.5712245,67.14,-0.0,67.35,ASK
242,1712604793.7937932,41797799.73751964,67.29,2.9341753864175087e-08,67.35,BID
243,1712604810.5452986,41797799.73751964,67.29,0.0,67.35,BID
244,1712604833.1240954,41797888.90381478,67.14,-2.9341695934188208e-08,67.35,ASK
245,1712604840.821956,41797888.90381478,67.14,-0.0,67.35,ASK
246,1712604862.4573257,41797978.07010992,67.29,2.9341638131118106e-08,67.35,BID
247,1712604870.732571,41797978.07010992,67.29,0.0,67.35,BID
248,1712604900.539621,41797978.07010992,67.29,0.0,67.35,BID
249,1712604930.535272,41797978.07010992,67.29,0.0,67.35,BID
250,1712604935.1178243,41798067.23640506,67.14,-2.9341580199136494e-08,67.35,ASK
251,1712604960.7405198,41798067.23640506,67.14,-0.0,67.35,ASK
252,1712604963.2039115,41798156.4027002,67.29,2.9341522396522386e-08,67.35,BID
253,1712604990.7548285,41798156.4027002,67.29,0.0,67.35,BID
254,1712605020.6031013,41798156.4027002,67.29,0.0,67.35,BID
255,1712605036.074791,41798245.56899534,67.14,-2.934146446499778e-08,67.35,ASK
256,1712605050.5236442,41798245.56899534,67.14,-0.0,67.35,ASK
257,1712605063.0941396,41798334.73529048,67.29,2.9341406662839665e-08,67.35,BID
258,1712605079.9342787,41798543.54751388,67.29,6.871255952915415e-08,67.35,BID
259,1712605080.7414968,41798543.54751388,67.29,0.0,67.35,BID
260,1712605108.1541457,41798632.71380902,67.15,-2.9341213068008146e-08,67.35,ASK
261,1712605110.7719882,41798632.71380902,67.15,-0.0,67.35,ASK
262,1712605138.3046896,41798721.88010416,67.29,2.934115525823148e-08,67.35,BID
263,1712605140.5477242,41798721.88010416,67.29,0.0,67.35,BID
264,1712605170.5605664,41798721.88010416,67.29,0.0,67.35,BID
265,1712605179.7242804,41798811.0463993,67.15,-2.9341097328156613e-08,67.35,ASK
266,1712605200.5941582,41798811.0463993,67.15,-0.0,67.35,ASK
267,1712605212.6745152,41798900.21269444,67.29,2.9372864978358643e-08,67.35,BID
268,1712605226.544538,41800120.45344343,67.29,4.019676572590388e-07,67.35,BID
269,1712605230.5079775,41800120.45344343,67.29,0.0,67.35,BID
270,1712605258.9843683,41800209.61973857,67.16,-2.9372012460978617e-08,67.35,ASK
271,1712605260.7739935,41800209.61973857,67.16,-0.0,67.35,ASK
272,1712605288.5347943,41800239.63459742,67.3,9.887088699689938e-09,67.35,BID
273,1712605288.5443258,41800298.728881,67.35,1.9466039348724814e-08,67.35,BID
274,1712605290.7366405,41800298.728881,67.35,0.0,67.35,BID
275,1712605320.5080712,41800298.728881,67.35,0.0,67.35,BID
276,1712605332.4022155,41800387.83802343,67.16,-2.9353070033867663e-08,67.35,ASK
277,1712605350.5269258,41800387.83802343,67.16,-0.0,67.35,ASK
278,1712605361.557502,41800476.93811253,67.34,2.9350029953526374e-08,67.35,BID
279,1712605380.7458007,41800476.93811253,67.34,0.0,67.35,BID
280,1712605403.8694828,41800566.03820163,67.16,-2.9349971947785722e-08,67.35,ASK
281,1712605410.7648098,41800566.03820163,67.16,-0.0,67.35,ASK
282,1712605428.95468,41800655.13829073,67.34,2.9349914094875248e-08,67.35,BID
283,1712605440.546676,41800655.13829073,67.34,0.0,67.35,BID
284,1712605453.205228,41808676.75462481,67.34,2.642346235133052e-06,67.35,BID
285,1712605453.209435,41809565.14720073,67.34,2.926393734826106e-07,67.35,BID
286,1712605470.5586205,41809565.14720073,67.34,0.0,67.35,BID
287,1712605500.5728965,41809565.14720073,67.34,0.0,67.35,BID
288,1712605507.6459408,41809654.24728983,67.18,-2.9348959846941045e-08,67.35,ASK
289,1712605507.7246284,41824450.52975506,67.18,-4.8737942280905525e-06,67.35,ASK
290,1712605530.5836878,41824450.52975506,67.18,-0.0,67.35,ASK
291,1712605541.1648028,41824539.84205038,67.18,2.9409171944819973e-08,67.35,BID
292,1712605560.757994,41824539.84205038,67.18,0.0,67.35,BID
293,1712605586.8050408,41824629.1543457,67.16,-2.9409113840993442e-08,67.35,ASK
294,1712605590.75429,41824629.1543457,67.16,-0.0,67.35,ASK
295,1712605613.466668,41830316.74676594,67.16,-1.8728297375181248e-06,67.35,ASK
296,1712605616.3548565,41830405.86008838,67.33,2.934353728911812e-08,67.35,BID
297,1712605620.5112312,41830405.86008838,67.33,0.0,67.35,BID
298,1712605650.51526,41830405.86008838,67.33,0.0,67.35,BID
299,1712605660.0151815,41830494.97341082,67.16,-2.9339788988427176e-08,67.35,ASK
300,1712605680.7909927,41830494.97341082,67.16,-0.0,67.35,ASK
301,1712605685.185156,41830584.08673326,67.33,2.9339731173200748e-08,67.35,BID
302,1712605710.762625,41830584.08673326,67.33,0.0,67.35,BID
303,1712605728.0249476,41830673.2000557,67.16,-2.933967321676944e-08,67.35,ASK
304,1712605740.5488455,41830673.2000557,67.16,-0.0,67.35,ASK
305,1712605770.5604954,41830673.2000557,67.16,-0.0,67.35,ASK
306,1712605789.1052048,41830762.31337814,67.33,2.9339615401999266e-08,67.35,BID
307,1712605800.5798054,41830762.31337814,67.33,0.0,67.35,BID
308,1712605823.6453846,41830851.42670058,67.16,-2.9339557443572312e-08,67.35,ASK
309,1712605830.5361333,41830851.42670058,67.16,-0.0,67.35,ASK
310,1712605852.8252273,41830940.54002302,67.33,2.933949963416442e-08,67.35,BID
311,1712605860.729333,41830940.54002302,67.33,0.0,67.35,BID
312,1712605877.4754088,41831757.4121454,67.33,2.68944882022383e-07,67.35,BID
313,1712605889.1555614,41831846.52546784,67.16,-2.9339441676194866e-08,67.35,ASK
314,1712605890.7754204,41831846.52546784,67.16,-0.0,67.35,ASK
315,1712605904.2854068,41836515.78616822,67.16,-1.5372645488227083e-06,67.35,ASK
316,1712605914.5456638,41836604.89949066,67.33,2.933885259616596e-08,67.35,BID
317,1712605920.5838485,41836604.89949066,67.33,0.0,67.35,BID
318,1712605947.2251775,41837421.44767368,67.29,-2.688045482030903e-07,67.35,ASK
319,1712605947.3361938,41837421.44767369,67.29,-4.905405444191411e-18,67.35,ASK
320,1712605950.5980315,41837421.44767369,67.29,-0.0,67.35,ASK
321,1712605956.7856872,41837510.56099613,67.16,-2.9335235329406272e-08,67.35,ASK
322,1712605964.2584136,41843695.85429349,67.16,-2.036138138470334e-06,67.35,ASK
323,1712605964.262493,41862138.08610586,67.16,-6.071002577634207e-06,67.35,ASK
324,1712605980.7648144,41862138.08610586,67.16,-0.0,67.35,ASK
325,1712605985.1455455,41862227.42499805,67.16,2.939342877594584e-08,67.35,BID
326,1712605991.8252654,41870882.22505484,67.16,2.847519627772518e-06,67.35,BID
327,1712606010.7650678,41870882.22505484,67.16,0.0,67.35,BID
328,1712606040.5502193,41870882.22505484,67.16,0.0,67.35,BID
329,1712606054.1472871,41870971.56394703,67.15,-2.9387750666344426e-08,67.35,ASK
330,1712606070.493345,41870971.56394703,67.15,-0.0,67.35,ASK
331,1712606074.245927,41874076.1898396,67.15,-1.0212550139971569e-06,67.35,ASK
332,1712606080.1054344,41874165.52873179,67.16,2.9387692673040306e-08,67.35,BID
333,1712606100.5569935,41874165.52873179,67.16,0.0,67.35,BID
334,1712606130.5933611,41874165.52873179,67.16,0.0,67.35,BID
335,1712606146.695532,41874254.86762398,67.15,-2.938561948717041e-08,67.35,ASK
336,1712606160.7739422,41874254.86762398,67.15,-0.0,67.35,ASK
337,1712606175.38579,41874344.20651617,67.16,2.938556150472792e-08,67.35,BID
338,1712606190.7344956,41874344.20651617,67.16,0.0,67.35,BID
339,1712606212.9990275,41874433.54540836,67.15,-2.9385503511428498e-08,67.35,ASK
340,1712606220.537499,41874433.54540836,67.15,-0.0,67.35,ASK
341,1712606243.2758756,41874522.88430055,67.16,2.9385445526993027e-08,67.35,BID
342,1712606250.5432036,41874522.88430055,67.16,0.0,67.35,BID
343,1712606257.0461571,41900690.11634861,67.16,8.606937421819768e-06,67.35,BID
344,1712606277.8159175,41900779.4552408,67.15,-2.9385387534151383e-08,67.35,ASK
345,1712606280.8020744,41900779.4552408,67.15,-0.0,67.35,ASK
346,1712606307.4759789,41900868.79413299,67.16,2.9368353444339927e-08,67.35,BID
347,1712606310.805148,41900868.79413299,67.16,0.0,67.35,BID
348,1712606340.5497766,41900868.79413299,67.16,0.0,67.35,BID
349,1712606370.547369,41900868.79413299,67.16,0.0,67.35,BID
350,1712606384.5688424,41900958.13302518,67.15,-2.93682955164926e-08,67.35,ASK
351,1712606400.6965246,41900958.13302518,67.15,-0.0,67.35,ASK
352,1712606408.7066505,41901102.59223332,67.15,-4.7522564867927643e-08,67.35,ASK
353,1712606410.1159785,41901191.93112551,67.16,2.9389703526334936e-08,67.35,BID
354,1712606430.5788658,41901191.93112551,67.16,0.0,67.35,BID
355,1712606446.2061322,41901281.2700177,67.15,-2.9389551733140784e-08,67.35,ASK
356,1712606460.7631702,41901281.2700177,67.15,-0.0,67.35,ASK
357,1712606473.386126,41901370.60890989,67.16,2.9389493732728072e-08,67.35,BID
358,1712606490.7429502,41901370.60890989,67.16,0.0,67.35,BID
359,1712606508.2258337,41901459.94780208,67.15,-2.9389435723906887e-08,67.35,ASK
360,1712606520.5993783,41901459.94780208,67.15,-0.0,67.35,ASK
361,1712606550.559217,41901459.94780208,67.15,-0.0,67.35,ASK
362,1712606568.2360702,41901549.28669427,67.16,2.9389377723952056e-08,67.35,BID
363,1712606580.5737848,41901549.28669427,67.16,0.0,67.35,BID
364,1712606607.5063355,41901638.62558646,67.15,-2.938931971313785e-08,67.35,ASK
365,1712606610.5729403,41901638.62558646,67.15,-0.0,67.35,ASK
366,1712606636.477618,41901727.96447865,67.16,2.9389261716091884e-08,67.35,BID
367,1712606640.8010828,41901727.96447865,67.16,0.0,67.35,BID
368,1712606670.7604191,41901727.96447865,67.16,0.0,67.35,BID
369,1712606672.454259,41901817.30337084,67.15,-2.93892037081866e-08,67.35,ASK
370,1712606694.4043365,41906371.07049412,67.16,1.4980215933132764e-06,67.35,BID
371,1712606697.893473,41906460.40938631,67.16,2.9389203705735644e-08,67.35,BID
372,1712606700.5167978,41906460.40938631,67.16,0.0,67.35,BID
373,1712606730.5023923,41906460.40938631,67.16,0.0,67.35,BID
374,1712606741.652632,41906549.7482785,67.15,-2.93941186967769e-08,67.35,ASK
375,1712606760.7914636,41906549.7482785,67.15,-0.0,67.35,ASK
376,1712606768.0020792,41906639.08717069,67.16,2.939406067833696e-08,67.35,BID
377,1712606790.749162,41906639.08717069,67.16,0.0,67.35,BID
378,1712606806.5408356,41906728.42606288,67.15,-2.9394002651485964e-08,67.35,ASK
379,1712606820.523286,41906728.42606288,67.15,-0.0,67.35,ASK
380,1712606850.4882352,41906728.42606288,67.15,-0.0,67.35,ASK
381,1712606865.839354,41906817.76495507,67.16,2.9393944633504124e-08,67.35,BID
382,1712606880.7377472,41906817.76495507,67.16,0.0,67.35,BID
383,1712606904.538814,41906907.10384726,67.15,-2.9393886604659937e-08,67.35,ASK
384,1712606910.7629895,41906907.10384726,67.15,-0.0,67.35,ASK
385,1712606940.5360126,41906907.10384726,67.15,-0.0,67.35,ASK
386,1712606951.588562,41915710.08520811,67.15,-2.896312220249665e-06,67.35,ASK
387,1712606951.5932324,41922306.0058001,67.15,-2.1701562949259456e-06,67.35,ASK
388,1712606951.7076545,41928975.1298923,67.15,-2.194241338791848e-06,67.35,ASK
389,1712606970.618065,41928975.1298923,67.15,-0.0,67.35,ASK
390,1712606994.041556,41929064.46878449,67.16,2.9379504416345188e-08,67.35,BID
391,1712607000.686875,41929064.46878449,67.16,0.0,67.35,BID
392,1712607030.5036542,41929064.46878449,67.16,0.0,67.35,BID
393,1712607039.2565506,41929153.80767668,67.15,-2.9379697796648987e-08,67.35,ASK
394,1712607053.2566814,41930691.45686277,67.15,-5.056663150430226e-07,67.35,ASK
395,1712607053.2613618,41934059.61271602,67.15,-1.1076407897267884e-06,67.35,ASK
396,1712607060.7648206,41934059.61271602,67.15,-0.0,67.35,ASK
397,1712607064.3760235,41934148.95160821,67.16,2.9376457384838065e-08,67.35,BID
398,1712607090.7441168,41934148.95160821,67.16,0.0,67.35,BID
399,1712607102.2255015,41934238.2905004,67.15,-2.9376399427467564e-08,67.35,ASK
400,1712607120.5301373,41934238.2905004,67.15,-0.0,67.35,ASK
401,1712607150.573069,41934238.2905004,67.15,-0.0,67.35,ASK
402,1712607156.7344806,41934327.62939259,67.16,2.9376341476505545e-08,67.35,BID
403,1712607180.7832663,41934327.62939259,67.16,0.0,67.35,BID
404,1712607200.9340093,41934416.96828478,67.15,-2.9376283522042293e-08,67.35,ASK
405,1712607210.7336397,41934416.96828478,67.15,-0.0,67.35,ASK
406,1712607240.541519,41934416.96828478,67.15,-0.0,67.35,ASK
407,1712607258.3833349,41934506.30717697,67.16,2.9376225573987443e-08,67.35,BID
408,1712607270.5941076,41934506.30717697,67.16,0.0,67.35,BID
409,1712607296.08301,41938188.36839943,67.15,-1.2107251947657782e-06,67.35,ASK
410,1712607296.16305,41939648.64745818,67.13,-4.801649242114954e-07,67.35,ASK
411,1712607296.1662526,41941708.27606781,67.13,-6.772413870600536e-07,67.35,ASK
412,1712607300.5648415,41941708.27606781,67.13,-0.0,67.35,ASK
413,1712607300.5693288,41941797.61495999,67.12,-2.9371497638522736e-08,67.35,ASK
414,1712607300.571215,41941797.61496,67.13,-2.4494898588733412e-18,67.35,ASK
415,1712607328.3927205,41941886.96715657,67.15,2.9375871653371893e-08,67.35,BID
416,1712607330.522632,41941886.96715657,67.15,0.0,67.35,BID
417,1712607360.7723646,41941886.96715657,67.15,0.0,67.35,BID
418,1712607390.7672584,41941886.96715657,67.15,0.0,67.35,BID
419,1712607420.500353,41941886.96715657,67.15,0.0,67.35,BID
420,1712607430.4614997,41941976.31935314,67.12,-2.9375755797702363e-08,67.35,ASK
421,1712607450.4937606,41941976.31935314,67.12,-0.0,67.35,ASK
422,1712607454.2213545,41942065.67154971,67.15,2.937569787516796e-08,67.35,BID
423,1712607471.8214278,41944658.64740958,67.15,8.524745712358769e-07,67.35,BID
424,1712607471.8309164,41946533.00224891,67.16,6.162185551862569e-07,67.35,BID
425,1712607477.5214648,41946627.68707388,67.16,3.1128868885535324e-08,67.35,BID
426,1712607480.755967,41946627.68707388,67.16,0.0,67.35,BID
427,1712607510.7338464,41946627.68707388,67.16,0.0,67.35,BID
428,1712607524.2505567,41946717.03927045,67.13,-2.93726815353099e-08,67.35,ASK
429,1712607540.50687,41946717.03927045,67.13,-0.0,67.35,ASK
430,1712607555.7103126,41946806.37816264,67.16,2.93682500850484e-08,67.35,BID
431,1712607570.5342145,41946806.37816264,67.16,0.0,67.35,BID
432,1712607587.9304187,41946895.71705483,67.13,-2.9368192162507225e-08,67.35,ASK
433,1712607600.542193,41946895.71705483,67.13,-0.0,67.35,ASK
434,1712607630.45849,41946895.71705483,67.13,-0.0,67.35,ASK
435,1712607653.3198838,41946985.05594702,67.16,2.936937290775236e-08,67.35,BID
436,1712607660.5703728,41946985.05594702,67.16,0.0,67.35,BID
437,1712607687.1193604,41947074.39483921,67.13,-2.9369314978332653e-08,67.35,ASK
438,1712607690.5854037,41947074.39483921,67.13,-0.0,67.35,ASK
439,1712607692.8634002,41947372.32422994,67.16,9.794127341245461e-08,67.35,BID
440,1712607717.5492103,41947461.66312213,67.16,2.9369257075018084e-08,67.35,BID
441,1712607720.748045,41947461.66312213,67.16,0.0,67.35,BID
442,1712607750.753207,41947461.66312213,67.16,0.0,67.35,BID
443,1712607780.5558183,41947461.66312213,67.16,0.0,67.35,BID
444,1712607790.0788784,41947551.00201432,67.13,-2.9369005962421537e-08,67.35,ASK
445,1712607810.557157,41947551.00201432,67.13,-0.0,67.35,ASK
446,1712607816.2086904,41955393.44965346,67.13,-2.578098202796043e-06,67.35,ASK
447,1712607816.2783997,41970115.66752015,67.12,-4.839729274548372e-06,67.35,ASK
448,1712607816.2883067,41985014.35643552,67.12,-4.897741736268116e-06,67.35,ASK
449,1712607817.1288135,41985103.73525274,67.13,2.9382072872417543e-08,67.35,BID
450,1712607840.731012,41985103.73525274,67.13,0.0,67.35,BID
451,1712607870.7323115,41985103.73525274,67.13,0.0,67.35,BID
452,1712607883.388578,41985103.73525275,67.12,-4.894498788560886e-18,67.35,ASK
453,1712607883.3930569,41985193.11406996,67.09,-2.9357746477417116e-08,67.35,ASK
454,1712607900.5827072,41985193.11406996,67.09,-0.0,67.35,ASK
455,1712607909.198221,41993390.31987166,67.09,-2.692483781700945e-06,67.35,ASK
456,1712607930.5368936,41993390.31987166,67.09,-0.0,67.35,ASK
457,1712607943.9782555,41993479.69868888,67.13,2.9352386481059522e-08,67.35,BID
458,1712607960.71887,41993479.69868888,67.13,0.0,67.35,BID
459,1712607990.742561,41993479.69868888,67.13,0.0,67.35,BID
460,1712608012.237672,41993569.0775061,67.09,-2.9352328644476684e-08,67.35,ASK
461,1712608020.508312,41993569.0775061,67.09,-0.0,67.35,ASK
462,1712608038.4510915,41993658.45632332,67.13,2.93522708401372e-08,67.35,BID
463,1712608050.5038154,41993658.45632332,67.13,0.0,67.35,BID
464,1712608077.7272518,41993747.83514054,67.09,-2.935221300645685e-08,67.35,ASK
465,1712608080.7626524,41993747.83514054,67.09,-0.0,67.35,ASK
466,1712608102.2593515,41998096.42765223,67.13,1.4280851581204522e-06,67.35,BID
467,1712608104.1872425,41998185.76654442,67.16,2.9339043754541048e-08,67.35,BID
468,1712608110.7315943,41998185.76654442,67.16,0.0,67.35,BID
469,1712608130.2172182,42042855.21264328,67.16,1.4668086786637136e-05,67.35,BID
470,1712608140.5949342,42042855.21264328,67.16,0.0,67.35,BID
471,1712608145.4971182,42042944.55153547,67.14,-2.930730269217054e-08,67.35,ASK
472,1712608170.5722277,42042944.55153547,67.14,-0.0,67.35,ASK
473,1712608170.5827804,42043033.89042766,67.16,2.930724502208596e-08,67.35,BID
474,1712608188.337099,42048989.81657417,67.16,1.95381633510147e-06,67.35,BID
475,1712608200.8620927,42048989.81657417,67.16,0.0,67.35,BID
476,1712608209.6861117,42049079.15546636,67.14,-2.930334221260873e-08,67.35,ASK
477,1712608230.7594311,42049079.15546636,67.14,-0.0,67.35,ASK
478,1712608237.046891,42049168.49435855,67.16,2.93032845581094e-08,67.35,BID
479,1712608260.519317,42049168.49435855,67.16,0.0,67.35,BID
480,1712608272.6868412,42049257.83325074,67.14,-2.930322689155093e-08,67.35,ASK
481,1712608290.58868,42049257.83325074,67.14,-0.0,67.35,ASK
482,1712608301.8311882,42049347.17214293,67.16,2.9303169239949173e-08,67.35,BID
483,1712608320.73817,42049347.17214293,67.16,0.0,67.35,BID
484,1712608336.00607,42049436.51103512,67.14,-2.93031115714008e-08,67.35,ASK
485,1712608345.0055175,42049552.81210877,67.14,-3.814669348788577e-08,67.35,ASK
486,1712608350.7659197,42049552.81210877,67.14,-0.0,67.35,ASK
487,1712608365.086243,42049696.25009961,67.14,-4.7047375578644e-08,67.35,ASK
488,1712608367.7958882,42049785.5889918,67.16,2.9302978870519332e-08,67.35,BID
489,1712608380.5336075,42049785.5889918,67.16,0.0,67.35,BID
490,1712608410.556128,42049785.5889918,67.16,0.0,67.35,BID
491,1712608440.5354102,42049785.5889918,67.16,0.0,67.35,BID
492,1712608441.9556148,42049874.92788399,67.14,-2.9302828642276082e-08,67.35,ASK
493,1712608467.225548,42049964.26677618,67.16,2.9302828642276082e-08,67.35,BID
494,1712608470.589949,42049964.26677618,67.16,0.0,67.35,BID
495,1712608500.5606325,42049964.26677618,67.16,0.0,67.35,BID
496,1712608508.9654677,42050053.60566837,67.14,-2.9302713325260465e-08,67.35,ASK
497,1712608530.5151742,42050053.60566837,67.14,-0.0,67.35,ASK
498,1712608535.175005,42050142.94456056,67.16,2.9302655673235723e-08,67.35,BID
499,1712608560.7332177,42050142.94456056,67.16,0.0,67.35,BID
500,1712608590.7220757,42050142.94456056,67.16,0.0,67.35,BID
501,1712608620.4778223,42050142.94456056,67.16,0.0,67.35,BID
502,1712608643.6366122,42050232.28345275,67.14,-2.9302598009152468e-08,67.35,ASK
503,1712608650.5410717,42050232.28345275,67.14,-0.0,67.35,ASK
504,1712608666.0550249,42050338.0115958,67.14,-3.467810158541316e-08,67.35,ASK
505,1712608669.6848156,42050427.35048799,67.16,2.9302540360025213e-08,67.35,BID
506,1712608680.787667,42050427.35048799,67.16,0.0,67.35,BID
507,1712608710.7448616,42050427.35048799,67.16,0.0,67.35,BID
508,1712608714.425247,42050516.68938018,67.14,-2.9302414467190253e-08,67.35,ASK
509,1712608716.8652174,42050963.38384116,67.16,1.4651207235550108e-07,67.35,BID
510,1712608725.4555366,42054164.34440911,67.16,1.0498884747960784e-06,67.35,BID
511,1712608739.4916313,42054253.6833013,67.16,2.9302414469633976e-08,67.35,BID
512,1712608740.5347977,42054253.6833013,67.16,0.0,67.35,BID
513,1712608770.483927,42054253.6833013,67.16,0.0,67.35,BID
514,1712608800.4235387,42076739.81962563,67.16,7.374644338092701e-06,67.35,BID
515,1712608800.5927994,42076739.81962563,67.16,0.0,67.35,BID
516,1712608809.956464,42076829.15851782,67.14,-2.928944935126613e-08,67.35,ASK
517,1712608830.4928036,42076829.15851782,67.14,-0.0,67.35,ASK
518,1712608838.9964554,42076918.49741001,67.16,2.92893917514212e-08,67.35,BID
519,1712608860.750475,42076918.49741001,67.16,0.0,67.35,BID
520,1712608875.3668356,42077007.8363022,67.14,-2.9289334139530774e-08,67.35,ASK
521,1712608890.707832,42077007.8363022,67.14,-0.0,67.35,ASK
522,1712608920.5723174,42077007.8363022,67.14,-0.0,67.35,ASK
523,1712608937.0972147,42077097.17519439,67.16,2.928927654258161e-08,67.35,BID
524,1712608950.5612953,42077097.17519439,67.16,0.0,67.35,BID
525,1712608978.5272806,42077186.51408658,67.14,-2.92892189287018e-08,67.35,ASK
526,1712608980.7722893,42077186.51408658,67.14,-0.0,67.35,ASK
527,1712609002.4475856,42077275.85297877,67.16,2.9289161332205743e-08,67.35,BID
528,1712609010.7554898,42077275.85297877,67.16,0.0,67.35,BID
529,1712609040.512937,42077275.85297877,67.16,0.0,67.35,BID
530,1712609043.7504182,42077365.19187096,67.14,-2.928910371633657e-08,67.35,ASK
531,1712609070.5662613,42077365.19187096,67.14,-0.0,67.35,ASK
532,1712609071.6686587,42077454.53076315,67.16,2.9289046122736252e-08,67.35,BID
533,1712609100.5976458,42077454.53076315,67.16,0.0,67.35,BID
534,1712609109.8582025,42077543.86965534,67.14,-2.928898850976293e-08,67.35,ASK
535,1712609110.1801314,42080521.83272859,67.16,9.762996170547917e-07,67.35,BID
536,1712609114.148235,42083494.52919252,67.16,9.745730044249031e-07,67.35,BID
537,1712609114.1541722,42085521.83272859,67.16,6.646340526165377e-07,67.35,BID
538,1712609114.2698328,42100411.64809459,67.16,4.8814980851982365e-06,67.35,BID
539,1712609130.520533,42100411.64809459,67.16,0.0,67.35,BID
540,1712609139.3778324,42100500.98698678,67.16,2.9274191421745688e-08,67.35,BID
541,1712609160.5383914,42100500.98698678,67.16,0.0,67.35,BID
542,1712609190.4993856,42100500.98698678,67.16,0.0,67.35,BID
543,1712609206.618029,42100590.32587897,67.14,-2.927413386719733e-08,67.35,ASK
544,1712609220.7629526,42100590.32587897,67.14,-0.0,67.35,ASK
545,1712609238.8481095,42100679.66477116,67.16,2.927407633001472e-08,67.35,BID
546,1712609250.769162,42100679.66477116,67.16,0.0,67.35,BID
547,1712609280.5656009,42100679.66477116,67.16,0.0,67.35,BID
548,1712609284.289625,42100754.26274614,67.16,2.44438056773552e-08,67.35,BID
549,1712609284.295603,42100828.7608874,67.25,2.4411092778130257e-08,67.35,BID
550,1712609284.300353,42101971.64691904,67.16,3.744938663137714e-07,67.35,BID
551,1712609284.3030891,42102046.16722247,67.23,2.4418354741446453e-08,67.35,BID
552,1712609284.3057878,42102120.72079389,67.2,2.442925579173736e-08,67.35,BID
553,1712609284.308586,42103655.34940528,67.25,5.028576657030526e-07,67.35,BID
554,1712609310.548129,42103655.34940528,67.25,0.0,67.35,BID
555,1712609310.99887,42103744.68829747,67.14,-2.9272100435548366e-08,67.35,ASK
556,1712609334.690967,42103833.90762832,67.25,2.92329258767958e-08,67.35,BID
557,1712609340.8019378,42103833.90762832,67.25,0.0,67.35,BID
558,1712609370.7743545,42103833.90762832,67.25,0.0,67.35,BID
559,1712609379.9682326,42103923.12695917,67.14,-2.9232810955509764e-08,67.35,ASK
560,1712609400.5768003,42103923.12695917,67.14,-0.0,67.35,ASK
561,1712609402.3988109,42104012.34629002,67.25,2.9232753583090703e-08,67.35,BID
562,1712609430.5546672,42104012.34629002,67.25,0.0,67.35,BID
563,1712609460.728528,42104012.34629002,67.25,0.0,67.35,BID
564,1712609474.8287797,42104101.56562087,67.14,-2.9232696112013943e-08,67.35,ASK
565,1712609490.732028,42104101.56562087,67.14,-0.0,67.35,ASK
566,1712609503.128872,42104388.49834778,67.25,9.401326672332209e-08,67.35,BID
567,1712609504.2102056,42104477.69115289,67.27,2.9223947602554083e-08,67.35,BID
568,1712609507.3385754,42104553.34655289,67.25,-2.478842820005061e-08,67.35,ASK
569,1712609520.552545,42104553.34655289,67.25,-0.0,67.35,ASK
570,1712609541.8587751,42104642.539358,67.14,-2.9223656669582444e-08,67.35,ASK
571,1712609550.560483,42104642.539358,67.14,-0.0,67.35,ASK
572,1712609566.948573,42104731.73216311,67.27,2.9223599333091682e-08,67.35,BID
573,1712609576.6990752,42105475.00553905,67.27,2.4352999444731295e-07,67.35,BID
574,1712609580.721388,42105475.00553905,67.27,0.0,67.35,BID
575,1712609581.2622044,42106061.64208763,67.27,1.9220515467048653e-07,67.35,BID
576,1712609581.2690322,42107061.64208763,67.29,3.276392429625248e-07,67.35,BID
577,1712609581.2728834,42107166.20838295,67.3,3.4260021837485424e-08,67.35,BID
578,1712609581.2760234,42108166.20838295,67.33,3.276392429625248e-07,67.35,BID
579,1712609581.279169,42108240.68437521,67.27,2.440125772372361e-08,67.35,BID
580,1712609581.2826777,42108315.13823165,67.29,2.4394005159117344e-08,67.35,BID
581,1712609581.2858438,42108389.58102511,67.3,2.439038049282412e-08,67.35,BID
582,1712609581.2890236,42108463.99064934,67.33,2.43795129531019e-08,67.35,BID
583,1712609581.2922225,42109463.99064934,67.34,3.276392429625248e-07,67.35,BID
584,1712609581.295417,42110463.99064934,67.35,3.276392429625248e-07,67.35,BID
585,1712609581.2988915,42110538.38922373,67.34,2.4375892590472545e-08,67.35,BID
586,1712609581.302081,42110830.83294591,67.35,9.581603974453305e-08,67.35,BID
587,1712609581.3052895,42118173.76842187,67.37,2.405833820466324e-06,67.37,BID
588,1712609581.3085294,42118248.14490643,67.36,2.4368655094792536e-08,67.37,BID
589,1712609581.3117678,42118322.53243426,67.35,2.4372273304369417e-08,67.37,BID
590,1712609581.3149922,42119322.53243426,67.37,3.276392429625248e-07,67.37,BID
591,1712609581.3182158,42120322.53243426,67.36,3.276392429625248e-07,67.37,BID
592,1712609601.008645,42120398.64047783,67.27,-2.493598177743652e-08,67.37,ASK
593,1712609603.1266885,42120474.34182857,67.37,2.4802733248050768e-08,67.37,BID
594,1712609610.7703564,42120474.34182857,67.37,0.0,67.37,BID
595,1712609631.922439,42132071.62548598,67.37,3.798467991953903e-06,67.37,BID
596,1712609640.5251677,42132071.62548598,67.37,0.0,67.37,BID
597,1712609643.5788732,42132160.81829109,67.27,-2.9205919995548066e-08,67.37,ASK
598,1712609670.536727,42132160.81829109,67.27,-0.0,67.37,ASK
599,1712609700.7906592,42132160.81829109,67.27,-0.0,67.37,ASK
600,1712609703.2089305,42132175.51107827,67.38,4.8139639619510106e-09,67.38,BID
601,1712609703.214343,42132249.8654861,67.38,2.4361575198947327e-08,67.38,BID
602,1712609730.7543766,42132249.8654861,67.38,0.0,67.38,BID
603,1712609735.618615,42132338.91268111,67.27,-2.9175481806340786e-08,67.38,ASK
604,1712609760.5404208,42132338.91268111,67.27,-0.0,67.38,ASK
605,1712609790.5030584,42132338.91268111,67.27,-0.0,67.38,ASK
606,1712609799.0412931,42132427.95987612,67.38,2.917542454564131e-08,67.38,BID
607,1712609820.729082,42132427.95987612,67.38,0.0,67.38,BID
608,1712609841.0048125,42132517.00707113,67.27,-2.9175367191534385e-08,67.38,ASK
609,1712609850.7307596,42132517.00707113,67.27,-0.0,67.38,ASK
610,1712609868.4000547,42132606.05426614,67.38,2.9175309931284814e-08,67.38,BID
611,1712609880.599654,42132606.05426614,67.38,0.0,67.38,BID
612,1712609892.5886152,42135449.33431801,67.38,9.315668354639536e-07,67.38,BID
613,1712609904.8526642,42135538.38151302,67.27,-2.9175252577628506e-08,67.38,ASK
614,1712609910.5574868,42135538.38151302,67.27,-0.0,67.38,ASK
615,1712609933.0785158,42135627.42870803,67.38,2.9173364139305847e-08,67.38,BID
616,1712609940.6465895,42135627.42870803,67.38,0.0,67.38,BID
617,1712609970.5420551,42135627.42870803,67.38,0.0,67.38,BID
618,1712609973.428691,42135716.47590304,67.27,-2.9173306793299468e-08,67.38,ASK
619,1712610000.725122,42135716.47590304,67.27,-0.0,67.38,ASK
620,1712610004.0892465,42135805.52309805,67.38,2.9180612302861098e-08,67.38,BID
621,1712610030.61393,42135805.52309805,67.38,0.0,67.38,BID
622,1712610043.5996482,42135894.57029306,67.27,-2.918055492835581e-08,67.38,ASK
623,1712610060.7641065,42135894.57029306,67.27,-0.0,67.38,ASK
624,1712610071.259132,42135983.61748807,67.38,2.9180497647741305e-08,67.38,BID
625,1712610090.7264516,42135983.61748807,67.38,0.0,67.38,BID
626,1712610101.2789967,42146451.58371176,67.27,-3.4303142636143896e-06,67.38,ASK
627,1712610101.2836075,42152960.42744282,67.27,-2.132924296199192e-06,67.38,ASK
628,1712610105.1139183,42153049.47463783,67.27,-2.9180440273686885e-08,67.38,ASK
629,1712610120.5882373,42153049.47463783,67.27,-0.0,67.38,ASK
630,1712610135.5755098,42153138.52183284,67.38,2.9169466661227626e-08,67.38,BID
631,1712610150.5557945,42153138.52183284,67.38,0.0,67.38,BID
632,1712610180.7267878,42153138.52183284,67.38,0.0,67.38,BID
633,1712610204.2778378,42153227.56902785,67.27,-2.916940933054273e-08,67.38,ASK
634,1712610210.767861,42153227.56902785,67.27,-0.0,67.38,ASK
635,1712610212.7188756,42157687.20928354,67.27,-1.4608524930504738e-06,67.38,ASK
636,1712610233.0683105,42157776.25647855,67.38,2.9169352093676826e-08,67.38,BID
637,1712610240.5650315,42157776.25647855,67.38,0.0,67.38,BID
638,1712610264.8083966,42157865.30367356,67.27,-2.916642853901659e-08,67.38,ASK
639,1712610270.545822,42157865.30367356,67.27,-0.0,67.38,ASK
640,1712610295.8941343,42157954.35086857,67.38,2.916637131384802e-08,67.38,BID
641,1712610300.7389169,42157954.35086857,67.38,0.0,67.38,BID
642,1712610330.7753916,42157954.35086857,67.38,0.0,67.38,BID
643,1712610360.515906,42157954.35086857,67.38,0.0,67.38,BID
644,1712610381.730387,42165374.95045301,67.38,2.431433252147134e-06,67.38,BID
645,1712610390.547157,42165374.95045301,67.38,0.0,67.38,BID
646,1712610394.8383796,42165463.99764802,67.27,-2.91724197079135e-08,67.38,ASK
647,1712610415.2800393,42170463.99764802,67.27,-1.6380313666631714e-06,67.38,ASK
648,1712610420.7368338,42170463.99764802,67.27,-0.0,67.38,ASK
649,1712610423.1540763,42170553.04484303,67.38,2.9169148306294984e-08,67.38,BID
650,1712610450.79646,42170553.04484303,67.38,0.0,67.38,BID
651,1712610463.6416924,42170642.09203804,67.27,-2.916909097686149e-08,67.38,ASK
652,1712610480.567667,42170642.09203804,67.27,-0.0,67.38,ASK
653,1712610487.007772,42215301.64239031,67.27,-1.4629050706757124e-05,67.38,ASK
654,1712610488.8886826,42215390.83519542,67.27,2.9216730987226253e-08,67.38,BID
655,1712610510.593886,42215390.83519542,67.27,0.0,67.38,BID
656,1712610530.9184084,42215480.02800053,67.25,-2.9187949869202437e-08,67.38,ASK
657,1712610540.76816,42215480.02800053,67.25,-0.0,67.38,ASK
658,1712610556.1079514,42215569.23406654,67.26,2.9192232136661324e-08,67.38,BID
659,1712610570.779975,42215569.23406654,67.26,0.0,67.38,BID
660,1712610576.1981497,42215643.57245488,67.26,2.4326812349335905e-08,67.38,BID
661,1712610600.5791204,42215643.57245488,67.26,0.0,67.38,BID
662,1712610630.5308795,42215643.57245488,67.26,0.0,67.38,BID
663,1712610649.2386556,42216077.94245488,67.25,-1.421685171285845e-07,67.38,ASK
664,1712610649.2444415,42216513.18935488,67.25,-1.4245552491444685e-07,67.38,ASK
665,1712610649.255469,42221006.93784977,67.25,-1.4707957728658014e-06,67.38,ASK
666,1712610649.2581108,42228348.46954977,67.25,-2.402870076731961e-06,67.38,ASK
667,1712610649.2607574,42229668.84769203,67.13,-4.321573831803321e-07,67.38,ASK
668,1712610649.263443,42234744.44979203,67.25,-1.6612354077946855e-06,67.38,ASK
669,1712610649.266103,42253914.46045227,67.13,-6.27430989450564e-06,67.38,ASK
670,1712610660.775922,42253914.46045227,67.13,-0.0,67.38,ASK
671,1712610661.288924,42254003.66651828,67.13,-2.9172433826977974e-08,67.38,ASK
672,1712610690.888655,42254003.66651828,67.13,-0.0,67.38,ASK
673,1712610691.9490666,42254092.87258429,67.26,2.9172376699822352e-08,67.38,BID
674,1712610720.5718348,42254092.87258429,67.26,0.0,67.38,BID
675,1712610750.530492,42254092.87258429,67.26,0.0,67.38,BID
676,1712610762.3681636,42254372.16957485,67.26,9.133617697711609e-08,67.38,BID
677,1712610780.7870946,42254372.16957485,67.26,0.0,67.38,BID
678,1712610794.3779504,42254461.37564086,67.13,-2.9172140247449945e-08,67.38,ASK
679,1712610810.744906,42254461.37564086,67.13,-0.0,67.38,ASK
680,1712610821.520705,42254550.58170687,67.26,2.9172083116571187e-08,67.38,BID
681,1712610840.5152438,42254550.58170687,67.26,0.0,67.38,BID
682,1712610841.5082684,42256036.60646136,67.26,4.85957452609219e-07,67.38,BID
683,1712610856.1785572,42256125.81252737,67.13,-2.917202588015822e-08,67.38,ASK
684,1712610870.525252,42256125.81252737,67.13,-0.0,67.38,ASK
685,1712610882.2782617,42257612.58029424,67.26,4.861835880777792e-07,67.38,BID
686,1712610885.248781,42257701.78636025,67.26,2.9171015284861665e-08,67.38,BID
687,1712610900.5704496,42257701.78636025,67.26,0.0,67.38,BID
688,1712610923.958691,42257790.99242626,67.13,-2.91701248137016e-08,67.38,ASK
689,1712610930.5341463,42257790.99242626,67.13,-0.0,67.38,ASK
690,1712610960.7391665,42257790.99242626,67.13,-0.0,67.38,ASK
691,1712610975.2026424,42258087.99272326,67.26,9.711804539199545e-08,67.38,BID
692,1712610980.3591726,42258181.61682679,67.26,3.0614750316844704e-08,67.38,BID
693,1712610988.2887874,42258270.8228928,67.26,2.9170067693152783e-08,67.38,BID
694,1712610990.7754824,42258270.8228928,67.26,0.0,67.38,BID
695,1712611020.598371,42258270.8228928,67.26,0.0,67.38,BID
696,1712611023.3694162,42258332.16679354,67.13,-2.0059026624842467e-08,67.38,ASK
697,1712611023.37685,42258360.02895881,67.13,-9.110733231474718e-09,67.38,ASK
698,1712611047.2695706,42258449.23502482,67.26,2.91697598538809e-08,67.38,BID
699,1712611050.5961788,42258449.23502482,67.26,0.0,67.38,BID
700,1712611080.7372272,42258449.23502482,67.26,0.0,67.38,BID
701,1712611095.28944,42260324.86396014,67.13,-6.133151431620948e-07,67.38,ASK
702,1712611095.2982843,42300306.00144375,67.13,-1.3073501158870144e-05,67.38,ASK
703,1712611110.7441094,42300306.00144375,67.13,-0.0,67.38,ASK
704,1712611123.0489218,42310770.19304848,67.13,-3.418563113465218e-06,67.38,ASK
705,1712611123.7389803,42310859.39911449,67.13,-2.914286915671005e-08,67.38,ASK
706,1712611140.561535,42310859.39911449,67.13,-0.0,67.38,ASK
707,1712611148.448943,42310948.61844534,67.25,2.914045826748384e-08,67.38,BID
708,1712611170.5784228,42310948.61844534,67.25,0.0,67.38,BID
709,1712611200.619383,42310948.61844534,67.25,0.0,67.38,BID
710,1712611230.492414,42310948.61844534,67.25,0.0,67.38,BID
711,1712611260.7851455,42310948.61844534,67.25,0.0,67.38,BID
712,1712611290.7615185,42310948.61844534,67.25,0.0,67.38,BID
713,1712611320.5330207,42310948.61844534,67.25,0.0,67.38,BID
714,1712611320.6488872,42311037.83777619,67.15,-2.91404487521814e-08,67.38,ASK
715,1712611322.0292168,42311186.53666094,67.25,4.8567414583724345e-08,67.38,BID
716,1712611348.223708,42311275.75599179,67.25,2.914044874974792e-08,67.38,BID
717,1712611350.5744524,42311275.75599179,67.25,0.0,67.38,BID
718,1712611380.748376,42311275.75599179,67.25,0.0,67.38,BID
719,1712611410.759043,42311275.75599179,67.25,0.0,67.38,BID
720,1712611440.5641184,42311275.75599179,67.25,0.0,67.38,BID
721,1712611454.5799675,42311286.53666094,67.15,-3.52111226923624e-09,67.38,ASK
722,1712611454.583634,42311364.97532264,67.15,-2.561912717924304e-08,67.38,ASK
723,1712611470.5525453,42311364.97532264,67.15,-0.0,67.38,ASK
724,1712611481.919374,42311454.20792228,67.24,2.9144516183558338e-08,67.38,BID
725,1712611500.7224014,42311454.20792228,67.24,0.0,67.38,BID
726,1712611520.3340707,42311472.958856,67.15,-6.133511025997423e-09,67.38,ASK
727,1712611520.3402116,42311543.44052192,67.15,-2.3054855904673844e-08,67.38,ASK
728,1712611530.8385231,42311543.44052192,67.15,-0.0,67.38,ASK
729,1712611550.6193318,42311632.67312156,67.24,2.9188309721618088e-08,67.38,BID
730,1712611560.5188358,42311632.67312156,67.24,0.0,67.38,BID
731,1712611586.5997093,42311721.9057212,67.15,-2.918825243855041e-08,67.38,ASK
732,1712611590.569745,42311721.9057212,67.15,-0.0,67.38,ASK
733,1712611604.340593,42341763.92917351,67.25,9.826817207036588e-06,67.38,BID
734,1712611604.347184,42409444.66021261,67.24,2.2138527833047693e-05,67.38,BID
735,1712611604.3535905,42417317.33917844,67.25,2.5751719836618568e-06,67.38,BID
736,1712611614.120733,42417406.55850929,67.25,2.9183854974420143e-08,67.38,BID
737,1712611620.7698944,42417406.55850929,67.25,0.0,67.38,BID
738,1712611650.762505,42417406.55850929,67.25,0.0,67.38,BID
739,1712611650.8792024,42417495.77784014,67.16,-2.9116171783572083e-08,67.38,ASK
740,1712611677.559388,42417584.99717099,67.25,2.911617178600353e-08,67.38,BID
741,1712611680.5694408,42417584.99717099,67.25,0.0,67.38,BID
742,1712611690.879235,42417659.34661336,67.25,2.4263381530643152e-08,67.38,BID
743,1712611710.5733206,42417659.34661336,67.25,0.0,67.38,BID
744,1712611740.7812014,42417659.34661336,67.25,0.0,67.38,BID
745,1712611748.1510274,42417748.56594421,67.16,-2.911601032878903e-08,67.38,ASK
746,1712611767.1094484,42418164.92282153,67.25,1.3587471487821838e-07,67.38,BID
747,1712611770.7600584,42418164.92282153,67.25,0.0,67.38,BID
748,1712611777.329329,42418254.14215238,67.25,2.911568734829955e-08,67.38,BID
749,1712611800.890463,42418254.14215238,67.25,0.0,67.38,BID
750,1712611830.750211,42418254.14215238,67.25,0.0,67.38,BID
751,1712611846.4493952,42418343.36148323,67.16,-2.9116827108038844e-08,67.38,ASK
752,1712611860.536558,42418343.36148323,67.16,-0.0,67.38,ASK
753,1712611871.3433218,42418432.58081408,67.25,2.9116770168167746e-08,67.38,BID
754,1712611890.5572102,42418432.58081408,67.25,0.0,67.38,BID
755,1712611920.7671752,42418432.58081408,67.25,0.0,67.38,BID
756,1712611924.6198847,42495756.00088843,67.25,2.5234484736224338e-05,67.38,BID
757,1712611924.6259062,42511308.21256725,67.25,5.0754615852001e-06,67.38,BID
758,1712611933.9394608,42511754.37556547,67.25,-1.456052171214175e-07,67.38,ASK
759,1712611945.199792,42511843.59489632,67.25,-2.9116713154650365e-08,67.38,ASK
760,1712611947.74957,42515918.21002784,67.26,1.329749941785336e-06,67.38,BID
761,1712611947.7562475,42515992.69709296,67.26,2.430884078665989e-08,67.38,BID
762,1712611947.8331132,42543858.86822077,67.27,9.094120116590885e-06,67.38,BID
763,1712611947.8381054,42551430.27730238,67.27,2.4709280411786307e-06,67.38,BID
764,1712611950.770441,42551430.27730238,67.27,0.0,67.38,BID
765,1712611980.5224197,42551430.27730238,67.27,0.0,67.38,BID
766,1712612003.1196918,42551444.97881708,67.34,4.783871941934349e-09,67.38,BID
767,1712612003.1256647,42551519.43267352,67.29,2.42272801073158e-08,67.38,BID
768,1712612010.6327186,42551519.43267352,67.29,0.0,67.38,BID
769,1712612022.7696016,42554333.74850564,67.29,-9.157764032129828e-07,67.38,ASK
770,1712612040.7454026,42554333.74850564,67.29,-0.0,67.38,ASK
771,1712612065.059613,42572531.42712614,67.26,-5.921147017760606e-06,67.38,ASK
772,1712612065.0648842,42597333.74850564,67.25,-8.070160723923068e-06,67.38,ASK
773,1712612070.7487838,42597333.74850564,67.25,-0.0,67.38,ASK
774,1712612071.0190375,42599266.45467958,67.25,-6.28271297604833e-07,67.38,ASK
775,1712612100.5053124,42599266.45467958,67.25,-0.0,67.38,ASK
776,1712612112.4095016,42599355.61005072,67.16,-2.900133221213306e-08,67.38,ASK
777,1712612130.5956223,42599355.61005072,67.16,-0.0,67.38,ASK
778,1712612136.5997305,42599444.84265036,67.24,2.9026397317376163e-08,67.38,BID
779,1712612160.7506697,42599444.84265036,67.24,0.0,67.38,BID
780,1712612190.793102,42599444.84265036,67.24,0.0,67.38,BID
781,1712612210.0020852,42599534.07525,67.16,-2.902634066565245e-08,67.38,ASK
782,1712612214.759507,42607287.84579895,67.16,-2.5222125804814494e-06,67.38,ASK
783,1712612214.767269,42607362.30579895,67.16,-2.422098352786628e-08,67.38,ASK
784,1712612220.5374308,42607362.30579895,67.16,-0.0,67.38,ASK
785,1712612226.579038,42623741.10270186,67.16,5.326913291222868e-06,67.38,BID
786,1712612226.719124,42626014.99818336,67.16,7.395441884456094e-07,67.38,BID
787,1712612235.4293077,42628159.04669256,67.16,6.973137629315561e-07,67.38,BID
788,1712612237.939411,42628248.2792922,67.24,2.9021320911514272e-08,67.38,BID
789,1712612250.543362,42628248.2792922,67.24,0.0,67.38,BID
790,1712612275.3292537,42628337.51189184,67.16,-2.9008087237804648e-08,67.38,ASK
791,1712612280.7609582,42628337.51189184,67.16,-0.0,67.38,ASK
792,1712612294.4094164,42630273.18788946,67.16,-6.292560010545549e-07,67.38,ASK
793,1712612301.2236168,42630362.43376183,67.23,2.9012345468939743e-08,67.38,BID
794,1712612310.7656226,42630362.43376183,67.23,0.0,67.38,BID
795,1712612311.0365157,42631263.46108638,67.16,-2.928960146695702e-07,67.38,ASK
796,1712612311.449515,42634282.54598911,67.16,-9.81410787293833e-07,67.38,ASK
797,1712612340.524269,42634282.54598911,67.16,-0.0,67.38,ASK
798,1712612342.1595592,42634371.79186148,67.16,-2.900858022596237e-08,67.38,ASK
799,1712612350.571448,42634392.89430911,67.23,6.859163664905792e-09,67.38,BID
800,1712612353.6095812,42634799.45346346,67.24,1.3214845159951652e-07,67.38,BID
1001,1712612353.6211329,42634873.96268416,67.24,2.421856214700825e-08,67.38,BID
801,1712612353.6211329,42634873.96268416,67.24,2.4218562147008252e-08,67.38,BID
802,1712612356.96956,42638873.96268416,67.29,1.300164565836951e-06,67.38,BID
803,1712612356.976759,42638948.4165406,67.29,2.4200566482779223e-08,67.38,BID
804,1712612361.7019353,42640722.9554406,67.29,-5.767981496207424e-07,67.38,ASK
805,1712612370.545046,42640722.9554406,67.29,-0.0,67.38,ASK
806,1712612400.5595937,42640722.9554406,67.29,-0.0,67.38,ASK
807,1712612402.141719,42640797.39823406,67.3,2.441305304092861e-08,67.38,BID
808,1712612402.145674,42640812.10193226,67.33,4.821986753413701e-09,67.38,BID
809,1712612430.568971,42640812.10193226,67.33,0.0,67.38,BID
810,1712612439.3531704,42640994.4836009,67.3,5.981082093239706e-08,67.38,BID
811,1712612460.7395816,42640994.4836009,67.3,0.0,67.38,BID
812,1712612490.7518363,42640994.4836009,67.3,0.0,67.38,BID
813,1712612510.28915,42641083.63009256,67.18,-2.923486459402529e-08,67.38,ASK
814,1712612511.4693673,42641201.24842392,67.3,3.85719721205821e-08,67.38,BID
815,1712612520.561467,42641201.24842392,67.3,0.0,67.38,BID
816,1712612543.6994,42642569.5141936,67.3,-4.487095494170501e-07,67.38,ASK
817,1712612543.708756,42642718.1026037,67.3,-4.8728134562264654e-08,67.38,ASK
818,1712612550.527733,42642718.1026037,67.3,-0.0,67.38,ASK
819,1712612568.6172304,42642756.63928464,67.3,1.26373094018789e-08,67.38,BID
820,1712612568.622261,42642807.24061222,67.32,1.6593661339059243e-08,67.38,BID
821,1712612574.7919664,42650956.45579692,67.32,2.672366979931008e-06,67.38,BID
822,1712612580.7628334,42650956.45579692,67.32,0.0,67.38,BID
823,1712612595.3994043,42651156.45579692,67.33,6.557394744983398e-08,67.38,BID
824,1712612595.405851,42654883.31534132,67.33,1.2219244595882517e-06,67.38,BID
825,1712612606.6990817,42655598.96707794,67.33,-2.346405468465569e-07,67.38,ASK
826,1712612608.808925,42655688.10508646,67.33,-2.9225655432369012e-08,67.38,ASK
1026,1712612608.808925,42655688.10508646,67.33,-2.922565543236901e-08,67.38,ASK
827,1712612610.7421129,42655688.10508646,67.33,-0.0,67.38,ASK
828,1712612617.9391685,42673234.78640734,67.33,-5.7524249340478525e-06,67.38,ASK
829,1712612636.9391775,42673323.89972978,67.33,2.9214510060904197e-08,67.38,BID
1029,1712612636.9391775,42673323.89972978,67.33,2.9214510060904193e-08,67.38,BID
830,1712612637.0189204,42693228.83139924,67.32,-6.5255431014004204e-06,67.38,ASK
831,1712612637.1189544,42694883.53778333,67.32,-5.424714843973194e-07,67.38,ASK
832,1712612639.5954924,42694957.8285898,67.33,2.4355163216562e-08,67.38,BID
833,1712612640.6223414,42694957.8285898,67.33,0.0,67.38,BID
834,1712612644.669925,42697920.51435878,67.33,9.70432442742251e-07,67.38,BID
835,1712612644.6782155,42709810.04899675,67.33,3.894436008900457e-06,67.38,BID
836,1712612670.523877,42709810.04899675,67.33,0.0,67.38,BID
837,1712612671.829172,42709899.16231918,67.18,-2.9179652866480108e-08,67.38,ASK
838,1712612671.8373666,42709899.16231919,67.32,-2.439650430788641e-18,67.38,ASK
839,1712612688.1592517,42710050.12850276,67.19,-4.943302202814807e-08,67.38,ASK
840,1712612697.8590274,42710139.25506247,67.32,2.9183987337288534e-08,67.38,BID
841,1712612700.2934723,42710228.38162218,67.32,2.9183987337288534e-08,67.38,BID
842,1712612700.6142068,42710228.38162218,67.32,0.0,67.38,BID
843,1712612706.869147,42710813.89699159,67.19,-1.9255705760173585e-07,67.38,ASK
844,1712612707.649313,42747707.07943742,67.19,-1.2132973835542688e-05,67.38,ASK
845,1712612707.6571298,42755170.41439672,67.19,-2.454449353075241e-06,67.38,ASK
846,1712612730.5349596,42755170.41439672,67.19,-0.0,67.38,ASK
847,1712612759.7898602,42757928.4597947,67.32,9.061320307838648e-07,67.38,BID
848,1712612759.8891828,42770024.84101584,67.32,-3.974161733909595e-06,67.38,ASK
849,1712612760.790861,42770024.84101584,67.32,-0.0,67.38,ASK
850,1712612775.9295044,42770024.84101585,67.32,-4.8940401115188596e-18,67.38,ASK
1050,1712612775.9295044,42770024.84101585,67.32,-4.89404011151886e-18,67.38,ASK
851,1712612775.9367938,42770113.96757555,67.2,-2.927214547141056e-08,67.38,ASK
852,1712612790.7623188,42770113.96757555,67.2,-0.0,67.38,ASK
853,1712612803.229202,42770203.08089799,67.33,2.9267740339827032e-08,67.38,BID
854,1712612820.5081902,42770203.08089799,67.33,0.0,67.38,BID
1055,1712612835.189098,42770292.19422043,67.2,-2.926768266746764e-08,67.38,ASK
855,1712612835.189098,42770292.19422043,67.2,-2.9267682667467642e-08,67.38,ASK
856,1712612844.5424185,42773005.42526949,67.2,-8.911123855482209e-07,67.38,ASK
857,1712612844.7192338,42785363.48858169,67.2,4.058785661729093e-06,67.38,BID
858,1712612844.8860433,42791329.28474956,67.2,1.959359434828742e-06,67.38,BID
859,1712612850.5992367,42791329.28474956,67.2,0.0,67.38,BID
860,1712612863.459325,42791418.42455048,67.31,2.9262734748425865e-08,67.38,BID
861,1712612880.7866964,42791418.42455048,67.31,0.0,67.38,BID
1062,1712612905.014382,42791507.5643514,67.19,-2.926267711047181e-08,67.38,ASK
862,1712612905.014382,42791507.5643514,67.19,-2.9262677110471812e-08,67.38,ASK
863,1712612910.7718909,42791507.5643514,67.19,-0.0,67.38,ASK
1064,1712612929.9496312,42791596.71739746,67.3,2.9266967659731492e-08,67.38,BID
864,1712612929.9496312,42791596.71739746,67.3,2.926696765973149e-08,67.38,BID
865,1712612940.6025248,42791596.71739746,67.3,0.0,67.38,BID
866,1712612970.594072,42791596.71739746,67.3,0.0,67.38,BID
867,1712612999.7095256,42791685.87044352,67.19,-2.926691001611273e-08,67.38,ASK
868,1712613000.6437428,42791685.87044352,67.19,-0.0,67.38,ASK
869,1712613030.5654967,42791685.87044352,67.19,-0.0,67.38,ASK
870,1712613059.7602985,42792430.02880041,67.19,-2.443731301505856e-07,67.38,ASK
871,1712613059.767203,42819548.50050462,67.19,-8.905397290641591e-06,67.38,ASK
1072,1712613059.9396374,42819637.79950744,67.19,2.932477561542785e-08,67.38,BID
872,1712613059.9396374,42819637.79950744,67.19,2.9324775615427852e-08,67.38,BID
873,1712613060.7162905,42819637.79950744,67.19,0.0,67.38,BID
874,1712613090.7876158,42819637.79950744,67.19,0.0,67.38,BID
875,1712613120.561875,42819637.79950744,67.19,0.0,67.38,BID
876,1712613123.7442694,42894053.63519727,67.19,2.442225075320995e-05,67.38,BID
1077,1712613130.39987,42894142.93420009,67.18,-2.930670090333356e-08,67.38,ASK
877,1712613130.39987,42894142.93420009,67.18,-2.9306700903333562e-08,67.38,ASK
878,1712613136.3812585,42903894.42479879,67.18,-3.200304698740566e-06,67.38,ASK
879,1712613150.5546198,42903894.42479879,67.18,-0.0,67.38,ASK
880,1712613152.6598632,42966557.91371216,67.18,-2.052715533110548e-05,67.38,ASK
881,1712613158.8199432,42978613.27909391,67.19,3.949067663730972e-06,67.38,BID
882,1712613160.0129545,42978702.57809673,67.19,2.9252353064167665e-08,67.38,BID
883,1712613180.7770116,42978702.57809673,67.19,0.0,67.38,BID
884,1712613193.208864,42978791.87709955,67.18,-2.9204273551685088e-08,67.38,ASK
885,1712613210.774272,42978791.87709955,67.18,-0.0,67.38,ASK
886,1712613224.0098555,42978881.17610237,67.19,2.92042162546746e-08,67.38,BID
887,1712613240.5378442,42978881.17610237,67.19,0.0,67.38,BID
888,1712613250.209757,42979625.33445926,67.19,2.433679912665971e-07,67.38,BID
889,1712613256.9639769,42979714.63346208,67.18,-2.9204158949360105e-08,67.38,ASK
890,1712613270.564565,42979714.63346208,67.18,-0.0,67.38,ASK
891,1712613281.5663972,42986350.32084917,67.18,-2.1700815698698107e-06,67.38,ASK
892,1712613286.720251,42986439.61985199,67.19,2.9203624119131244e-08,67.38,BID
893,1712613300.7675705,42986439.61985199,67.19,0.0,67.38,BID
894,1712613322.1605875,42986528.91885481,67.18,-2.94257301241899e-08,67.38,ASK
895,1712613330.812939,42986528.91885481,67.18,-0.0,67.38,ASK
896,1712613350.699916,42986618.21785763,67.19,2.9425671954916893e-08,67.38,BID
897,1712613360.5900664,42986618.21785763,67.19,0.0,67.38,BID
898,1712613387.370007,42986707.51686045,67.18,-2.9425613777215192e-08,67.38,ASK
899,1712613390.5133848,42986707.51686045,67.18,-0.0,67.38,ASK
900,1712613420.751082,42986707.51686045,67.18,-0.0,67.38,ASK
901,1712613447.5699277,42986796.81586327,67.19,2.9425555608402172e-08,67.38,BID
1101,1712613447.5699277,42986796.81586327,67.19,2.942555560840217e-08,67.38,BID
902,1712613450.7498722,42986796.81586327,67.19,0.0,67.38,BID
903,1712613480.6074915,42986796.81586327,67.19,0.0,67.38,BID
904,1712613485.5254283,43094304.67824403,67.19,3.542561762683056e-05,67.38,BID
905,1712613510.4781704,43094304.67824403,67.19,0.0,67.38,BID
906,1712613513.8701448,43094393.97724685,67.18,-2.9355623788414658e-08,67.38,ASK
907,1712613540.7878768,43094393.97724685,67.18,-0.0,67.38,ASK
908,1712613542.3109248,43119245.80411782,67.19,8.169625844837738e-06,67.38,BID
909,1712613542.3147736,43139043.47866075,67.19,6.508157104639477e-06,67.38,BID
910,1712613542.3902686,43141169.13392526,67.19,6.987739081047328e-07,67.38,BID
911,1712613542.4180706,43142657.22916335,67.2,4.891866251843774e-07,67.38,BID
912,1712613552.570064,43145638.86184946,67.19,-9.801622866082911e-07,67.38,ASK
913,1712613570.8532844,43145638.86184946,67.19,-0.0,67.38,ASK
914,1712613573.319823,43145728.08118031,67.25,2.929621522120866e-08,67.38,BID
915,1712613585.3209996,43148612.83954462,67.25,9.47244292153229e-07,67.38,BID
916,1712613585.3300982,43150837.34810818,67.25,7.304435150460086e-07,67.38,BID
917,1712613596.6199949,43152116.57859145,67.25,4.200503545186948e-07,67.38,BID
918,1712613601.0154524,43152116.57859145,67.25,0.0,67.38,BID
919,1712613614.2205791,43152205.7979223,67.18,-2.933733581300359e-08,67.38,ASK
920,1712613630.7572875,43152205.7979223,67.18,-0.0,67.38,ASK
921,1712613639.5963013,43152295.01725315,67.25,2.9337277995133934e-08,67.38,BID
922,1712613657.4717996,43152384.46269143,67.18,-2.9411627086646265e-08,67.38,ASK
923,1712613660.5709596,43152384.46269143,67.18,-0.0,67.38,ASK
924,1712613677.0499876,43152473.68202228,67.18,-2.93371621483998e-08,67.38,ASK
925,1712613690.582831,43152473.68202228,67.18,-0.0,67.38,ASK
926,1712613703.9499507,43152562.90135313,67.25,2.9337104326314867e-08,67.38,BID
927,1712613720.7954507,43152562.90135313,67.25,0.0,67.38,BID
928,1712613741.7395823,43152652.12068398,67.18,-2.9337046449111293e-08,67.38,ASK
1128,1712613741.7395823,43152652.12068398,67.18,-2.933704644911129e-08,67.38,ASK
929,1712613750.7447283,43152652.12068398,67.18,-0.0,67.38,ASK
930,1712613753.33296,43156810.05957699,67.18,-1.3672082592357113e-06,67.38,ASK
931,1712613753.3407426,43159810.05957699,67.18,-9.864562426848423e-07,67.38,ASK
932,1712613753.3465674,43159869.71185828,67.16,-1.9614788423557144e-08,67.38,ASK
933,1712613753.3507795,43212597.35974177,67.18,-1.7337839138918887e-05,67.38,ASK
934,1712613753.355142,43212876.17218662,67.15,-9.167875892043249e-08,67.38,ASK
935,1712613769.4304752,43212965.39151747,67.25,2.9336988627482417e-08,67.38,BID
936,1712613780.6133587,43212965.39151747,67.25,0.0,67.38,BID
937,1712613801.100524,43213965.39151747,67.25,3.2838123811714685e-07,67.38,BID
938,1712613801.1094103,43223382.89338753,67.25,3.092530924062795e-06,67.38,BID
939,1712613801.200515,43227835.27999329,67.25,-1.462080226173862e-06,67.38,ASK
940,1712613810.571941,43227835.27999329,67.25,-0.0,67.38,ASK
941,1712613840.7735014,43227835.27999329,67.25,-0.0,67.38,ASK
942,1712613844.116769,43227835.2799933,67.25,-4.891655434350902e-18,67.38,ASK
943,1712613844.1209912,43227924.49932414,67.18,-2.9288336584930915e-08,67.38,ASK
944,1712613870.7629447,43227924.49932414,67.18,-0.0,67.38,ASK
945,1712613900.575673,43227924.49932414,67.18,-0.0,67.38,ASK
946,1712613906.347466,43228013.69212925,67.27,2.9334191025721652e-08,67.38,BID
1146,1712613906.347466,43228013.69212925,67.27,2.933419102572165e-08,67.38,BID
947,1712613909.8702188,43229220.68134375,67.18,-3.9696085511525673e-07,67.38,ASK
948,1712613919.8906095,43229517.99069412,67.27,9.778063676057349e-08,67.38,BID
949,1712613930.558633,43229517.99069412,67.27,0.0,67.38,BID
950,1712613950.3107843,43229607.18349923,67.18,-2.933315794823736e-08,67.38,ASK
1150,1712613950.3107843,43229607.18349923,67.18,-2.9333157948237356e-08,67.38,ASK
951,1712613960.7486482,43229607.18349923,67.18,-0.0,67.38,ASK
952,1712613964.0281544,43230018.99767128,67.27,1.3543453795815293e-07,67.38,BID
953,1712613964.034706,43230527.41022936,67.27,1.6720313328387856e-07,67.38,BID
954,1712613964.038889,43238340.72458616,67.27,2.569587672471963e-06,67.38,BID
955,1712613966.2802231,43240169.26069635,67.27,-6.013560485165296e-07,67.38,ASK
956,1712613971.9826152,43254169.26069635,67.27,-4.604221175782484e-06,67.38,ASK
957,1712613972.4511795,43254243.72561906,67.28,2.4489498142868424e-08,67.38,BID
958,1712613972.4575882,43254258.4402445,67.28,4.8392421462166e-09,67.38,BID
959,1712613986.4701414,43254557.63963098,67.27,-9.839858221433549e-08,67.38,ASK
960,1712613990.6146386,43254707.23932422,67.27,-4.919929110716775e-08,67.38,ASK
961,1712613990.761894,43254707.23932422,67.27,-0.0,67.38,ASK
962,1712614014.9502423,43254796.41887237,67.27,-2.9312463197709792e-08,67.38,ASK
963,1712614020.613305,43254796.41887237,67.27,-0.0,67.38,ASK
964,1712614031.9499643,43256900.12792528,67.27,-6.91467650109375e-07,67.38,ASK
965,1712614050.5941398,43256900.12792528,67.27,-0.0,67.38,ASK
966,1712614066.9510047,43259263.85966179,67.27,-7.768983093940861e-07,67.38,ASK
967,1712614066.9576557,43259320.10043492,67.18,-1.8484907103402225e-08,67.38,ASK
968,1712614071.91899,43259409.27998307,67.28,2.931104199409764e-08,67.38,BID
1168,1712614071.91899,43259409.27998307,67.28,2.9311041994097637e-08,67.38,BID
969,1712614080.774218,43259409.27998307,67.28,0.0,67.38,BID
970,1712614110.8296907,43259409.27998307,67.28,0.0,67.38,BID
971,1712614129.55309,43260305.38580948,67.28,2.9451078209969174e-07,67.38,BID
972,1712614131.5017836,43261305.38580948,67.3,3.286562517736696e-07,67.38,BID
973,1712614131.508328,43261379.81754324,67.31,2.4462454629675945e-08,67.38,BID
974,1712614131.5146508,43261588.2835448,67.3,6.85136546958653e-08,67.38,BID
975,1712614131.5210795,43262784.49680497,67.32,3.93142966408233e-07,67.38,BID
976,1712614131.524638,43262858.93959843,67.3,2.4466089472146525e-08,67.38,BID
977,1712614131.5282743,43263858.93959843,67.31,3.286562517736696e-07,67.38,BID
978,1712614131.5319724,43264315.31339582,67.32,1.4999010165688965e-07,67.38,BID
979,1712614131.5356178,43265561.74959894,67.31,4.096490505931264e-07,67.38,BID
980,1712614131.539292,43266894.75801344,67.33,4.381015490921551e-07,67.38,BID
981,1712614140.494472,43266894.75801344,67.33,0.0,67.38,BID
982,1712614170.5440946,43266894.75801344,67.33,0.0,67.38,BID
983,1712614200.6656787,43266894.75801344,67.33,0.0,67.38,BID
984,1712614208.171094,43267484.97798964,67.28,-1.9428147098272945e-07,67.38,ASK
985,1712614208.1753469,43268227.58900998,67.31,-2.4444371119093324e-07,67.38,ASK
986,1712614208.1794658,43269713.91481259,67.28,-4.892507453788917e-07,67.38,ASK
987,1712614208.1835651,43292135.65025747,67.17,-7.380515604208845e-06,67.38,ASK
988,1712614213.0107262,43292224.82980562,67.18,-2.9355044721163912e-08,67.38,ASK
989,1712614230.553487,43292224.82980562,67.18,-0.0,67.38,ASK
990,1712614240.660437,43292313.95636533,67.32,2.932117799274561e-08,67.38,BID
991,1712614260.8099766,43292313.95636533,67.32,0.0,67.38,BID
992,1712614290.7678423,43292313.95636533,67.32,0.0,67.38,BID
993,1712614292.2706685,43292611.04489772,67.31,9.773706705735788e-08,67.38,BID
994,1712614292.276438,43299002.91957603,67.32,2.1028179008926314e-06,67.38,BID
995,1712614306.5300164,43299092.04613574,67.18,-2.9321120115736696e-08,67.38,ASK
996,1712614320.4830165,43299092.04613574,67.18,-0.0,67.38,ASK
997,1712614334.9603355,43299181.15945818,67.33,2.9312365195817453e-08,67.38,BID
998,1712614350.5956297,43299181.15945818,67.33,0.0,67.38,BID
999,1712614366.710111,43299444.53243366,67.33,8.663204773171427e-08,67.38,BID
1000,1712614371.971156,43299533.6457561,67.2,-2.9312307345002293e-08,67.38,ASK
1201,1712614380.784939,43299533.6457561,67.2,-0.0,67.38,ASK
1202,1712614401.152497,43299622.75907854,67.33,2.931207862852652e-08,67.38,BID
1203,1712614410.7590652,43299622.75907854,67.33,0.0,67.38,BID
1204,1712614436.810483,43299711.87240098,67.2,-2.931202077884247e-08,67.38,ASK
1205,1712614436.9698737,43299821.28072098,67.2,-3.5987648777863765e-08,67.38,ASK
1206,1712614440.6417992,43299821.28072098,67.2,-0.0,67.38,ASK
1207,1712614444.500648,43301714.6188686,67.2,-6.227724663032337e-07,67.38,ASK
1208,1712614452.0957055,43303418.62320146,67.2,-5.60495219675116e-07,67.38,ASK
1209,1712614457.9300888,43306322.27243307,67.2,-9.550923566009946e-07,67.38,ASK
1210,1712614463.8301573,43307048.18474097,67.2,-2.38773089147798e-07,67.38,ASK
1211,1712614464.719816,43307137.31130068,67.32,2.9316246268420183e-08,67.38,BID
1212,1712614470.568848,43307137.31130068,67.32,0.0,67.38,BID
1213,1712614500.5366452,43307137.31130068,67.32,0.0,67.38,BID
1214,1712614500.9242945,43307226.43786039,67.2,-2.9313490647226385e-08,67.38,ASK
1215,1712614530.5385647,43307226.43786039,67.2,-0.0,67.38,ASK
1216,1712614531.3402164,43307315.5644201,67.32,2.9313432901224343e-08,67.38,BID
1217,1712614560.75649,43307315.5644201,67.32,0.0,67.38,BID
1218,1712614564.9098558,43307415.5644201,67.32,3.288960681525498e-08,67.38,BID
1219,1712614566.1799738,43307504.69097981,67.2,-2.9313375057237864e-08,67.38,ASK
1220,1712614590.7853012,43307504.69097981,67.2,-0.0,67.38,ASK
1221,1712614594.799931,43307593.81753952,67.32,2.9313252410966903e-08,67.38,BID
1222,1712614599.8799644,43307686.41260773,67.32,3.0454026444960745e-08,67.38,BID
1223,1712614620.403354,43308132.0454063,67.32,1.4656626205728498e-07,67.38,BID
1224,1712614620.5212498,43308132.0454063,67.32,0.0,67.38,BID
1225,1712614621.8799295,43308280.58967249,67.32,4.885474207675743e-08,67.38,BID
1226,1712614633.2102718,43308369.7162322,67.2,-2.9312845244584204e-08,67.38,ASK
1227,1712614650.5369153,43308369.7162322,67.2,-0.0,67.38,ASK
1228,1712614651.079837,43308666.80476458,67.32,9.770897032651449e-08,67.38,BID
1229,1712614662.809935,43308755.93132429,67.32,2.931269109476881e-08,67.38,BID
1230,1712614669.5300195,43309201.56412286,67.32,1.465634554909969e-07,67.38,BID
1231,1712614680.777819,43309201.56412286,67.32,0.0,67.38,BID
1232,1712614694.171867,43309290.69068257,67.2,-2.9312151230893412e-08,67.38,ASK
1233,1712614702.0802069,43353428.65098372,67.2,-1.4516195527567774e-05,67.38,ASK
1234,1712614702.0837631,43354265.81234126,67.18,-2.7532758358596684e-07,67.38,ASK
1235,1712614702.0899029,43361703.63595554,67.2,-2.446168811332494e-06,67.38,ASK
1236,1712614702.0926297,43362156.16653292,67.18,-1.4882931378296018e-07,67.38,ASK
1237,1712614710.7751198,43362156.16653292,67.18,-0.0,67.38,ASK
1238,1712614740.5288458,43362156.16653292,67.18,-0.0,67.38,ASK
1239,1712614755.8298223,43362245.29309263,67.32,2.927788628306149e-08,67.38,BID
1240,1712614770.5399356,43362245.29309263,67.32,0.0,67.38,BID
1241,1712614780.1499896,43366245.29309263,67.2,-1.3139889465695811e-06,67.38,ASK
1242,1712614800.6029649,43366245.29309263,67.2,-0.0,67.38,ASK
1243,1712614823.5649917,43366334.41965234,67.2,-2.927742874610709e-08,67.38,ASK
1244,1712614826.1905382,43384566.72166405,67.2,-5.98917903653134e-06,67.38,ASK
1245,1712614826.2019725,43389215.56586161,67.17,-1.5271116172973309e-06,67.38,ASK
1246,1712614826.2055357,43397415.38237389,67.19,-2.693580280055437e-06,67.38,ASK
1247,1712614826.208805,43417287.90767904,67.18,-6.527980497697901e-06,67.38,ASK
1248,1712614826.2116864,43428020.88063679,67.17,-3.5257038083788662e-06,67.38,ASK
1249,1712614826.2145147,43442845.59413582,67.19,-4.869810913288935e-06,67.38,ASK
1250,1712614826.217349,43455144.07576445,67.18,-4.039962057673497e-06,67.38,ASK
1251,1712614830.523826,43455144.07576445,67.18,-0.0,67.38,ASK
1252,1712614834.0410724,43455531.09685166,67.17,-1.268846767000053e-07,67.38,ASK
1253,1712614834.0437317,43455897.88248843,67.16,-1.202504940349804e-07,67.38,ASK
1254,1712614850.420891,43455987.00904814,67.32,2.922009959673481e-08,67.38,BID
1255,1712614860.7283,43455987.00904814,67.32,0.0,67.38,BID
1256,1712614883.2816567,43456076.13560785,67.16,-2.9219557107488928e-08,67.38,ASK
1257,1712614890.8508365,43456076.13560785,67.16,-0.0,67.38,ASK
1258,1712614918.8423798,43456176.13560785,67.16,-3.27842787402416e-08,67.38,ASK
1259,1712614920.5165408,43456176.13560785,67.16,-0.0,67.38,ASK
1260,1712614943.4960082,43456265.26216756,67.32,2.9219435430001098e-08,67.38,BID
1261,1712614950.562696,43456265.26216756,67.32,0.0,67.38,BID
1262,1712614980.788726,43456265.26216756,67.32,0.0,67.38,BID
1263,1712614988.7034588,43456354.38872727,67.16,-2.921937795639637e-08,67.38,ASK
1264,1712615009.7945964,43456443.52852819,67.31,2.922371897319589e-08,67.38,BID
1265,1712615010.741966,43456443.52852819,67.31,0.0,67.38,BID
1266,1712615040.5381112,43456443.52852819,67.31,0.0,67.38,BID
1267,1712615057.7150078,43456532.66832911,67.16,-2.92236041413244e-08,67.38,ASK
1268,1712615070.6018624,43456532.66832911,67.16,-0.0,67.38,ASK
1269,1712615077.5650263,43456621.80813003,67.31,2.9223546785518306e-08,67.38,BID
1270,1712615096.095067,43458107.47147871,67.31,4.87059113088715e-07,67.38,BID
1271,1712615100.7631545,43458107.47147871,67.31,0.0,67.38,BID
1272,1712615108.9977682,43458662.47147871,67.31,1.85285788584816e-07,67.38,BID
1273,1712615119.7555168,43458751.61127963,67.25,-2.9759168122443747e-08,67.38,ASK
1274,1712615130.758402,43458751.61127963,67.25,-0.0,67.38,ASK
1275,1712615142.3363063,43458840.75108055,67.31,2.975873742749596e-08,67.38,BID
1276,1712615160.5582783,43458840.75108055,67.31,0.0,67.38,BID
1277,1712615184.3762963,43458929.89088147,67.25,-2.9758677819060427e-08,67.38,ASK
1278,1712615190.5618856,43458929.89088147,67.25,-0.0,67.38,ASK
1279,1712615200.8567598,43467108.32954318,67.25,-2.7303071312084748e-06,67.38,ASK
1280,1712615200.859482,43467485.04994134,67.25,-1.257651285419125e-07,67.38,ASK
1281,1712615208.04662,43467574.26927219,67.25,2.9785168703992964e-08,67.38,BID
1282,1712615220.7567885,43467574.26927219,67.25,0.0,67.38,BID
1283,1712615231.4541163,43468129.26927219,67.2,-1.8524641357373094e-07,67.38,ASK
1284,1712615231.457138,43475569.74546266,67.2,-2.4834622154330327e-06,67.38,ASK
1285,1712615231.587738,43478870.33746948,67.2,1.1016627602397438e-06,67.38,BID
1286,1712615235.4368129,43479316.76604091,67.2,-1.4900773292503697e-07,67.38,ASK
1287,1712615248.3069413,43479405.98537176,67.16,-2.9779389301412373e-08,67.38,ASK
1288,1712615250.7882483,43479405.98537176,67.16,-0.0,67.38,ASK
1289,1712615269.8086529,43479495.20470261,67.25,2.9771488474007058e-08,67.38,BID
1290,1712615280.6132138,43479495.20470261,67.25,0.0,67.38,BID
1291,1712615310.5044754,43479495.20470261,67.25,0.0,67.38,BID
1292,1712615312.54552,43479584.42403346,67.16,-2.9771428870144952e-08,67.38,ASK
1293,1712615339.205157,43479673.57707952,67.3,2.974931042190649e-08,67.38,BID
1294,1712615340.5917325,43479673.57707952,67.3,0.0,67.38,BID
1295,1712615348.6712978,43487102.99758472,67.29,2.479099281678605e-06,67.38,BID
1296,1712615370.516524,43487102.99758472,67.29,0.0,67.38,BID
1297,1712615372.4483972,43487192.15063078,67.17,-2.9744229487760533e-08,67.38,ASK
1298,1712615392.2989855,43493199.85910606,67.17,-2.004358431799342e-06,67.38,ASK
1299,1712615392.3023646,43494447.66869675,67.17,-4.163080956219251e-07,67.38,ASK
1300,1712615400.7157316,43494447.66869675,67.17,-0.0,67.38,ASK
1301,1712615400.9488397,43494536.82174281,67.3,2.97455495034718e-08,67.38,BID
1302,1712615430.580417,43494536.82174281,67.3,0.0,67.38,BID
1303,1712615440.34905,43494625.97478887,67.17,-2.9745489956704765e-08,67.38,ASK
1304,1712615454.8800063,43494705.97478887,67.18,-2.6691619656213232e-08,67.38,ASK
1305,1712615460.7628186,43494705.97478887,67.18,-0.0,67.38,ASK
1306,1712615470.30899,43494795.14108401,67.29,2.974979766483612e-08,67.38,BID
1307,1712615490.772885,43494795.14108401,67.29,0.0,67.38,BID
1308,1712615504.0199063,43494884.30737915,67.19,-2.9749738109909805e-08,67.38,ASK
1309,1712615517.941833,43504903.02256664,67.28,3.342677326161716e-06,67.38,BID
1310,1712615517.945922,43513970.95775321,67.27,3.025455936815928e-06,67.38,BID
1311,1712615517.9499748,43516649.52526691,67.29,8.936861390977403e-07,67.38,BID
1312,1712615517.9518828,43624078.20968505,67.3,3.584286216982192e-05,67.38,BID
1313,1712615518.019474,43629130.21562845,67.3,1.685567999750381e-06,67.38,BID
1314,1712615520.567565,43629130.21562845,67.3,0.0,67.38,BID
1315,1712615525.5753963,43631996.77718785,67.19,-9.535330335961752e-07,67.38,ASK
1316,1712615532.2100792,43632085.93023391,67.3,2.9655869133259444e-08,67.38,BID
1317,1712615544.2896311,43632874.63059325,67.3,2.623532865612065e-07,67.38,BID
1318,1712615550.5741324,43632874.63059325,67.3,0.0,67.38,BID
1319,1712615562.59996,43633211.07740035,67.32,1.119062966945542e-07,67.38,BID
1320,1712615562.6015563,43633320.27961318,67.31,3.632198306252575e-08,67.38,BID
1321,1712615572.2783866,43633409.43265924,67.3,-2.9653386546273162e-08,67.38,ASK
1322,1712615580.7693484,43633409.43265924,67.3,-0.0,67.38,ASK
1323,1712615602.460417,43633450.32636589,67.32,1.36015809244791e-08,67.38,BID
1324,1712615602.4640262,43633498.55921895,67.32,1.6042640980669952e-08,67.38,BID
1325,1712615610.8290083,43633498.55921895,67.32,0.0,67.38,BID
1326,1712615640.5715506,43633498.55921895,67.32,0.0,67.38,BID
1327,1712615641.050392,43633587.68577866,67.3,-2.9644162745804764e-08,67.38,ASK
1328,1712615648.920851,43633671.77193539,67.3,-2.7967686879267334e-08,67.38,ASK
1329,1712615648.924332,43634037.19132256,67.2,-1.2154123101710912e-07,67.38,ASK
1330,1712615669.3414943,43634092.79091156,67.32,1.8492840634637852e-08,67.38,BID
1331,1712615669.3439794,43634126.31788227,67.32,1.1151322111166909e-08,67.38,BID
1332,1712615670.611812,43634126.31788227,67.32,0.0,67.38,BID
1333,1712615700.8018715,43634126.31788227,67.32,0.0,67.38,BID
1334,1712615703.310679,43634215.44444198,67.21,-2.9643961670888076e-08,67.38,ASK
1335,1712615730.764898,43634215.44444198,67.21,-0.0,67.38,ASK
1336,1712615733.0007694,43634304.57100169,67.32,2.9643902609246148e-08,67.38,BID
1337,1712615760.5551982,43634304.57100169,67.32,0.0,67.38,BID
1338,1712615763.7809155,43634393.6975614,67.21,-2.964384344869816e-08,67.38,ASK
1339,1712615790.569085,43634393.6975614,67.21,-0.0,67.38,ASK
1340,1712615793.182011,43634482.82412111,67.32,2.9643784390005403e-08,67.38,BID
1341,1712615820.817938,43634482.82412111,67.32,0.0,67.38,BID
1342,1712615833.301358,43634571.95068082,67.21,-2.9643725232407347e-08,67.38,ASK
1343,1712615850.772642,43634571.95068082,67.21,-0.0,67.38,ASK
1344,1712615871.7356126,43634940.29955064,67.32,1.225135466556806e-07,67.38,BID
1345,1712615871.7406676,43639949.65714439,67.32,1.6661220260690077e-06,67.38,BID
1346,1712615871.744985,43640024.06676862,67.33,2.474878495991742e-08,67.38,BID
1347,1712615871.748845,43640183.76382831,67.34,5.3115550980308347e-08,67.38,BID
1348,1712615871.7507584,43644211.49162913,67.32,1.3396300580202829e-06,67.38,BID
1349,1712615871.7527375,43652373.48395333,67.33,2.714694436050843e-06,67.38,BID
1350,1712615871.7546868,43652755.80925708,67.34,1.271621356210124e-07,67.38,BID
1351,1712615871.7566686,43653647.97253451,67.36,2.9673523192302414e-07,67.38,BID
1352,1712615871.758664,43655105.54383679,67.37,4.84791034747304e-07,67.38,BID
1353,1712615871.7606916,43657014.19582887,67.34,6.348213447719092e-07,67.38,BID
1354,1712615871.762693,43657088.56127342,67.37,2.473409071356316e-08,67.38,BID
1355,1712615871.7647135,43658388.56127342,67.36,4.323825147941213e-07,67.38,BID
1356,1712615871.76675,43666485.26521252,67.37,2.692979392871266e-06,67.38,BID
1357,1712615882.1496043,43666485.26521252,67.37,0.0,67.38,BID
1358,1712615892.7219071,43666574.31240753,67.38,2.959611412172341e-08,67.38,BID
1359,1712615910.6037836,43666574.31240753,67.38,0.0,67.38,BID
1360,1712615926.841758,43666663.35960254,67.21,-2.959605510167965e-08,67.38,ASK
1361,1712615928.4137926,43667276.1611105,67.38,2.036729758178489e-07,67.38,BID
1362,1712615928.4182875,43669004.74169926,67.38,5.745174381642848e-07,67.38,BID
1363,1712615928.42267,43676503.32365175,67.39,2.4922564335205683e-06,67.39,BID
1364,1712615928.425472,43687435.22372837,67.4,3.633366744430141e-06,67.4,BID
1365,1712615928.4274151,43696059.56495715,67.38,2.866417950550736e-06,67.4,BID
1366,1712615928.429355,43696356.34489483,67.39,9.863887781741817e-08,67.4,BID
1367,1712615928.4313114,43697562.46939483,67.4,4.008720000412459e-07,67.4,BID
1368,1712615928.4333217,43698562.46939483,67.39,3.323636988048136e-07,67.4,BID
1369,1712615934.4120731,43698663.2964331,67.4,3.351124737754404e-08,67.4,BID
1370,1712615940.7636664,43698663.2964331,67.4,0.0,67.4,BID
1371,1712615943.3724728,43698753.23170744,67.21,-2.986975221632206e-08,67.4,ASK
1372,1712615943.37811,43700740.75599684,67.21,-6.601064875135071e-07,67.4,ASK
1373,1712615970.7898643,43700740.75599684,67.21,-0.0,67.4,ASK
1374,1712615984.2485034,43700755.57413269,67.4,4.9212450273231225e-09,67.4,BID
1375,1712615984.250973,43700829.80981094,67.37,2.4654380694263626e-08,67.4,BID
1376,1712615997.8207197,43700907.77717,67.4,2.5893707682111066e-08,67.4,BID
1377,1712616000.6129982,43700907.77717,67.4,0.0,67.4,BID
1378,1712616021.2373102,43701001.07093855,67.4,3.1515082084588225e-08,67.4,BID
1379,1712616028.4829943,43701090.12475265,67.37,-3.008280515352394e-08,67.4,ASK
1380,1712616030.5686712,43701090.12475265,67.37,-0.0,67.4,ASK
1381,1712616052.7962773,43701179.14552416,67.4,3.0071518388466844e-08,67.4,BID
1382,1712616060.774943,43701179.14552416,67.4,0.0,67.4,BID
1383,1712616066.9624312,43725664.21970813,67.4,8.271124297372594e-06,67.4,BID
1384,1712616069.8923583,43727852.02386244,67.4,7.390461618623493e-07,67.4,BID
1385,1712616088.8327022,43728059.83809049,67.37,-7.020020842300499e-08,67.4,ASK
1386,1712616088.8365092,43746726.60371318,67.37,-6.305683925445042e-06,67.4,ASK
1387,1712616090.7475023,43746726.60371318,67.37,-0.0,67.4,ASK
1388,1712616097.4625275,43746815.62448469,67.21,-3.0040310779556426e-08,67.4,ASK
1389,1712616104.0734208,43748990.54305404,67.37,7.339324141384866e-07,67.4,BID
1390,1712616104.076537,43883204.44787714,67.4,4.529086126073581e-05,67.4,BID
1391,1712616120.568195,43883204.44787714,67.4,0.0,67.4,BID
1392,1712616122.6425068,43883293.46864865,67.4,2.994735215948785e-08,67.4,BID
1393,1712616143.262789,43884359.92076973,67.21,-3.587636535735308e-07,67.4,ASK
1394,1712616150.5494149,43884359.92076973,67.21,-0.0,67.4,ASK
1395,1712616180.737001,43884359.92076973,67.21,-0.0,67.4,ASK
1396,1712616189.2829285,43884448.94154124,67.21,-2.9946569626973855e-08,67.4,ASK
1397,1712616210.744882,43884448.94154124,67.21,-0.0,67.4,ASK
1398,1712616219.463016,43884537.96231275,67.4,2.9946509353366623e-08,67.4,BID
1399,1712616232.1586406,43886021.64183797,67.4,4.991084892353088e-07,67.4,BID
1400,1712616240.552977,43886021.64183797,67.4,0.0,67.4,BID
1401,1712616253.7910504,43886110.66260948,67.21,-2.9945441549621435e-08,67.4,ASK
1402,1712616266.9988751,43889975.51053232,67.4,1.3000850880896724e-06,67.4,BID
1403,1712616270.5911846,43889975.51053232,67.4,0.0,67.4,BID
1404,1712616283.2432575,43890064.53130383,67.4,2.9942757529701143e-08,67.4,BID
1405,1712616300.567798,43890064.53130383,67.4,0.0,67.4,BID
1406,1712616309.4341855,43897858.87221448,67.4,2.6382869723024708e-06,67.4,BID
1407,1712616309.438261,43897933.20455869,67.4,2.5160569392889596e-08,67.4,BID
1408,1712616309.442226,43902384.24313436,67.4,1.506620921769511e-06,67.4,BID
1409,1712616309.446179,43902805.92892169,67.39,1.4273536811956698e-07,67.4,BID
1410,1712616309.4482012,43914308.42596258,67.4,3.893451472010916e-06,67.4,BID
1411,1712616320.1131349,43914397.44673409,67.22,-3.0132418434583206e-08,67.4,ASK
1412,1712616330.5503445,43914397.44673409,67.22,-0.0,67.4,ASK
1413,1712616350.8737276,43914486.48071539,67.39,3.012016930135303e-08,67.4,BID
1414,1712616354.595846,43915761.70312231,67.22,-4.314073597004584e-07,67.4,ASK
1415,1712616360.774959,43915761.70312231,67.22,-0.0,67.4,ASK
1416,1712616384.0739608,43915850.73710361,67.24,-3.011923473411104e-08,67.4,ASK
1417,1712616390.7898183,43915850.73710361,67.24,-0.0,67.4,ASK
1418,1712616408.1515734,43916273.04768798,67.24,-1.4286282243400286e-07,67.4,ASK
1419,1712616408.2432635,43939850.7371036,67.24,7.976061650081237e-06,67.4,BID
1420,1712616411.053876,43942081.88391306,67.23,-7.547713513816891e-07,67.4,ASK
1421,1712616411.057993,43970373.46415065,67.22,-9.570716798218284e-06,67.4,ASK
1422,1712616413.9435372,43970373.46415066,67.24,2.5204458809520682e-18,67.4,BID
1423,1712616413.945609,43970462.49813195,67.39,3.011917373371757e-08,67.4,BID
1424,1712616420.5518963,43970462.49813195,67.39,0.0,67.4,BID
1425,1712616450.5660174,43970462.49813195,67.39,0.0,67.4,BID
1426,1712616452.1337888,43970551.53211325,67.22,-3.00818111293757e-08,67.4,ASK
1427,1712616480.734021,43970551.53211325,67.22,-0.0,67.4,ASK
1428,1712616481.6142397,43970640.59252589,67.37,3.0090680614171174e-08,67.4,BID
1429,1712616491.4142623,43971424.66026934,67.22,-2.649115510164266e-07,67.4,ASK
1430,1712616510.7555623,43971424.66026934,67.22,-0.0,67.4,ASK
1431,1712616540.5094366,43971424.66026934,67.22,-0.0,67.4,ASK
1432,1712616550.9576497,43971513.72068198,67.23,-3.0090083787972864e-08,67.4,ASK
1433,1712616570.5570345,43971513.72068198,67.23,-0.0,67.4,ASK
1434,1712616579.8692095,43971602.78109462,67.37,3.0090022917170446e-08,67.4,BID
1435,1712616600.5929348,43971602.78109462,67.37,0.0,67.4,BID
1436,1712616613.3343222,43971691.84150726,67.28,-3.0090028450122985e-08,67.4,ASK
1437,1712616630.5533488,43971691.84150726,67.28,-0.0,67.4,ASK
1438,1712616640.7436066,43971780.9019199,67.37,3.0089967531756894e-08,67.4,BID
1439,1712616651.934585,43974285.58071677,67.37,8.462312428483625e-07,67.4,BID
1440,1712616651.9388175,43975616.73344395,67.37,4.497435072944669e-07,67.4,BID
1441,1712616660.762946,43975616.73344395,67.37,0.0,67.4,BID
1442,1712616680.6561,43975705.79385659,67.37,-3.0087279625057875e-08,67.4,ASK
1443,1712616690.773928,43975705.79385659,67.37,-0.0,67.4,ASK
1444,1712616706.804813,43975794.8146281,67.4,3.007382670389208e-08,67.4,BID
1445,1712616720.5453937,43975794.8146281,67.4,0.0,67.4,BID
1446,1712616750.599932,43975794.8146281,67.4,0.0,67.4,BID
1447,1712616771.564772,43975879.0749041,67.39,-2.8465534042772052e-08,67.4,ASK
1448,1712616771.568158,43975883.83539961,67.39,-1.608231702321053e-09,67.4,ASK
1449,1712616780.7813923,43975883.83539961,67.39,-0.0,67.4,ASK
1450,1712616800.828193,43976175.85484177,67.39,-9.865232966324717e-08,67.4,ASK
1451,1712616802.3246858,43976264.88882307,67.39,3.0078167431865456e-08,67.4,BID
1452,1712616808.4150076,43991101.68407529,67.39,5.012284132733504e-06,67.4,BID
1453,1712616810.7939403,43991101.68407529,67.39,0.0,67.4,BID
1454,1712616833.4377675,43991289.98752486,67.39,6.359213676440517e-08,67.4,BID
1455,1712616837.9945393,43991379.15499039,67.39,-3.011282945615129e-08,67.4,ASK
1456,1712616837.9966588,43991636.02144733,67.39,-8.674661508946561e-08,67.4,ASK
1457,1712616840.5354946,43991636.02144733,67.39,-0.0,67.4,ASK
1458,1712616841.845338,43991649.21393264,67.38,-4.4551925634875325e-09,67.4,ASK
1459,1712616841.8497434,43991725.05542863,67.38,-2.5612192168380528e-08,67.4,ASK
1460,1712616856.883701,43992207.0066369,67.38,-1.627582209550197e-07,67.4,ASK
1461,1712616870.5435598,43992207.0066369,67.38,-0.0,67.4,ASK
1462,1712616871.8547838,43992296.0406182,67.39,3.0066994083762114e-08,67.4,BID
1463,1712616887.464501,43992456.14239019,67.38,-5.406676148620257e-08,67.4,ASK
1464,1712616887.5644782,43992542.95688306,67.38,-2.931746739009028e-08,67.4,ASK
1465,1712616900.630761,43992542.95688306,67.38,-0.0,67.4,ASK
1466,1712616925.3545237,44009638.37095251,67.38,5.7731191708994665e-06,67.4,BID
1467,1712616930.544093,44009638.37095251,67.38,0.0,67.4,BID
1468,1712616938.4449008,44009727.40493381,67.37,-3.0055073027949374e-08,67.4,ASK
1469,1712616960.851498,44009727.40493381,67.37,-0.0,67.4,ASK
1470,1712616964.834344,44009816.45212882,67.38,3.0059472695963764e-08,67.4,BID
1471,1712616990.8193746,44009816.45212882,67.38,0.0,67.4,BID
1472,1712616992.7343545,44016031.29061196,67.38,2.097925592129015e-06,67.4,BID
1473,1712616992.7391086,44024657.65129771,67.38,2.9119763769675726e-06,67.4,BID
1474,1712617005.6343365,44024746.69849272,67.37,-3.0059411813412535e-08,67.4,ASK
1475,1712617020.607679,44024746.69849272,67.37,-0.0,67.4,ASK
1476,1712617034.074617,44024835.74568773,67.38,3.0049207334063365e-08,67.4,BID
1477,1712617050.6025531,44024835.74568773,67.38,0.0,67.4,BID
1478,1712617067.283645,44024924.79288274,67.37,-3.0049146493087995e-08,67.4,ASK
1479,1712617080.7833114,44024924.79288274,67.37,-0.0,67.4,ASK
1480,1712617110.8149168,44024924.79288274,67.37,-0.0,67.4,ASK
1481,1712617133.533383,44025358.54897018,67.37,-1.463715260891046e-07,67.4,ASK
1482,1712617140.5490687,44025358.54897018,67.37,-0.0,67.4,ASK
1483,1712617143.0433395,44025748.92944888,67.37,-1.3173307445681517e-07,67.4,ASK
1484,1712617160.224945,44025837.97664389,67.38,3.0048789348782885e-08,67.4,BID
1485,1712617170.543413,44025837.97664389,67.38,0.0,67.4,BID
1486,1712617176.833489,44037210.64871964,67.38,3.83764253083337e-06,67.4,BID
1487,1712617176.838109,44040678.66111815,67.39,1.170260761001327e-06,67.4,BID
1488,1712617176.9230952,44044076.39907467,67.39,1.146547056288426e-06,67.4,BID
1489,1712617200.7910137,44044076.39907467,67.39,0.0,67.4,BID
1490,1712617228.626245,44044165.44626968,67.38,-3.003811860669018e-08,67.4,ASK
1491,1712617230.5849495,44044165.44626968,67.38,-0.0,67.4,ASK
1492,1712617234.842892,44044781.12089618,67.39,2.0768391436991769e-07,67.4,BID
1493,1712617254.512982,44044870.15487748,67.39,3.0033600462138265e-08,67.4,BID
1494,1712617260.779572,44044870.15487748,67.39,0.0,67.4,BID
1495,1712617282.8828762,44051197.266551,67.38,-2.1342738715688765e-06,67.4,ASK
1496,1712617282.9750426,44051939.43665639,67.37,-2.5035029345563603e-07,67.4,ASK
1497,1712617282.98305,44057391.82056208,67.37,-1.8392089642355432e-06,67.4,ASK
1498,1712617282.9856486,44065816.86086244,67.38,-2.8419513212029287e-06,67.4,ASK
1499,1712617290.789965,44065816.86086244,67.38,-0.0,67.4,ASK
1500,1712617320.5602715,44065816.86086244,67.38,-0.0,67.4,ASK
1501,1712617321.6854746,44065905.89484374,67.37,-3.0018828227181374e-08,67.4,ASK
1502,1712617350.606076,44065905.89484374,67.37,-0.0,67.4,ASK
1503,1712617354.4036045,44065980.23821812,67.39,2.506567087522505e-08,67.4,BID
1504,1712617354.4085212,44065994.92882504,67.39,4.953096642947756e-09,67.4,BID
1505,1712617374.4127808,44067994.92882504,67.39,6.743215810315019e-07,67.4,BID
1506,1712617380.7756858,44067994.92882504,67.39,0.0,67.4,BID
1507,1712617386.2329383,44068083.96280634,67.37,-3.0017342727596934e-08,67.4,ASK
1508,1712617410.7755172,44068083.96280634,67.37,-0.0,67.4,ASK
1509,1712617418.6326184,44068172.99678764,67.39,3.0017282027108575e-08,67.4,BID
1510,1712617440.551355,44068172.99678764,67.39,0.0,67.4,BID
1511,1712617440.852565,44068359.59180182,67.37,-6.290928197978823e-08,67.4,ASK
1512,1712617441.0940351,44069440.60642138,67.39,3.644569702103277e-07,67.4,BID
1513,1712617454.135042,44069529.64040268,67.37,-3.001722130633312e-08,67.4,ASK
1514,1712617470.582306,44069529.64040268,67.37,-0.0,67.4,ASK
1515,1712617486.9123027,44069618.67438398,67.39,3.0016296167653e-08,67.4,BID
1516,1712617500.778243,44069618.67438398,67.39,0.0,67.4,BID
1517,1712617500.8270683,44070178.45942652,67.37,-1.892054717976907e-07,67.4,ASK
1518,1712617506.842424,44070255.5352428,67.37,-2.60513680707054e-08,67.4,ASK
1519,1712617508.452991,44077659.00830796,67.37,-2.5023491300894203e-06,67.4,ASK
1520,1712617522.2428148,44077832.4288946,67.37,-5.861557816097586e-08,67.4,ASK
1521,1712617522.247861,44077921.4628759,67.37,-3.0093187845191346e-08,67.4,ASK
1522,1712617523.6431692,44122429.41522301,67.37,-1.5043539006302163e-05,67.4,ASK
1523,1712617523.6480606,44125320.57533899,67.37,-9.772024477560851e-07,67.4,ASK
1524,1712617523.6526425,44155105.41543899,67.3,-1.0067176318209392e-05,67.4,ASK
1525,1712617523.6547775,44155253.84946006,67.37,-5.017020258365072e-08,67.4,ASK
1526,1712617523.762441,44155699.61469037,67.3,1.506671566817627e-07,67.4,BID
1527,1712617524.6027207,44158622.53269037,67.3,9.87936506318438e-07,67.4,BID
1528,1712617530.75555,44158622.53269037,67.3,0.0,67.4,BID
1529,1712617554.1325066,44158711.69898551,67.29,3.007697630159988e-08,67.4,BID
1530,1712617555.126237,44161375.40836351,67.29,8.985045718217316e-07,67.4,BID
1531,1712617555.1285305,44207502.98631231,67.3,1.5559445041677177e-05,67.4,BID
1532,1712617560.6257515,44207502.98631231,67.3,0.0,67.4,BID
1533,1712617590.5971591,44207502.98631231,67.3,0.0,67.4,BID
1534,1712617597.1423905,44207651.57472241,67.3,5.0065291156945056e-08,67.4,BID
1535,1712617614.9021723,44209137.45882345,67.3,5.006529115769818e-07,67.4,BID
1536,1712617620.7849925,44209137.45882345,67.3,0.0,67.4,BID
1537,1712617638.8868897,44209583.22405376,67.3,1.5019030691967986e-07,67.4,BID
1538,1712617639.022339,44226819.47962536,67.3,5.807358534057757e-06,67.4,BID
1539,1712617650.7890944,44226819.47962536,67.3,0.0,67.4,BID
1540,1712617680.6121163,44226819.47962536,67.3,0.0,67.4,BID
1541,1712617710.620669,44226819.47962536,67.3,0.0,67.4,BID
1542,1712617740.7857368,44226819.47962536,67.3,0.0,67.4,BID
1543,1712617770.7699866,44226819.47962536,67.3,0.0,67.4,BID
1544,1712617796.1723228,44280158.80501625,67.26,-1.7964252076032573e-05,67.4,ASK
1545,1712617800.5644023,44280158.80501625,67.26,-0.0,67.4,ASK
1546,1712617803.7227015,44281644.26611302,67.29,4.99972734144828e-07,67.4,BID
1547,1712617820.653763,44292263.09053456,67.26,-3.574057032514408e-06,67.4,ASK
1548,1712617830.603438,44292263.09053456,67.26,-0.0,67.4,ASK
1549,1712617835.9326172,44317743.40614597,67.26,-8.573750600471793e-06,67.4,ASK
1550,1712617835.9377353,44326653.61057393,67.26,-2.998152445583948e-06,67.4,ASK
1551,1712617860.7835894,44326653.61057393,67.26,-0.0,67.4,ASK
1552,1712617869.4623392,44335570.24008797,67.29,2.997980985191648e-06,67.4,BID
1553,1712617869.562111,44349922.64947714,67.29,4.82561828689496e-06,67.4,BID
1554,1712617871.3527122,44350046.49999717,67.3,4.1641463679795584e-08,67.4,BID
