,time,acc_trade_volume,trade_price,dev,high,ask_bid
0,1712601588.4770403,58827686.70963136,475.7,0.0,478.8,ASK
1,1712601598.8165154,58827984.99827819,475.8,-1.0253889231018401e-08,478.8,ASK
2,1712601600.5462022,58827984.99827819,475.8,-0.0,478.8,ASK
3,1712601604.0965598,58828100.53331805,476.6,3.972334587244716e-09,478.8,BID
4,1712601607.5762937,58828310.08905987,476.9,7.204961561484118e-09,478.8,BID
5,1712601608.756498,58828500.35536307,476.9,6.5417506060474305e-09,478.8,BID
6,1712601609.8863266,58828512.936617,476.9,4.3256963603917647e-10,478.8,BID
7,1712601627.9566374,58828596.99887518,475.6,-2.8902349975353382e-09,478.8,ASK
8,1712601627.958061,58834874.27456758,475.6,-2.158257735268958e-07,478.8,ASK
9,1712601627.959509,58837366.41290355,475.6,-8.568489109801598e-08,478.8,ASK
10,1712601630.5564067,58837366.41290355,475.6,-0.0,478.8,ASK
11,1712601649.2164035,58838058.81935311,475.6,-2.3802719555886747e-08,478.8,ASK
12,1712601649.217864,58839185.68180302,475.6,-3.873792754254047e-08,478.8,ASK
13,1712601649.576387,58839198.26305695,475.6,-4.3250327776105244e-10,478.8,ASK
14,1712601660.8565402,58839198.26305695,475.6,-0.0,478.8,ASK
15,1712601663.8361695,58843631.93395464,475.6,-1.5241086274215749e-07,478.8,ASK
16,1712601668.2569444,58843644.5310573,476.3,4.3303513686550924e-10,478.8,BID
17,1712601690.86626,58843644.5310573,476.3,0.0,478.8,BID
18,1712601718.056066,58843657.12815996,475.7,-4.3300366084671745e-10,478.8,ASK
19,1712601720.546044,58843657.12815996,475.7,-0.0,478.8,ASK
20,1712601726.5058858,58843907.12815996,475.7,-8.593316717184862e-09,478.8,ASK
21,1712601732.9969842,58846797.77890258,475.7,-9.936110940040504e-08,478.8,ASK
22,1712601732.99865,58851678.83823498,475.6,-1.677779550347557e-07,478.8,ASK
23,1712601733.0002985,58851827.96554861,475.7,-5.1259929487806995e-09,478.8,ASK
24,1712601733.0018983,58865685.43422566,475.6,-4.763264689614844e-07,478.8,ASK
25,1712601733.0959208,58883745.2876791,475.6,6.207761623652471e-07,478.8,BID
26,1712601733.0975893,58889364.49704904,475.6,1.931505832643564e-07,478.8,BID
27,1712601733.1058984,58890214.06098904,475.6,2.9202288031542453e-08,478.8,BID
28,1712601733.11784,58893876.42498223,475.6,1.2588741490839004e-07,478.8,BID
29,1712601733.5374155,58894852.90545262,476.2,3.356482380079772e-08,478.8,BID
30,1712601738.17204,58894865.50255528,476.3,4.330035716567104e-10,478.8,BID
31,1712601750.535545,58894865.50255528,476.3,0.0,478.8,BID
32,1712601765.3259492,58897574.75071544,476.3,9.304781202752125e-08,478.8,BID
33,1712601780.855938,58897574.75071544,476.3,0.0,478.8,BID
34,1712601785.545718,58897587.3478181,475.8,-4.3262219839499616e-10,478.8,ASK
35,1712601791.0956674,58900770.93267206,476.3,1.093338298340424e-07,478.8,BID
36,1712601805.0456476,58900783.51392599,476.9,4.3207790572029367e-10,478.8,BID
37,1712601810.8755798,58900783.51392599,476.9,0.0,478.8,BID
38,1712601813.7158594,58902879.34166739,476.9,7.197321809111393e-08,478.8,BID
39,1712601828.0656843,58902900.31042394,476.9,7.20092046876568e-10,478.8,BID
40,1712601839.6455383,58903215.37028532,476.1,-1.0819530473193132e-08,478.8,ASK
41,1712601840.5254366,58903215.37028532,476.1,-0.0,478.8,ASK
42,1712601854.7054706,58903227.95153925,476.1,-4.3203802502000607e-10,478.8,ASK
43,1712601870.565186,58903227.95153925,476.1,-0.0,478.8,ASK
44,1712601876.5556118,58903269.88905235,476.9,1.4401264536717511e-09,478.8,BID
45,1712601880.9156227,58903282.47030628,476.9,4.3203793615269567e-10,478.8,BID
46,1712601900.5852776,58903282.47030628,476.9,0.0,478.8,BID
47,1712601919.345148,58903295.05156021,476.2,-4.32041958561789e-10,478.8,ASK
48,1712601924.16557,58904309.83485898,476.2,-3.4847795483870674e-08,478.8,ASK
49,1712601924.3099656,58904811.90000353,476.2,1.724098484694143e-08,478.8,BID
50,1712601930.565886,58904811.90000353,476.2,0.0,478.8,BID
51,1712601935.9255042,58904824.48125746,476.9,4.3203115328310437e-10,478.8,BID
52,1712601960.8453054,58904824.48125746,476.9,0.0,478.8,BID
53,1712601981.125189,58904837.06251139,475.6,-4.320310642693003e-10,478.8,ASK
54,1712601990.864933,58904837.06251139,475.6,-0.0,478.8,ASK
55,1712602000.684904,58904849.646404,476.8,4.321215856597926e-10,478.8,BID
56,1712602001.9560974,58909337.06515007,475.6,-1.5409464819460126e-07,478.8,ASK
57,1712602001.9575615,58911440.11457173,475.5,-7.221716516884689e-08,478.8,ASK
58,1712602001.9590464,58915540.11457173,475.7,-1.4079097435497948e-07,478.8,ASK
59,1712602001.9604945,58915681.84012378,475.5,-4.866750869374383e-09,478.8,ASK
60,1712602001.9619749,58944240.84135309,475.5,-9.806950267510749e-07,478.8,ASK
61,1712602001.963441,58944261.86745309,475.6,-7.220207576095336e-10,478.8,ASK
62,1712602020.6365397,58944261.86745309,475.6,-0.0,478.8,ASK
63,1712602050.5075412,58944261.86745309,475.6,-0.0,478.8,ASK
64,1712602051.364961,58944274.4513457,475.4,-4.318435712475195e-10,478.8,ASK
65,1712602069.0446177,58944287.04316102,476.5,4.321154564477488e-10,478.8,BID
66,1712602080.8549898,58944287.04316102,476.5,0.0,478.8,BID
67,1712602094.6845477,58944812.25324505,476.0,1.8023715886321563e-08,478.8,BID
68,1712602101.264765,58945821.08048338,475.8,3.462008075426016e-08,478.8,BID
69,1712602110.8642104,58945821.08048338,475.8,0.0,478.8,BID
70,1712602120.6845672,58945833.6722987,475.4,-4.3210445388657527e-10,478.8,ASK
71,1712602127.6445613,58945856.09382336,475.4,-7.694236628913169e-10,478.8,ASK
72,1712602138.604662,58945868.70416383,475.8,4.3274016826674175e-10,478.8,BID
73,1712602139.7143683,58946078.87650514,475.8,7.212336143489134e-09,478.8,BID
74,1712602140.53418,58946078.87650514,475.8,0.0,478.8,BID
75,1712602147.514435,58947278.87650514,475.8,4.117938113384993e-08,478.8,BID
76,1712602148.284721,58953321.60005504,475.4,-2.0736301345660266e-07,478.8,ASK
77,1712602148.2867572,58954371.97769248,475.4,-3.6044917555459874e-08,478.8,ASK
78,1712602148.2887783,58955326.87650504,475.3,-3.2768451788967245e-08,478.8,ASK
79,1712602170.5443852,58955326.87650504,475.3,-0.0,478.8,ASK
80,1712602187.0346603,58955339.48684551,475.3,-4.3267306348961356e-10,478.8,ASK
81,1712602190.4865005,58959573.18709953,475.3,-1.4526237918542053e-07,478.8,ASK
82,1712602200.6247594,58959573.18709953,475.3,-0.0,478.8,ASK
83,1712602205.2545784,58959585.79744,475.8,4.326621299538972e-10,478.8,BID
84,1712602213.7441585,58959684.78070359,475.3,-3.396126358450318e-09,478.8,ASK
85,1712602214.12405,58988556.01867857,475.3,-9.905752622444005e-07,478.8,ASK
86,1712602214.2451231,58994448.85168857,475.3,-2.021837307186133e-07,478.8,ASK
87,1712602214.2840357,58996046.53818101,475.3,-5.481679440280103e-08,478.8,ASK
88,1712602214.334316,58997087.98568784,475.3,3.5732175325701484e-08,478.8,BID
89,1712602214.3364265,59016984.53674362,475.3,6.826527943457282e-07,478.8,BID
90,1712602214.9343967,59017068.68746977,475.1,-2.887220412950039e-09,478.8,ASK
91,1712602214.9354494,59017612.09420997,475.1,-1.8644343364894043e-08,478.8,ASK
92,1712602214.9544885,59019234.26882106,475.1,-5.565698437250519e-08,478.8,ASK
93,1712602215.6145196,59022720.0799946,475.2,1.1959855411646174e-07,478.8,BID
94,1712602215.6166773,59026365.41490951,475.2,1.2507183074173269e-07,478.8,BID
95,1712602215.7140267,59026716.51939498,475.3,-1.2046432441454308e-08,478.8,ASK
96,1712602215.733985,59027068.84651279,475.3,-1.2088381087818217e-08,478.8,ASK
97,1712602215.7739618,59029753.9406073,475.3,-9.212586551120593e-08,478.8,ASK
98,1712602215.794064,59030013.35171349,475.0,-8.900422793353287e-09,478.8,ASK
99,1712602215.8141658,59032689.26873271,475.0,-9.181099907643497e-08,478.8,ASK
100,1712602215.8158977,59035330.26504849,475.0,-9.061286600715989e-08,478.8,ASK
101,1712602219.044166,59035349.17824731,475.0,6.489138740248461e-10,478.8,BID
102,1712602230.5647595,59035349.17824731,475.0,0.0,478.8,BID
103,1712602233.5743349,59040864.66234371,475.0,1.8900331158337642e-07,478.8,BID
104,1712602235.1643429,59041213.31651936,475.0,-1.1947599275571529e-08,478.8,ASK
105,1712602242.48424,59041234.34701357,475.5,7.20668028597131e-10,478.8,BID
106,1712602256.034343,59041246.95735404,475.0,-4.3212818079051216e-10,478.8,ASK
107,1712602260.594277,59041246.95735404,475.0,-0.0,478.8,ASK
108,1712602282.9842017,59041855.21182894,475.0,-2.0841520485394687e-08,478.8,ASK
109,1712602290.573682,59041855.21182894,475.0,-0.0,478.8,ASK
110,1712602312.9738705,59041876.26446051,475.0,-7.213502351986605e-10,478.8,ASK
111,1712602315.523888,59041888.88275703,475.5,4.3235503032716734e-10,478.8,BID
112,1712602320.8340862,59041888.88275703,475.5,0.0,478.8,BID
113,1712602336.1840146,59042282.66509141,475.9,1.3492604134819169e-08,478.8,BID
114,1712602350.8864295,59042282.66509141,475.9,0.0,478.8,BID
115,1712602354.9637764,59042295.28338793,475.0,-4.3235201711031046e-10,478.8,ASK
116,1712602358.0737822,59043681.07138962,475.1,-4.74824978887695e-08,478.8,ASK
117,1712602365.0440717,59044789.31016462,475.1,-3.7972579665772456e-08,478.8,ASK
118,1712602365.1436155,59045617.12169735,475.1,-2.836404941234262e-08,478.8,ASK
119,1712602365.266332,59046232.16974049,475.1,-2.1073943037577097e-08,478.8,ASK
120,1712602365.363722,59046692.43332729,475.1,-1.577042430851312e-08,478.8,ASK
121,1712602368.2537267,59046940.75391222,475.1,-8.508431040886521e-09,478.8,ASK
122,1712602368.2637696,59047261.74837024,475.1,-1.0998521171059044e-08,478.8,ASK
123,1712602373.5640604,59047562.27497381,475.1,-1.0297212706552982e-08,478.8,ASK
124,1712602375.5038188,59047574.8826645,475.9,4.3198862014318256e-10,478.8,BID
125,1712602375.9740958,59047913.3593394,475.1,-1.1597530056305549e-08,478.8,ASK
126,1712602380.533847,59047913.3593394,475.1,-0.0,478.8,ASK
127,1712602388.563733,59047924.3593394,475.5,3.768683270721559e-10,478.8,BID
128,1712602391.6742718,59063330.42067479,475.1,-5.278233238400289e-07,478.8,ASK
129,1712602410.5334494,59063330.42067479,475.1,-0.0,478.8,ASK
130,1712602427.0838718,59063343.02836548,475.0,-4.3184065737934735e-10,478.8,ASK
131,1712602440.8336153,59063343.02836548,475.0,-0.0,478.8,ASK
132,1712602451.883559,59063355.6572857,475.1,4.325677261221205e-10,478.8,BID
133,1712602452.4037192,59064125.25669299,475.1,2.63604377763562e-08,478.8,BID
134,1712602452.4064476,59064465.23109466,475.1,1.1644855720769674e-08,478.8,BID
135,1712602452.4636142,59068243.07416461,475.1,1.2939926438418906e-07,478.8,BID
136,1712602452.466087,59081488.02809458,475.1,4.536682079186509e-07,478.8,BID
137,1712602470.8636887,59081488.02809458,475.1,0.0,478.8,BID
138,1712602500.0831418,59081500.6570148,475.0,-4.32440036445928e-10,478.8,ASK
139,1712602500.5732234,59081500.6570148,475.0,-0.0,478.8,ASK
140,1712602508.72347,59082573.66353699,475.3,3.674397351590768e-08,478.8,BID
141,1712602515.423531,59082585.61704699,475.1,-4.0933530768771214e-10,478.8,ASK
142,1712602518.6137342,59086568.02221004,475.0,-1.363732529254216e-07,478.8,ASK
143,1712602518.616259,59097102.65082052,475.0,-3.607472151007329e-07,478.8,ASK
144,1712602526.1240463,59097115.27442666,475.3,4.3228204117751964e-10,478.8,BID
145,1712602530.5618424,59097115.27442666,475.3,0.0,478.8,BID
146,1712602534.155945,59097746.85337402,474.7,-2.16222610996672e-08,478.8,ASK
147,1712602534.1593258,59098026.83545665,474.4,-9.585255682018637e-09,478.8,ASK
148,1712602534.162022,59098047.84827446,474.5,-7.193790026333586e-10,478.8,ASK
149,1712602534.164694,59098846.6140839,474.4,-2.734594457499299e-08,478.8,ASK
150,1712602534.1673417,59099900.5769844,474.4,-3.6082679955127646e-08,478.8,ASK
151,1712602534.1695633,59119566.27442666,474.3,-6.732600042837733e-07,478.8,ASK
152,1712602548.0731354,59120602.72437545,474.3,-3.5483119732183024e-08,478.8,ASK
153,1712602548.204266,59121368.64196682,474.3,-2.6221377724392944e-08,478.8,ASK
154,1712602553.234795,59123669.24196682,474.3,-7.876160865403745e-08,478.8,ASK
155,1712602554.3247344,59123753.50571234,474.7,2.884790119139667e-09,478.8,BID
156,1712602554.9046364,59124252.20571234,474.3,-1.7073117550194626e-08,478.8,ASK
157,1712602557.394781,59130577.31640178,474.3,-2.165417251215906e-07,478.8,ASK
158,1712602557.396629,59137840.55550378,474.3,-2.486587828009816e-07,478.8,ASK
159,1712602560.864773,59137840.55550378,474.3,-0.0,478.8,ASK
160,1712602565.3654754,59137853.17910992,474.2,-4.3188666221775596e-10,478.8,ASK
161,1712602589.0258062,59137865.81068886,475.0,4.3215943232762005e-10,478.8,BID
162,1712602590.8556724,59137865.81068886,475.0,0.0,478.8,BID
163,1712602620.5869768,59137865.81068886,475.0,0.0,478.8,BID
164,1712602635.04661,59137878.4422678,474.3,-4.321592551093147e-10,478.8,ASK
165,1712602650.557174,59137878.4422678,474.3,-0.0,478.8,ASK
166,1712602666.9680133,59139262.62399874,474.3,-4.735645687228799e-08,478.8,ASK
167,1712602679.0691586,59139473.40004174,474.2,-7.211196598551622e-09,478.8,ASK
168,1712602679.0721292,59139492.3928416,474.2,-6.497930781062435e-10,478.8,ASK
169,1712602679.0749369,59143635.87501401,474.0,-1.417593011181483e-07,478.8,ASK
170,1712602679.0784278,59147775.87501401,474.0,-1.416401669439732e-07,478.8,ASK
171,1712602679.0813026,59151799.48016419,474.1,-1.376579964224416e-07,478.8,ASK
172,1712602679.084149,59153810.84134562,474.0,-6.881389698609805e-08,478.8,ASK
173,1712602679.1675897,59155897.23648733,474.0,7.138100390877153e-08,478.8,BID
174,1712602679.6479287,59155907.97559029,474.9,3.674126415533616e-10,478.8,BID
175,1712602679.8080351,59155918.71469325,474.9,3.674126415533616e-10,478.8,BID
176,1712602680.8575733,59155918.71469325,474.9,0.0,478.8,BID
177,1712602685.7280917,59155931.34893203,474.9,4.321237336424239e-10,478.8,BID
178,1712602710.848216,59155931.34893203,474.9,0.0,478.8,BID
179,1712602734.028907,59155943.98317081,474.5,-4.3212364496392764e-10,478.8,ASK
180,1712602735.1552253,59156153.53891263,474.5,-7.167348390376046e-09,478.8,ASK
181,1712602740.5388236,59156153.53891263,474.5,-0.0,478.8,ASK
182,1712602754.5291944,59156195.64417578,475.0,1.4401037129100491e-09,478.8,BID
183,1712602755.9790292,59156208.27575472,475.0,4.320311135927037e-10,478.8,BID
184,1712602770.5593023,59156208.27575472,475.0,0.0,478.8,BID
185,1712602778.119654,59156250.38101787,475.0,1.4401024322787383e-09,478.8,BID
186,1712602800.6912727,59156250.38101787,475.0,0.0,478.8,BID
187,1712602801.3106863,59156263.01259681,474.7,-4.3213742737368966e-10,478.8,ASK
188,1712602803.380558,59157368.2757547,475.0,3.781202492552988e-08,478.8,BID
189,1712602815.9909267,59157774.37948807,474.7,-1.3893165966082282e-08,478.8,ASK
190,1712602815.9929202,59158183.05163203,474.7,-1.3981033551538425e-08,478.8,ASK
191,1712602819.0207355,59158195.6725828,475.4,4.3177382828516386e-10,478.8,BID
192,1712602830.570408,59158195.6725828,475.4,0.0,478.8,BID
193,1712602860.86138,59158195.6725828,475.4,0.0,478.8,BID
194,1712602866.6111195,59158990.19694553,474.7,-2.718051840225387e-08,478.8,ASK
195,1712602871.4752417,59162910.19694553,474.1,-1.341024103653722e-07,478.8,ASK
196,1712602871.4784474,59168779.08877398,474.1,-2.007736072368513e-07,478.8,ASK
197,1712602871.4816,59173259.08877398,473.9,-1.5325989756042538e-07,478.8,ASK
198,1712602871.4846802,59173301.30067773,473.8,-1.4440607242618134e-09,478.8,ASK
199,1712602871.487856,59173705.02923964,474.5,-1.3811472776839053e-08,478.8,ASK
200,1712602871.4895449,59173844.55312002,473.9,-4.773083842382853e-09,478.8,ASK
201,1712602871.490939,59173944.55312002,473.8,-3.420979856259494e-09,478.8,ASK
202,1712602871.492338,59179218.81472339,474.0,-1.804314270177273e-07,478.8,ASK
203,1712602871.4937537,59182880.01944266,473.8,-1.2524907594282781e-07,478.8,ASK
204,1712602871.4951756,59217998.88766259,473.7,-1.2014094075500185e-06,478.8,ASK
205,1712602871.4969287,59219650.15718559,473.8,-5.6489597754457764e-08,478.8,ASK
206,1712602871.498335,59219720.05585563,473.6,-2.3912194218641196e-09,478.8,ASK
207,1712602871.4997962,59219730.61317038,473.7,-3.611636108253726e-10,478.8,ASK
208,1712602871.5012188,59240154.88585063,473.5,-6.987102541789591e-07,478.8,ASK
209,1712602871.502648,59240224.76976789,473.7,-2.390714732133514e-09,478.8,ASK
210,1712602871.504117,59244594.76976789,473.6,-1.494968197185399e-07,478.8,ASK
211,1712602871.505588,59244916.77853611,473.3,-1.1015855096305888e-08,478.8,ASK
212,1712602871.5070548,59290732.8849775,473.5,-1.5673597722822252e-06,478.8,ASK
213,1712602871.50852,59295588.92759413,473.4,-1.6612423972647904e-07,478.8,ASK
214,1712602871.5099747,59302948.72759413,473.5,-2.517772754608844e-07,478.8,ASK
215,1712602871.5114515,59303018.67055991,473.3,-2.392734770313017e-09,478.8,ASK
216,1712602871.5129154,59310390.97055991,473.5,-2.522048979429168e-07,478.8,ASK
217,1712602871.514442,59310602.25304459,473.3,-7.227931240721522e-09,478.8,ASK
218,1712602871.5160189,59317950.55304459,473.5,-2.513838627774145e-07,478.8,ASK
219,1712602871.5175612,59339549.94146351,473.2,-7.389107268865109e-07,478.8,ASK
220,1712602877.891225,59339562.56241428,474.0,-4.317601836250159e-10,478.8,ASK
221,1712602879.421695,59340200.68658737,474.0,-2.1830099419326644e-08,478.8,ASK
222,1712602879.5251825,59341658.39015568,474.0,4.9867745435845424e-08,478.8,BID
223,1712602889.6113412,59341671.04037705,474.3,4.327615248454273e-10,478.8,BID
224,1712602890.8513055,59341671.04037705,474.3,0.0,478.8,BID
225,1712602910.5517848,59341717.65360769,474.0,-1.5899032381771655e-09,478.8,ASK
226,1712602912.9017706,59341759.79435779,474.6,1.437354032968056e-09,478.8,BID
227,1712602920.5418766,59341759.79435779,474.6,0.0,478.8,BID
228,1712602944.63265,59341772.44457916,474.0,-4.3147833281215047e-10,478.8,ASK
229,1712602950.58682,59341772.44457916,474.0,-0.0,478.8,ASK
230,1712602956.103146,59341772.45258563,474.0,-2.730874690570757e-13,478.8,ASK
231,1712602965.4233954,59341799.93648967,474.0,9.37430762875962e-10,478.8,BID
232,1712602980.8625777,59341799.93648967,474.0,0.0,478.8,BID
233,1712603003.7031937,59341812.59204756,474.1,4.3166007247535343e-10,478.8,BID
234,1712603010.8632996,59341812.59204756,474.1,0.0,478.8,BID
235,1712603012.9530709,59341827.59204756,474.0,-5.11624996739516e-10,478.8,ASK
236,1712603012.963145,59342953.65298869,474.0,-3.840806168893956e-08,478.8,ASK
237,1712603013.1027431,59343809.17396878,474.0,-2.9180394576605626e-08,478.8,ASK
238,1712603025.9532976,59345964.91546836,474.0,-7.352874917960559e-08,478.8,ASK
239,1712603026.053177,59346158.90508878,474.0,-6.616662594489461e-09,478.8,ASK
240,1712603040.5608976,59346158.90508878,474.0,-0.0,478.8,ASK
241,1712603045.54377,59346171.56064667,474.0,-4.316296542265937e-10,478.8,ASK
242,1712603048.321474,59347724.91719753,474.0,-5.297867995961817e-08,478.8,ASK
243,1712603052.8339732,59352342.98445262,474.0,-1.5750350877461845e-07,478.8,ASK
244,1712603052.9371262,59358082.29804368,474.0,1.9574466516365482e-07,478.8,BID
245,1712603063.634128,59358094.94293303,474.5,4.3126579372908846e-10,478.8,BID
246,1712603070.6466982,59358094.94293303,474.5,0.0,478.8,BID
247,1712603100.8441849,59358094.94293303,474.5,0.0,478.8,BID
248,1712603119.5945687,59358107.58782238,474.0,-4.3121711966126786e-10,478.8,ASK
249,1712603124.4147725,59358115.36420787,474.5,2.6519097651444646e-10,478.8,BID
250,1712603124.4177852,59359245.62786452,474.5,3.8544349823235225e-08,478.8,BID
251,1712603130.854434,59359245.62786452,474.5,0.0,478.8,BID
252,1712603141.6847074,59359258.27275387,474.5,4.3120909100731856e-10,478.8,BID
253,1712603159.8447783,59374593.77465387,474.5,5.229628863440273e-07,478.8,BID
254,1712603160.5549693,59374593.77465387,474.5,0.0,478.8,BID
255,1712603161.625914,59374614.84946946,474.5,7.185033777583381e-10,478.8,BID
256,1712603172.3960974,59378874.45732896,474.2,-1.452227480413763e-07,478.8,ASK
257,1712603172.400837,59378942.76464336,474.1,-2.32880026429158e-09,478.8,ASK
258,1712603172.4050736,59378963.83945895,474.5,-7.185033775043255e-10,478.8,ASK
259,1712603188.8653696,59378976.4843483,474.5,-4.3110202635018785e-10,478.8,ASK
260,1712603190.5410464,59378976.4843483,474.5,-0.0,478.8,ASK
261,1712603212.8452508,59378989.12124804,474.8,4.307991124440874e-10,478.8,BID
262,1712603220.8553417,59378989.12124804,474.8,0.0,478.8,BID
263,1712603237.255473,59379401.56202449,474.5,-1.4060338196158097e-08,478.8,ASK
264,1712603249.3088844,59379823.05833639,474.2,-1.4369046496238384e-08,478.8,ASK
265,1712603249.8659842,59381036.92145016,474.1,-4.1381276725906e-08,478.8,ASK
266,1712603249.8697946,59381318.44976818,474.1,-9.59745880892874e-09,478.8,ASK
267,1712603250.0256004,59385578.44976818,474.0,-1.4522579758197848e-07,478.8,ASK
268,1712603250.2910342,59385659.43117621,474.0,-2.7607017770982556e-09,478.8,ASK
269,1712603250.8853106,59385659.43117621,474.0,-0.0,478.8,ASK
270,1712603255.9355202,59385670.39088935,474.1,3.735825169470803e-10,478.8,BID
271,1712603256.5755208,59385683.02778909,473.5,-4.3075258942963694e-10,478.8,ASK
272,1712603256.6753645,59385704.10260468,474.1,7.18374883657645e-10,478.8,BID
273,1712603280.526131,59385716.75549375,474.2,4.3129761579607715e-10,478.8,BID
274,1712603280.5491018,59385716.75549375,474.2,0.0,478.8,BID
275,1712603310.5390005,59385716.75549375,474.2,0.0,478.8,BID
276,1712603322.126225,59385729.40838282,473.6,-4.3129721608339055e-10,478.8,ASK
277,1712603333.6063678,59385752.63590866,474.2,-7.91753344371468e-10,478.8,ASK
278,1712603339.2062612,59385765.28879773,474.2,4.3129721608339055e-10,478.8,BID
279,1712603340.8662975,59385765.28879773,474.2,0.0,478.8,BID
280,1712603354.9765134,59386148.30677772,474.2,1.3055868748718605e-08,478.8,BID
281,1712603370.86631,59386148.30677772,474.2,0.0,478.8,BID
282,1712603384.4631066,59386159.30677772,474.6,3.749528079920289e-10,478.8,BID
283,1712603393.3767557,59386171.95966679,474.0,-4.3129420766364015e-10,478.8,ASK
284,1712603400.5825536,59386171.95966679,474.0,-0.0,478.8,ASK
285,1712603413.2065678,59386182.95966679,474.6,3.749927598815214e-10,478.8,BID
286,1712603423.9469163,59387352.36548221,474.6,3.986533764970885e-08,478.8,BID
287,1712603430.557843,59387352.36548221,474.6,0.0,478.8,BID
288,1712603460.847035,59387352.36548221,474.6,0.0,478.8,BID
289,1712603479.3772757,59387365.00770724,474.6,4.309683924257607e-10,478.8,BID
290,1712603490.867074,59387365.00770724,474.6,0.0,478.8,BID
291,1712603520.4064424,59387377.64993227,474.6,-4.3096830453052574e-10,478.8,ASK
292,1712603520.5565264,59387377.64993227,474.6,-0.0,478.8,ASK
293,1712603542.5172389,59387390.28417105,474.9,4.306959682557723e-10,478.8,BID
294,1712603550.5771475,59387390.28417105,474.9,0.0,478.8,BID
295,1712603580.6068375,59387390.28417105,474.9,0.0,478.8,BID
296,1712603590.247383,59387402.91840983,474.6,-4.306958801623071e-10,478.8,ASK
297,1712603610.5507767,59387402.91840983,474.6,-0.0,478.8,ASK
298,1712603610.6186495,59387415.55530957,474.8,4.3078650311055245e-10,478.8,BID
299,1712603613.947852,59388936.10910957,474.8,5.183502819497164e-08,478.8,BID
300,1712603640.8575962,59388936.10910957,474.8,0.0,478.8,BID
301,1712603652.178022,59389642.18113989,474.8,2.40690959972211e-08,478.8,BID
302,1712603652.3379152,59389654.81803963,474.6,-4.307758133143127e-10,478.8,ASK
303,1712603665.987784,59389761.42784773,474.6,-3.6341925400166445e-09,478.8,ASK
304,1712603669.798086,59389774.06474747,474.8,4.307758130603319e-10,478.8,BID
305,1712603670.8678432,59389774.06474747,474.8,0.0,478.8,BID
306,1712603692.978136,59392754.96875849,474.8,1.0161384208307193e-07,478.8,BID
307,1712603700.6197138,59392754.96875849,474.8,0.0,478.8,BID
308,1712603723.468934,59392767.60565823,474.8,-4.308728752048614e-10,478.8,ASK
309,1712603730.539276,59392767.60565823,474.8,-0.0,478.8,ASK
310,1712603735.6282928,59410024.99423437,474.8,-5.88414822180654e-07,478.8,ASK
311,1712603735.6381571,59413323.83327306,474.8,-1.1247853508027817e-07,478.8,ASK
312,1712603735.7381525,59417418.66157575,474.6,-1.396189033443331e-07,478.8,ASK
313,1712603735.7420828,59417583.83327306,474.6,-5.631760244246422e-09,478.8,ASK
314,1712603736.2182715,59417629.36532627,474.6,-1.552479094666656e-09,478.8,ASK
315,1712603738.2638175,59418830.6298152,474.5,4.0958794404270135e-08,478.8,BID
316,1712603745.948335,59418843.27470455,474.5,4.3114520417257836e-10,478.8,BID
317,1712603760.858225,59418843.27470455,474.5,0.0,478.8,BID
318,1712603763.7081618,59419475.51917241,474.5,2.154816480852455e-08,478.8,BID
319,1712603790.878116,59419475.51917241,474.5,0.0,478.8,BID
320,1712603792.9780605,59419488.16406176,474.0,-4.3095888970515855e-10,478.8,ASK
321,1712603807.788368,59419500.80362358,474.7,4.3077731834865136e-10,478.8,BID
322,1712603820.573048,59419500.80362358,474.7,0.0,478.8,BID
323,1712603850.579798,59419500.80362358,474.7,0.0,478.8,BID
324,1712603854.9884486,59419513.4431854,474.1,-4.3077714226224526e-10,478.8,ASK
325,1712603874.8186142,59419521.23022146,474.9,2.6539505006014147e-10,478.8,BID
326,1712603874.8284528,59419526.07640372,475.0,1.6516589553909966e-10,478.8,BID
327,1712603880.888448,59419526.07640372,475.0,0.0,478.8,BID
328,1712603910.8884697,59419526.07640372,475.0,0.0,478.8,BID
329,1712603924.5187554,59419539.25066351,475.0,4.4900034874881985e-10,478.8,BID
330,1712603927.5892978,59419547.12903529,475.0,-2.6850781229406047e-10,478.8,ASK
331,1712603927.5936234,59419551.88388183,474.2,-1.6205295707187248e-10,478.8,ASK
332,1712603940.5486352,59419551.88388183,474.2,-0.0,478.8,ASK
333,1712603945.9087903,59419564.51280205,475.1,4.3041410336651366e-10,478.8,BID
334,1712603970.5886512,59419564.51280205,475.1,0.0,478.8,BID
335,1712603998.008902,59419577.14172227,474.0,-4.3041401535126335e-10,478.8,ASK
336,1712604000.587223,59419577.14172227,474.0,-0.0,478.8,ASK
337,1712604010.7989888,59419666.70620785,474.0,-3.053397899003764e-09,478.8,ASK
338,1712604014.4889784,59419679.33778679,475.0,4.306309176116428e-10,478.8,BID
339,1712604030.188131,59419691.98267614,474.0,-4.3108469072458647e-10,478.8,ASK
340,1712604030.568879,59419691.98267614,474.0,-0.0,478.8,ASK
341,1712604060.889051,59419691.98267614,474.0,-0.0,478.8,ASK
342,1712604061.7089038,59421138.83061832,474.6,4.9325290464772345e-08,478.8,BID
343,1712604064.619154,59421151.46219726,474.0,-4.3063011802441255e-10,478.8,ASK
344,1712604082.1093397,59421164.11241863,474.3,4.3126566748008085e-10,478.8,BID
345,1712604090.8790405,59421164.11241863,474.3,0.0,478.8,BID
346,1712604120.5772867,59421164.11241863,474.3,0.0,478.8,BID
347,1712604124.3991106,59421656.96951106,474.3,-1.6801862526665343e-08,478.8,ASK
348,1712604126.430704,59422116.70938806,474.0,-1.567287217732947e-08,478.8,ASK
349,1712604127.2894323,59422339.13932707,474.0,-7.582801007491749e-09,478.8,ASK
350,1712604127.2935483,59422564.09790338,474.0,-7.669004121749217e-09,478.8,ASK
351,1712604127.5292792,59422812.57518516,474.0,-8.470774172781883e-09,478.8,ASK
352,1712604127.5318258,59422904.07230505,474.0,-3.119204438130945e-09,478.8,ASK
353,1712604127.5494373,59423077.09133517,474.0,-5.898346606245639e-09,478.8,ASK
354,1712604127.552948,59423098.06993194,474.0,-7.15175868079493e-10,478.8,ASK
355,1712604127.629775,59424745.9932339,474.0,-5.6178923260115693e-08,478.8,ASK
356,1712604127.6335018,59426222.04845523,474.0,-5.0319813372696416e-08,478.8,ASK
357,1712604127.7493713,59427455.70514017,474.2,4.205626812266608e-08,478.8,BID
358,1712604130.9593463,59427468.35536154,473.7,-4.312553956446417e-10,478.8,ASK
359,1712604150.561545,59427468.35536154,473.7,-0.0,478.8,ASK
360,1712604157.839487,59427481.01358938,474.0,4.314843808668211e-10,478.8,BID
361,1712604180.859418,59427481.01358938,474.0,0.0,478.8,BID
362,1712604196.4697926,59427493.67181722,473.7,-4.314842926181017e-10,478.8,ASK
363,1712604210.9007964,59427493.67181722,473.7,-0.0,478.8,ASK
364,1712604220.1799805,59427501.49020186,473.7,-2.6650724882399344e-10,478.8,ASK
365,1712604220.1847308,59428775.84224539,473.7,-4.343915946791157e-08,478.8,ASK
366,1712604221.54313,59428788.49780328,474.1,4.31393193070548e-10,478.8,BID
367,1712604230.599774,59429836.19979018,473.7,-3.5713281832017935e-08,478.8,ASK
368,1712604235.329725,59431931.48661038,473.7,7.142257021973426e-08,478.8,BID
369,1712604240.540007,59431931.48661038,473.7,0.0,478.8,BID
370,1712604262.949915,59431944.14216827,473.7,-4.313622824469968e-10,478.8,ASK
371,1712604270.5802584,59431944.14216827,473.7,-0.0,478.8,ASK
372,1712604273.5302424,59432366.35031688,473.8,-1.4390881467488252e-08,478.8,ASK
373,1712604273.5348313,59432374.80516642,473.7,-2.8818187894340046e-10,478.8,ASK
374,1712604275.02985,59432395.89776291,474.0,7.18936990845329e-10,478.8,BID
375,1712604280.0897255,59432408.5533208,474.1,4.313621945579879e-10,478.8,BID
376,1712604300.8795042,59432408.5533208,474.1,0.0,478.8,BID
377,1712604330.860238,59432408.5533208,474.1,0.0,478.8,BID
378,1712604331.029947,59432421.20887869,473.6,-4.3255247045096275e-10,478.8,ASK
379,1712604349.2996583,59432433.86710653,474.0,4.3264372637933005e-10,478.8,BID
380,1712604360.632346,59432433.86710653,474.0,0.0,478.8,BID
381,1712604370.5302022,59432442.30414513,473.6,-2.883681957627439e-10,478.8,ASK
382,1712604370.532539,59433035.49515845,473.6,-2.027458097028422e-08,478.8,ASK
383,1712604386.109873,59433046.49515845,474.0,3.7596724438631287e-10,478.8,BID
384,1712604390.589703,59433046.49515845,474.0,0.0,478.8,BID
385,1712604401.7999127,59433059.15338629,473.7,-4.3263925861959885e-10,478.8,ASK
386,1712604405.0328991,59433359.96741225,473.7,-1.0281372624489489e-08,478.8,ASK
387,1712604420.569585,59433359.96741225,473.7,-0.0,478.8,ASK
388,1712604440.9704387,59433532.03452935,473.7,-5.880966365288732e-09,478.8,ASK
389,1712604440.9753883,59433544.7007738,473.7,-4.329110571681351e-10,478.8,ASK
390,1712604450.555132,59433544.7007738,473.7,-0.0,478.8,ASK
391,1712604462.690109,59433557.36167272,473.9,4.3272706188119607e-10,478.8,BID
392,1712604467.0903149,59435073.87530075,473.6,-5.183174516321805e-08,478.8,ASK
393,1712604467.094212,59435297.10915732,473.5,-7.62973714940337e-09,478.8,ASK
394,1712604467.7100618,59436564.26860821,473.5,4.330926180030482e-08,478.8,BID
395,1712604467.8500085,59439769.65820156,473.5,1.095545292047556e-07,478.8,BID
396,1712604480.870182,59439769.65820156,473.5,0.0,478.8,BID
397,1712604504.530367,59439782.31910048,473.7,-4.326834703810571e-10,478.8,ASK
398,1712604510.8800006,59439782.31910048,473.7,-0.0,478.8,ASK
399,1712604528.200283,59439794.97732832,474.0,4.3259209846541825e-10,478.8,BID
400,1712604540.6006134,59439794.97732832,474.0,0.0,478.8,BID
401,1712604558.9806948,59441937.22240115,473.7,-7.321073002726307e-08,478.8,ASK
402,1712604570.5705562,59441937.22240115,473.7,-0.0,478.8,ASK
403,1712604572.6301265,59441949.88062899,473.7,-4.3257700777114616e-10,478.8,ASK
404,1712604573.4955962,59441995.1853104,473.7,-1.5482233195299895e-09,478.8,ASK
405,1712604596.851128,59442007.84353824,474.0,4.3257700777114616e-10,478.8,BID
406,1712604600.6904025,59442007.84353824,474.0,0.0,478.8,BID
407,1712604630.5909226,59442007.84353824,474.0,0.0,478.8,BID
408,1712604634.6203926,59444216.82103202,474.0,7.550348856066403e-08,478.8,BID
409,1712604634.6299827,59450601.15812501,474.0,2.1821848526125925e-07,478.8,BID
410,1712604641.2934515,59450613.81635285,473.7,-4.3266188247742117e-10,478.8,ASK
411,1712604659.0705662,59450626.45591467,474.7,4.3202387247201344e-10,478.8,BID
412,1712604660.895324,59450626.45591467,474.7,0.0,478.8,BID
413,1712604690.8708346,59450626.45591467,474.7,0.0,478.8,BID
414,1712604707.5034895,59450639.09547649,473.7,-4.3196355581985287e-10,478.8,ASK
415,1712604720.552893,59450639.09547649,473.7,-0.0,478.8,ASK
416,1712604725.890372,59450651.74303129,474.4,4.3223663143958996e-10,478.8,BID
417,1712604727.340678,59452320.01868655,473.7,-5.7014170798046926e-08,478.8,ASK
418,1712604727.3440328,59454927.3520018,473.7,-8.910694494345404e-08,478.8,ASK
419,1712604727.3473303,59455032.90403895,473.7,-3.6072946669080867e-09,478.8,ASK
420,1712604737.930368,59456780.70744746,473.7,-5.973207229895033e-08,478.8,ASK
421,1712604750.5945995,59456780.70744746,473.7,-0.0,478.8,ASK
422,1712604764.5601602,59456808.1913515,473.7,-9.391830488255967e-10,478.8,ASK
423,1712604780.6145933,59456808.1913515,473.7,-0.0,478.8,ASK
424,1712604781.0004692,59456820.8389063,473.8,-4.321934676647088e-10,478.8,ASK
425,1712604796.440521,59456833.49179537,474.2,4.3237575070308046e-10,478.8,BID
426,1712604810.575496,59456833.49179537,474.2,0.0,478.8,BID
427,1712604823.0405478,59457044.37327997,474.2,7.206259564491425e-09,478.8,BID
428,1712604840.9443538,59457044.37327997,474.2,0.0,478.8,BID
429,1712604847.6507545,59457057.02616904,473.8,-4.3237409625530047e-10,478.8,ASK
430,1712604869.730538,59457069.66839407,474.6,4.3200968484354606e-10,478.8,BID
431,1712604870.8808663,59457069.66839407,474.6,0.0,478.8,BID
432,1712604900.5591187,59457069.66839407,474.6,0.0,478.8,BID
433,1712604909.2611065,59457104.40409322,474.2,-1.1873227391551543e-09,478.8,ASK
434,1712604911.8805954,59457117.04631825,474.2,-4.321318301795704e-10,478.8,ASK
435,1712604919.02059,59459178.48324012,474.2,-7.046326955420595e-08,478.8,ASK
436,1712604920.670698,59461269.59151108,474.2,7.147748456437254e-08,478.8,BID
437,1712604927.820539,59461282.2310729,474.7,4.3204079758015005e-10,478.8,BID
438,1712604930.5534766,59461282.2310729,474.7,0.0,478.8,BID
439,1712604960.8707302,59461282.2310729,474.7,0.0,478.8,BID
440,1712604965.3105664,59461507.2902307,474.7,7.692363115274607e-09,478.8,BID
441,1712604968.4605756,59461549.41368129,474.7,1.439749800879645e-09,478.8,BID
442,1712604976.4310925,59461562.05324311,474.0,-4.3201129901477127e-10,478.8,ASK
443,1712604990.8605514,59461562.05324311,474.0,-0.0,478.8,ASK
444,1712604993.0507855,59461574.69280493,474.7,4.3200933803889606e-10,478.8,BID
445,1712604998.4143474,59461595.75874131,474.7,7.200155635679297e-10,478.8,BID
446,1712605015.0210476,59464595.75874131,474.7,1.0253741641616601e-07,478.8,BID
447,1712605020.647046,59464595.75874131,474.7,0.0,478.8,BID
448,1712605037.4408386,59465995.49658744,474.7,4.783947940889718e-08,478.8,BID
449,1712605037.6208923,59466702.35237939,474.7,-2.4158533112123503e-08,478.8,ASK
450,1712605050.5895054,59466702.35237939,474.7,-0.0,478.8,ASK
451,1712605051.4507482,59466714.99194121,474.0,-4.319733112415816e-10,478.8,ASK
452,1712605065.6210406,59466727.62352015,475.0,4.3170048578132566e-10,478.8,BID
453,1712605080.860974,59466727.62352015,475.0,0.0,478.8,BID
454,1712605110.8719246,59466727.62352015,475.0,0.0,478.8,BID
455,1712605123.1709926,59466740.25509909,474.3,-4.3170030886489236e-10,478.8,ASK
456,1712605140.5712092,59466740.25509909,474.3,-0.0,478.8,ASK
457,1712605141.981287,59466752.88667803,475.0,4.3170022072654966e-10,478.8,BID
458,1712605170.588326,59466752.88667803,475.0,0.0,478.8,BID
459,1712605193.5212643,59466759.25312401,474.0,-2.1758131613602719e-10,478.8,ASK
460,1712605193.5257869,59466765.51825697,474.0,-2.1411881581249438e-10,478.8,ASK
461,1712605200.6088886,59466765.51825697,474.0,-0.0,478.8,ASK
462,1712605215.9029987,59466778.16314632,474.5,4.3225147175551535e-10,478.8,BID
463,1712605230.5640788,59466778.16314632,474.5,0.0,478.8,BID
464,1712605240.2710783,59466890.67439744,474.0,-3.8460711340405705e-09,478.8,ASK
465,1712605257.6113353,59467153.18598804,474.0,-8.973664774780263e-09,478.8,ASK
466,1712605257.751108,59467315.25356795,474.0,5.540098742495693e-09,478.8,BID
467,1712605260.8744364,59467315.25356795,474.0,0.0,478.8,BID
468,1712605269.9911385,59467327.8984573,474.0,-4.32247621692445e-10,478.8,ASK
469,1712605290.8710694,59467327.8984573,474.0,-0.0,478.8,ASK
470,1712605290.9849758,59467340.54867867,474.3,4.3242980023076924e-10,478.8,BID
471,1712605320.5647075,59467340.54867867,474.3,0.0,478.8,BID
472,1712605341.271068,59467353.19890004,473.8,-4.3242971179349396e-10,478.8,ASK
473,1712605350.600904,59467353.19890004,473.8,-0.0,478.8,ASK
474,1712605368.7576256,59467365.84912141,474.3,4.3242962319506524e-10,478.8,BID
475,1712605380.8611906,59467365.84912141,474.3,0.0,478.8,BID
476,1712605387.1313186,59470115.9828641,474.3,9.400934729712585e-08,478.8,BID
477,1712605387.1410604,59504691.68242136,474.3,1.1819203180060754e-06,478.8,BID
478,1712605410.9013178,59504691.68242136,474.3,0.0,478.8,BID
479,1712605416.2315197,59504704.33264273,473.8,-4.321679979091131e-10,478.8,ASK
480,1712605432.1912696,59504716.98019753,474.4,4.320769001890913e-10,478.8,BID
481,1712605440.5837684,59504716.98019753,474.4,0.0,478.8,BID
482,1712605470.5717924,59504716.98019753,474.4,0.0,478.8,BID
483,1712605485.3215528,59504729.62775233,473.8,-4.32076723150632e-10,478.8,ASK
484,1712605500.603185,59504729.62775233,473.8,-0.0,478.8,ASK
485,1712605506.1915648,59504742.27530713,474.4,4.320941602099922e-10,478.8,BID
486,1712605530.6188917,59504742.27530713,474.4,0.0,478.8,BID
487,1712605560.8718455,59504742.27530713,474.4,0.0,478.8,BID
488,1712605567.9927008,59504742.29132345,473.8,-5.471856013653079e-13,478.8,ASK
489,1712605567.9971805,59504754.92286193,473.8,-4.3154688629016415e-10,478.8,ASK
490,1712605587.5214682,59504953.08390355,473.8,-6.770020977720182e-09,478.8,ASK
491,1712605589.6114094,59504965.74747467,473.8,4.32641256983808e-10,478.8,BID
492,1712605590.9014602,59504965.74747467,473.8,0.0,478.8,BID
493,1712605592.2413127,59506865.96360501,473.8,6.49192011930529e-08,478.8,BID
494,1712605620.5506494,59506865.96360501,473.8,0.0,478.8,BID
495,1712605635.2817595,59506878.62717613,473.8,-4.326263849429148e-10,478.8,ASK
496,1712605650.5680473,59506878.62717613,473.8,-0.0,478.8,ASK
497,1712605680.8817186,59506878.62717613,473.8,-0.0,478.8,ASK
498,1712605688.5518992,59506891.27473093,474.4,4.3207912983870575e-10,478.8,BID
499,1712605710.8717864,59506891.27473093,474.4,0.0,478.8,BID
500,1712605739.271649,59506903.92228573,474.0,-4.3207904127186147e-10,478.8,ASK
501,1712605740.041543,59506925.32639531,474.0,-7.312296561595298e-10,478.8,ASK
502,1712605740.5900798,59506925.32639531,474.0,-0.0,478.8,ASK
503,1712605743.2318113,59515846.42989531,474.4,3.04771932826434e-07,478.8,BID
504,1712605749.9519126,59517098.07723932,474.4,4.276006664986783e-08,478.8,BID
505,1712605762.8218071,59517110.72479412,474.4,4.320788030200135e-10,478.8,BID
506,1712605770.5904016,59517110.72479412,474.4,0.0,478.8,BID
507,1712605800.6129105,59517110.72479412,474.4,0.0,478.8,BID
508,1712605801.6518571,59517123.37234892,473.9,-4.346925305944796e-10,478.8,ASK
509,1712605808.3529928,59517942.88070302,474.4,2.8166247620323955e-08,478.8,BID
510,1712605808.3579135,59518172.08624337,474.4,7.877723238832977e-09,478.8,BID
511,1712605830.5859668,59518172.08624337,474.4,0.0,478.8,BID
512,1712605859.3718462,59518184.72048215,474.9,4.3422734869244494e-10,478.8,BID
513,1712605860.8617687,59518184.72048215,474.9,0.0,478.8,BID
514,1712605888.1817496,59520115.69440138,474.2,-6.636581174911529e-08,478.8,ASK
515,1712605890.8819237,59520115.69440138,474.2,-0.0,478.8,ASK
516,1712605900.6719675,59520128.32864016,474.2,-4.3421359415662524e-10,478.8,ASK
517,1712605917.002247,59520140.9655399,474.8,4.3430504604445803e-10,478.8,BID
518,1712605920.6178143,59520140.9655399,474.8,0.0,478.8,BID
519,1712605928.4262607,59521195.37296292,474.8,-3.623786570469188e-08,478.8,ASK
520,1712605944.2819445,59521279.6091127,474.2,-2.8950273078342587e-09,478.8,ASK
521,1712605949.88237,59521835.68473901,474.9,1.9111202584322912e-08,478.8,BID
522,1712605949.8887825,59523983.87347717,474.9,7.3828933012296e-08,478.8,BID
523,1712605950.6268346,59523983.87347717,474.9,0.0,478.8,BID
524,1712605969.2635376,59523996.51037691,474.2,-4.3427763097965426e-10,478.8,ASK
525,1712605980.8618722,59523996.51037691,474.2,-0.0,478.8,ASK
526,1712605992.0220716,59524009.14195585,475.0,4.340946880174128e-10,478.8,BID
527,1712606010.872485,59524009.14195585,475.0,0.0,478.8,BID
528,1712606035.0621257,59524021.77353479,474.3,-4.340945982532418e-10,478.8,ASK
529,1712606040.5736434,59524021.77353479,474.3,-0.0,478.8,ASK
530,1712606049.6922655,59524027.47805818,475.0,1.960405973436895e-10,478.8,BID
531,1712606049.696987,59524188.56053241,475.0,5.535730559743486e-09,478.8,BID
532,1712606049.852325,59524382.5581593,475.0,-6.6668866168794415e-09,478.8,ASK
533,1712606049.9519844,59528649.65837689,475.0,-1.4664237800327904e-07,478.8,ASK
534,1712606055.6321197,59528919.59498753,475.0,-9.276591707666765e-09,478.8,ASK
535,1712606057.9419963,59528932.22390775,475.1,4.3400313988817855e-10,478.8,BID
536,1712606061.334065,59530139.3054528,474.3,-4.148234144610032e-08,478.8,ASK
537,1712606070.5413475,59530139.3054528,474.3,-0.0,478.8,ASK
538,1712606100.6019535,59530139.3054528,474.3,-0.0,478.8,ASK
539,1712606101.1622431,59530151.93437302,474.2,-4.3401850826315434e-10,478.8,ASK
540,1712606122.6133986,59530164.56595196,475.0,4.3410988048747966e-10,478.8,BID
541,1712606130.627121,59530164.56595196,475.0,0.0,478.8,BID
542,1712606143.7557728,59530385.77113884,475.0,7.602162655454279e-09,478.8,BID
543,1712606158.7223542,59530596.65262344,474.2,-7.247367792503915e-09,478.8,ASK
544,1712606158.7282903,59532080.48093921,474.2,-5.0994754545834426e-08,478.8,ASK
545,1712606160.872115,59532080.48093921,474.2,-0.0,478.8,ASK
546,1712606162.6322076,59532093.11251815,474.1,-4.3409614504806216e-10,478.8,ASK
547,1712606167.1527624,59532699.99339238,474.5,2.0856034650743043e-08,478.8,BID
548,1712606167.1607463,59533907.07493743,474.5,4.148249779961965e-08,478.8,BID
549,1712606167.212127,59535093.11251815,474.5,-4.075930208176711e-08,478.8,ASK
550,1712606167.255057,59535392.89098311,474.2,-1.0302170192437096e-08,478.8,ASK
551,1712606167.2598543,59535690.19254996,474.2,-1.021704924830026e-08,478.8,ASK
552,1712606167.332086,59535987.63094429,474.2,-1.0221751454060758e-08,478.8,ASK
553,1712606190.842357,59535987.63094429,474.2,-0.0,478.8,ASK
554,1712606190.957856,59538606.89535656,474.3,-9.000776255087525e-08,478.8,ASK
555,1712606190.9602115,59542279.57725301,474.3,-1.262071436972789e-07,478.8,ASK
556,1712606201.9721603,59542681.2666659,474.3,-1.3803556878570818e-08,478.8,ASK
557,1712606210.682408,59542693.90090468,474.9,4.3415989571485215e-10,478.8,BID
558,1712606220.5790746,59542693.90090468,474.9,0.0,478.8,BID
559,1712606250.5657165,59542693.90090468,474.9,0.0,478.8,BID
560,1712606258.7732844,59542706.53514346,474.3,-4.3411244551433004e-10,478.8,ASK
561,1712606267.0824144,59543801.89392286,474.3,-3.763652775116471e-08,478.8,ASK
562,1712606272.5225892,59544012.42023864,475.0,7.2336842276315315e-09,478.8,BID
563,1712606280.8823917,59544012.42023864,475.0,0.0,478.8,BID
564,1712606281.612219,59544025.05181758,475.0,4.340117254135784e-10,478.8,BID
565,1712606290.9625752,59544235.88884056,474.3,-7.244204428193213e-09,478.8,ASK
566,1712606290.9688091,59544322.79106193,474.3,-2.985896157797071e-09,478.8,ASK
567,1712606292.6326778,59549748.39389106,474.2,-1.8641970695842002e-07,478.8,ASK
568,1712606300.3527994,59555079.28507621,474.2,-1.831654848061245e-07,478.8,ASK
569,1712606302.00239,59556127.36642703,474.1,-3.601130131368493e-08,478.8,ASK
570,1712606310.9132094,59556127.36642703,474.1,-0.0,478.8,ASK
571,1712606323.2725053,59556139.99800597,474.0,-4.339260733759437e-10,478.8,ASK
572,1712606340.5738358,59556139.99800597,474.0,-0.0,478.8,ASK
573,1712606341.322605,59556152.64556077,474.4,4.3447479427515725e-10,478.8,BID
574,1712606370.5623918,59556152.64556077,474.4,0.0,478.8,BID
575,1712606393.652922,59556165.29311557,474.0,-4.34474704723472e-10,478.8,ASK
576,1712606397.2034953,59556350.98444596,474.0,-6.378955238103662e-09,478.8,ASK
577,1712606397.2087686,59556433.6275379,473.4,-2.838994061369414e-09,478.8,ASK
578,1712606397.2142549,59557267.03311557,473.7,-2.86295373298148e-08,478.8,ASK
579,1712606400.7963762,59557267.03311557,473.7,-0.0,478.8,ASK
580,1712606416.7128,59557279.68067037,474.4,4.3459268145378124e-10,478.8,BID
581,1712606430.6148286,59557279.68067037,474.4,0.0,478.8,BID
582,1712606432.5926068,59557478.71254644,473.5,-6.839091053479079e-09,478.8,ASK
583,1712606437.7730775,59557969.85434396,473.5,-1.6876510134064906e-08,478.8,ASK
584,1712606442.5687623,59557982.50189876,474.4,4.3459259185349286e-10,478.8,BID
585,1712606457.7426963,59557995.14945356,473.6,-4.3459259185349286e-10,478.8,ASK
586,1712606460.8933845,59557995.14945356,473.6,-0.0,478.8,ASK
587,1712606480.5726688,59558007.79700836,474.4,4.3458753267620277e-10,478.8,BID
588,1712606490.8731074,59558007.79700836,474.4,0.0,478.8,BID
589,1712606520.6280868,59558007.79700836,474.4,0.0,478.8,BID
590,1712606523.1226797,59558020.44456316,473.6,-4.3458744307803746e-10,478.8,ASK
591,1712606545.942695,59558033.09211796,474.4,4.3458744307803746e-10,478.8,BID
592,1712606550.614911,59558033.09211796,474.4,0.0,478.8,BID
593,1712606580.5994017,59558033.09211796,474.4,0.0,478.8,BID
594,1712606584.0229535,59558138.64415511,474.4,3.626912218501304e-09,478.8,BID
595,1712606584.0299432,59558665.46985826,474.4,1.8102450993640712e-08,478.8,BID
596,1712606587.0526786,59558678.11741306,473.6,-4.345872640329103e-10,478.8,ASK
597,1712606610.596436,59558678.11741306,473.6,-0.0,478.8,ASK
598,1712606640.8818605,59558678.11741306,473.6,-0.0,478.8,ASK
599,1712606643.0921547,59558690.76496786,474.4,4.345826947303144e-10,478.8,BID
600,1712606668.6810703,59558701.9369746,474.4,3.838813803877793e-10,478.8,BID
601,1712606670.851282,59558701.9369746,474.4,0.0,478.8,BID
602,1712606681.510423,59559334.3147149,474.4,2.1729126310040908e-08,478.8,BID
603,1712606683.230406,59559346.9622697,473.6,-4.3458252599089045e-10,478.8,ASK
604,1712606700.3002565,59559359.6098245,474.4,4.3458252599089045e-10,478.8,BID
605,1712606700.5701044,59559359.6098245,474.4,0.0,478.8,BID
606,1712606730.5718906,59559359.6098245,474.4,0.0,478.8,BID
607,1712606753.238825,59559372.2573793,473.6,-4.347033458483852e-10,478.8,ASK
608,1712606760.8883092,59559372.2573793,473.6,-0.0,478.8,ASK
609,1712606782.948362,59559383.2573793,474.3,3.7807591234333607e-10,478.8,BID
610,1712606790.8579736,59559383.2573793,474.3,0.0,478.8,BID
611,1712606797.277715,59559423.35952817,474.3,1.3783321637675087e-09,478.8,BID
612,1712606820.535129,59559423.35952817,474.3,0.0,478.8,BID
613,1712606850.5562856,59559423.35952817,474.3,0.0,478.8,BID
614,1712606872.8159058,59559436.02042709,473.9,4.351615385487835e-10,478.8,BID
615,1712606880.8458438,59559436.02042709,473.9,0.0,478.8,BID
616,1712606897.985433,59559697.56722279,473.9,8.989494603078803e-09,478.8,BID
617,1712606902.55555,59559774.5181293,473.9,2.6448412679339702e-09,478.8,BID
618,1712606910.8851397,59559774.5181293,473.9,0.0,478.8,BID
619,1712606915.8452232,59559787.17902822,473.9,-4.3515904955391957e-10,478.8,ASK
620,1712606939.627605,59559799.83191729,474.2,4.3488374847459004e-10,478.8,BID
621,1712606940.6241517,59559799.83191729,474.2,0.0,478.8,BID
622,1712606957.3344064,59559892.61977053,474.2,3.189146174579937e-09,478.8,BID
623,1712606970.709389,59559892.61977053,474.2,0.0,478.8,BID
624,1712606977.2540796,59559905.2726596,474.2,-4.3488291143914805e-10,478.8,ASK
625,1712606978.6835842,59561738.82024682,474.2,-6.30194818274394e-08,478.8,ASK
626,1712606996.743968,59561751.47046819,474.3,4.347912218396157e-10,478.8,BID
627,1712607000.7237866,59561751.47046819,474.3,0.0,478.8,BID
628,1712607026.4332094,59561856.73093093,474.3,3.620749340138207e-09,478.8,BID
629,1712607027.553095,59563965.10116074,474.3,7.252371802043986e-08,478.8,BID
630,1712607028.673064,59564147.71785903,474.3,6.281649088552937e-09,478.8,BID
631,1712607030.5663688,59564147.71785903,474.3,0.0,478.8,BID
632,1712607043.362761,59565177.91528196,474.3,3.54353450602136e-08,478.8,BID
633,1712607047.1626933,59565190.56550333,473.9,-4.3512529672730016e-10,478.8,ASK
634,1712607060.8766763,59565190.56550333,473.9,-0.0,478.8,ASK
635,1712607070.6823952,59565203.21305813,474.4,4.350261744482495e-10,478.8,BID
636,1712607072.6121602,59566257.17595864,474.4,3.625218122187431e-08,478.8,BID
637,1712607077.1236496,59566457.17595864,474.4,6.879213908623589e-09,478.8,BID
638,1712607077.1291838,59571229.86715096,474.4,1.641618181589161e-07,478.8,BID
639,1712607084.543051,59581226.41195096,474.5,3.438418501316391e-07,478.8,BID
640,1712607084.6323285,59619135.30368,474.5,1.303916876214655e-06,478.8,BID
641,1712607084.7928493,59619479.39193992,474.5,1.18352837171952e-08,478.8,BID
642,1712607090.8819249,59619479.39193992,474.5,0.0,478.8,BID
643,1712607104.9218264,59658937.87344732,474.5,1.35601521246721e-06,478.8,BID
644,1712607106.3318677,59672585.42164732,474.5,4.69006466166336e-07,478.8,BID
645,1712607106.4518397,59675282.99804412,474.5,9.270388750687797e-08,478.8,BID
646,1712607107.211699,59679542.99804412,474.5,1.4639754456915018e-07,478.8,BID
647,1712607107.3719263,59680124.9909248,474.5,2.0000546640429497e-08,478.8,BID
648,1712607108.0118697,59680257.06098976,474.5,4.538669770307938e-09,478.8,BID
649,1712607112.8341968,59680269.70854456,474.3,-4.346410721857352e-10,478.8,ASK
650,1712607120.5477586,59680269.70854456,474.3,-0.0,478.8,ASK
651,1712607124.5316238,59680610.50854456,474.5,1.1700205427627629e-08,478.8,BID
652,1712607139.8706005,59682717.99010409,474.5,7.235319008700856e-08,478.8,BID
653,1712607139.9413457,59682933.78673509,474.5,7.408641177590924e-09,478.8,BID
654,1712607150.6004553,59682933.78673509,474.5,0.0,478.8,BID
655,1712607159.111561,59682933.78673555,474.5,1.5858308422832506e-17,478.8,BID
656,1712607159.116977,59682946.42097387,474.9,4.3373464987658325e-10,478.8,BID
657,1712607167.7809985,59683133.78673555,474.9,6.432285112819681e-09,478.8,BID
658,1712607167.900962,59683761.883952,474.9,-2.156263950519001e-08,478.8,ASK
659,1712607177.0411143,59683926.02208634,474.9,-5.634878370882696e-09,478.8,ASK
660,1712607180.8504906,59683926.02208634,474.9,-0.0,478.8,ASK
661,1712607210.8603618,59683926.02208634,474.9,-0.0,478.8,ASK
662,1712607213.220357,59683938.65632512,474.4,-4.337276494207155e-10,478.8,ASK
663,1712607234.8005283,59683943.42181326,475.1,1.6359703227823438e-10,478.8,BID
664,1712607234.8077588,59683951.28524534,475.1,2.6994803341583717e-10,478.8,BID
665,1712607240.5753195,59683951.28524534,475.1,0.0,478.8,BID
666,1712607241.390647,59683952.8849388,475.1,5.4916723643334485e-11,478.8,BID
667,1712607241.3964567,59683963.35760905,475.1,3.595218405765299e-10,478.8,BID
668,1712607245.6202345,59683981.00983871,474.4,-6.059927359590176e-10,478.8,ASK
669,1712607262.0400684,59684852.03117508,474.4,-2.9901752520435366e-08,478.8,ASK
670,1712607270.637218,59684852.03117508,474.4,-0.0,478.8,ASK
671,1712607274.2807271,59685104.60957962,475.1,8.670770550616454e-09,478.8,BID
672,1712607278.169585,59685117.23849984,474.4,-4.335385272750515e-10,478.8,ASK
673,1712607294.809592,59685129.86742006,475.1,4.335385272750515e-10,478.8,BID
674,1712607300.5906942,59685129.86742006,475.1,0.0,478.8,BID
675,1712607330.5605166,59685129.86742006,475.1,0.0,478.8,BID
676,1712607343.0024817,59685142.49634028,474.5,-4.337174988754408e-10,478.8,ASK
677,1712607360.8819716,59685142.49634028,474.5,-0.0,478.8,ASK
678,1712607366.1588106,59685155.12791922,475.0,4.338087184520529e-10,478.8,BID
679,1712607366.859123,59685370.92455022,474.7,-7.411144751294155e-09,478.8,ASK
680,1712607390.8684382,59685370.92455022,474.7,-0.0,478.8,ASK
681,1712607407.798956,59685430.92455022,474.7,-2.0605837404296434e-09,478.8,ASK
682,1712607409.9882815,59685443.55612916,474.7,-4.3380710289820014e-10,478.8,ASK
683,1712607420.548479,59685443.55612916,474.7,-0.0,478.8,ASK
684,1712607432.3483784,59685456.1877081,475.0,4.3380658948918814e-10,478.8,BID
685,1712607448.3779857,59692211.98875494,475.0,2.3201462178605537e-07,478.8,BID
686,1712607450.5566156,59692211.98875494,475.0,0.0,478.8,BID
687,1712607464.2978497,59692322.16096546,475.0,3.7832288960577805e-09,478.8,BID
688,1712607468.7279282,59692556.41653745,474.7,-8.04415600704195e-09,478.8,ASK
689,1712607474.5080464,59692569.04811639,474.5,-4.3375869688867987e-10,478.8,ASK
690,1712607480.8675852,59692569.04811639,474.5,-0.0,478.8,ASK
691,1712607497.9774563,59692581.68235517,474.9,4.3384750796672014e-10,478.8,BID
692,1712607502.6278455,59695568.74277255,474.9,1.0257275810893737e-07,478.8,BID
693,1712607502.6348126,59695981.38523998,474.9,1.4169742182357392e-08,478.8,BID
694,1712607510.8474844,59695981.38523998,474.9,0.0,478.8,BID
695,1712607514.472797,59695990.24149529,474.5,-3.0409829697511645e-10,478.8,ASK
696,1712607515.3110087,59696294.54219956,474.4,-1.0448809651589923e-08,478.8,ASK
697,1712607515.3182175,59696537.74792946,474.4,-8.350984214811461e-09,478.8,ASK
698,1712607525.2674985,59696550.9955475,474.4,-4.5488504401892375e-10,478.8,ASK
699,1712607525.2720678,59696899.78211674,474.4,-1.1976326113774296e-08,478.8,ASK
700,1712607526.607297,59699004.87426856,474.4,-7.22828008109705e-08,478.8,ASK
701,1712607526.614556,59701112.80006957,474.4,-7.238010016181718e-08,478.8,ASK
702,1712607532.507848,59701512.80006957,474.4,1.3734847806725094e-08,478.8,BID
703,1712607538.9974184,59701514.87814137,474.1,-7.135499985913478e-11,478.8,ASK
704,1712607539.004065,59701525.43430835,474.3,-3.624683671180463e-10,478.8,ASK
705,1712607540.5856135,59701525.43430835,474.3,-0.0,478.8,ASK
706,1712607563.1076815,59701538.08186315,474.4,4.3424138445384465e-10,478.8,BID
707,1712607570.6220472,59701538.08186315,474.4,0.0,478.8,BID
708,1712607600.592241,59701538.08186315,474.4,0.0,478.8,BID
709,1712607604.3637593,59701540.33531089,473.9,-7.742349131334736e-11,478.8,ASK
710,1712607604.3674283,59701550.72941795,474.1,-3.571185800436557e-10,478.8,ASK
711,1712607627.6469452,59701563.37697275,474.4,4.345420713570031e-10,478.8,BID
712,1712607630.531296,59701563.37697275,474.4,0.0,478.8,BID
713,1712607653.686416,59706192.56947275,474.1,1.5904877270093946e-07,478.8,BID
714,1712607657.58659,59706262.56947275,474.1,2.405044527541101e-09,478.8,BID
715,1712607660.5948842,59706262.56947275,474.1,0.0,478.8,BID
716,1712607664.946186,59706371.537412,474.1,3.743609815448077e-09,478.8,BID
717,1712607666.4564211,59706384.1849668,473.9,-4.3450863268759535e-10,478.8,ASK
718,1712607685.0964365,59706396.84052469,474.1,4.3478357989641966e-10,478.8,BID
719,1712607690.6189537,59706396.84052469,474.1,0.0,478.8,BID
720,1712607720.865898,59706396.84052469,474.1,0.0,478.8,BID
721,1712607731.0961552,59706807.46342031,473.9,-1.4106980010501366e-08,478.8,ASK
722,1712607731.5963364,59706820.1189782,473.9,-4.3478262933062317e-10,478.8,ASK
723,1712607735.6759295,59707551.46747233,473.9,-2.5125531716316985e-08,478.8,ASK
724,1712607750.8556783,59707551.46747233,473.9,-0.0,478.8,ASK
725,1712607780.5813184,59707551.46747233,473.9,-0.0,478.8,ASK
726,1712607784.7071862,59707564.12570017,474.0,4.348661807429931e-10,478.8,BID
727,1712607802.82554,59707606.31979299,474.0,1.4495539368338186e-09,478.8,BID
728,1712607810.5883975,59707606.31979299,474.0,0.0,478.8,BID
729,1712607830.755746,59707619.1833296,473.9,-4.419190512676375e-10,478.8,ASK
730,1712607830.763636,59707649.1833296,473.6,-1.0306319285604155e-09,478.8,ASK
731,1712607830.7711723,59708487.54317325,473.9,-2.8801347416507523e-08,478.8,ASK
732,1712607830.774632,59708693.41386437,473.6,-7.072563580534537e-09,478.8,ASK
733,1712607830.7781773,59708706.08278328,473.6,-4.3523307780792575e-10,478.8,ASK
734,1712607831.2293708,59708718.74101112,473.6,-4.348657923142854e-10,478.8,ASK
735,1712607833.3452592,59708960.63483214,474.0,8.310116508684024e-09,478.8,BID
736,1712607840.8452373,59708960.63483214,474.0,0.0,478.8,BID
737,1712607848.725347,59708973.29305998,474.0,4.3485620523833884e-10,478.8,BID
738,1712607870.844717,59708973.29305998,474.0,0.0,478.8,BID
739,1712607878.5949757,59708991.10405998,473.7,6.11872559724069e-10,478.8,BID
740,1712607888.2051442,59710882.72496165,473.6,-6.498405049308766e-08,478.8,ASK
741,1712607888.2111485,59711200.83585905,473.5,-1.0928265066597276e-08,478.8,ASK
742,1712607893.665378,59711854.8077139,473.7,2.2466309184394983e-08,478.8,BID
743,1712607896.835282,59711867.46594174,473.5,-4.3485611534904116e-10,478.8,ASK
744,1712607900.6048715,59711867.46594174,473.5,-0.0,478.8,ASK
745,1712607906.745502,59712289.85242537,473.5,-1.4511385623318827e-08,478.8,ASK
746,1712607906.752082,59715140.66541205,473.5,-9.794169130314153e-08,478.8,ASK
747,1712607906.756676,59716067.38194341,473.4,-3.1838000199842194e-08,478.8,ASK
748,1712607917.9529717,59716080.04017125,474.0,4.3488234731646435e-10,478.8,BID
749,1712607930.6236377,59716080.04017125,474.0,0.0,478.8,BID
750,1712607943.4947767,59716814.83658889,474.0,2.524271954859972e-08,478.8,BID
751,1712607943.4987466,59717765.40663834,474.1,3.2655266946823324e-08,478.8,BID
752,1712607957.8845778,59717778.06486618,473.4,-4.348525491431796e-10,478.8,ASK
753,1712607960.8446522,59717778.06486618,473.4,-0.0,478.8,ASK
754,1712607990.8542078,59717778.06486618,473.4,-0.0,478.8,ASK
755,1712608006.9945683,59717790.7284373,473.8,4.3502407912291536e-10,478.8,BID
756,1712608020.567803,59717790.7284373,473.8,0.0,478.8,BID
757,1712608050.570029,59717790.7284373,473.8,0.0,478.8,BID
758,1712608058.7137802,59717803.39200842,473.5,-4.350239894582031e-10,478.8,ASK
759,1712608063.0441592,59717850.53206951,473.4,-1.6193739702490375e-09,478.8,ASK
760,1712608063.052118,59719527.77132898,473.5,-5.76171845251891e-08,478.8,ASK
761,1712608077.834162,59720581.34652408,474.1,3.6192830620224335e-08,478.8,BID
762,1712608080.963383,59720581.34652408,474.1,0.0,478.8,BID
763,1712608081.83401,59720594.00208197,474.1,4.34728973198747e-10,478.8,BID
764,1712608093.0558922,59724617.60723215,473.5,-1.382141942130169e-07,478.8,ASK
765,1712608093.0643322,59724630.27882665,473.5,-4.352798440413405e-10,478.8,ASK
766,1712608093.0706637,59730594.00208197,473.4,-2.0485886996284133e-07,478.8,ASK
767,1712608110.8738256,59730594.00208197,473.4,-0.0,478.8,ASK
768,1712608124.114358,59730606.65763986,473.4,-4.3465819509639854e-10,478.8,ASK
769,1712608140.6139266,59730606.65763986,473.4,-0.0,478.8,ASK
770,1712608147.1536045,59730619.32388431,473.7,4.3502513786341534e-10,478.8,BID
771,1712608166.7635531,59730967.99128984,473.7,1.1975063862964972e-08,478.8,BID
772,1712608170.6023057,59730967.99128984,473.7,0.0,478.8,BID
773,1712608174.5932698,59732703.95864354,473.4,-5.96218556369559e-08,478.8,ASK
774,1712608190.5336125,59732716.62488799,473.4,-4.35022580513938e-10,478.8,ASK
775,1712608200.934591,59732716.62488799,473.4,-0.0,478.8,ASK
776,1712608213.4761384,59732729.29113244,473.7,4.3545209964030566e-10,478.8,BID
777,1712608217.3032732,59733151.67761607,473.4,-1.4521200961506905e-08,478.8,ASK
778,1712608230.0643036,59734834.02674007,473.4,-5.78373851061128e-08,478.8,ASK
779,1712608230.8730617,59734834.02674007,473.4,-0.0,478.8,ASK
780,1712608251.0834644,59734846.69298452,473.4,-4.354370941173682e-10,478.8,ASK
781,1712608260.6017845,59734846.69298452,473.4,-0.0,478.8,ASK
782,1712608260.640751,59734867.8167699,473.4,-7.26188244509144e-10,478.8,ASK
783,1712608260.6445773,59747181.85190041,473.4,-4.233288397344118e-07,478.8,ASK
784,1712608260.6511304,59747202.97568579,473.4,-7.26188244509144e-10,478.8,ASK
785,1712608269.0642843,59747215.6446047,473.6,4.3552894603744677e-10,478.8,BID
786,1712608284.8226106,59747236.75946956,473.5,7.25881577326724e-10,478.8,BID
787,1712608290.6330862,59747236.75946956,473.5,0.0,478.8,BID
788,1712608314.8627548,59747249.42838847,473.2,-4.3544114307608944e-10,478.8,ASK
789,1712608320.853233,59747249.42838847,473.2,-0.0,478.8,ASK
790,1712608321.3228304,59747270.67334279,473.4,-7.302063699377772e-10,478.8,ASK
791,1712608330.8828485,59747291.67595923,473.4,-7.21877019946958e-10,478.8,ASK
792,1712608341.0529184,59747304.35023045,473.4,4.3562501663251326e-10,478.8,BID
793,1712608350.872445,59747304.35023045,473.4,0.0,478.8,BID
794,1712608356.3425813,59747604.35023045,473.4,1.031123493803627e-08,478.8,BID
795,1712608380.5601282,59747604.35023045,473.4,0.0,478.8,BID
796,1712608381.1124072,59747816.6644555,473.2,-7.297370563170153e-09,478.8,ASK
797,1712608381.8728368,59747829.33872672,473.2,-4.356225009194788e-10,478.8,ASK
798,1712608382.01301,59747833.52778237,473.2,-1.4398042048403072e-10,478.8,ASK
799,1712608382.021233,59752498.01928977,473.2,-1.6032144341420058e-07,478.8,ASK
800,1712608391.3127675,59752509.10168977,473.1,-3.809089076334433e-10,478.8,ASK
801,1712608391.3195803,59752518.98804632,473.1,-3.3980015812771985e-10,478.8,ASK
802,1712608400.0624974,59752531.66231754,473.4,4.356225009194788e-10,478.8,BID
803,1712608400.4223485,59752552.79949784,473.4,7.264978939277026e-10,478.8,BID
804,1712608410.5830052,59752552.79949784,473.4,0.0,478.8,BID
805,1712608423.9229462,59753685.31115866,473.4,3.892199013249957e-08,478.8,BID
806,1712608423.9310684,59755514.57481941,473.4,6.286785789234974e-08,478.8,BID
807,1712608440.6269631,59755514.57481941,473.4,0.0,478.8,BID
808,1712608441.731671,59757626.95335764,473.4,-7.259440921726646e-08,478.8,ASK
809,1712608452.322265,59757639.62762886,473.1,-4.355664551853044e-10,478.8,ASK
810,1712608460.8925755,59757763.91446778,473.1,-4.271265533859812e-09,478.8,ASK
811,1712608460.8979638,59757783.62820061,473.1,-6.77485953605013e-10,478.8,ASK
812,1712608470.3658762,59757796.29444506,473.7,4.352906053568047e-10,478.8,BID
813,1712608470.6255813,59757796.29444506,473.7,0.0,478.8,BID
814,1712608500.6422205,59757796.29444506,473.7,0.0,478.8,BID
815,1712608519.942277,59757808.96068951,473.1,-4.3535059062367324e-10,478.8,ASK
816,1712608530.594392,59757808.96068951,473.1,-0.0,478.8,ASK
817,1712608532.6221638,59758001.62064784,473.1,-6.621900416019544e-09,478.8,ASK
818,1712608532.63054,59758923.02234396,473.1,-3.1669425902918345e-08,478.8,ASK
819,1712608534.0943625,59761662.50173085,473.0,-9.415843254974549e-08,478.8,ASK
820,1712608534.1030834,59763008.46652396,473.0,-4.626205102794245e-08,478.8,ASK
1021,1712608534.172411,59763114.1747692,473.0,-3.63328986048768e-09,478.8,ASK
821,1712608534.172411,59763114.1747692,473.0,-3.6332898604876802e-09,478.8,ASK
822,1712608534.1789975,59763842.2078619,473.0,-2.502316870171136e-08,478.8,ASK
823,1712608534.1856909,59771255.75783108,473.0,-2.5481054833567965e-07,478.8,ASK
824,1712608535.1942508,59771435.49984841,472.9,-6.1778988723204605e-09,478.8,ASK
825,1712608537.7619147,59771448.18483783,473.0,4.3599478304341156e-10,478.8,BID
826,1712608539.2219474,59775695.49984841,473.0,1.4598413328278957e-07,478.8,BID
827,1712608539.230298,59784643.47173783,473.0,3.0755004459590295e-07,478.8,BID
828,1712608560.862553,59784643.47173783,473.0,0.0,478.8,BID
829,1712608587.431971,59784656.15672725,472.7,-4.3580465697875116e-10,478.8,ASK
830,1712608590.8519585,59784656.15672725,472.7,-0.0,478.8,ASK
831,1712608594.5617208,59788885.38066465,472.9,1.4529890781294441e-07,478.8,BID
832,1712608603.4916914,59788898.06833646,472.9,4.3589672337663215e-10,478.8,BID
833,1712608610.6918664,59788919.60286807,472.9,7.39838790836088e-10,478.8,BID
834,1712608620.5643256,59788919.60286807,472.9,0.0,478.8,BID
835,1712608625.413278,59789117.71045875,472.7,-6.805698458183617e-09,478.8,ASK
836,1712608625.4222758,59789187.7569999,472.6,-2.4063471546463943e-09,478.8,ASK
837,1712608625.4287722,59789399.39721154,472.5,-7.270591990439359e-09,478.8,ASK
838,1712608625.432499,59789762.56691107,472.6,-1.2476167398518089e-08,478.8,ASK
839,1712608625.436272,59789783.72645402,472.6,-7.26905356459118e-10,478.8,ASK
840,1712608625.44006,59789797.80938188,472.7,-4.83798526340929e-10,478.8,ASK
841,1712608625.4439194,59791238.41671045,472.6,-4.948997179503826e-08,478.8,ASK
842,1712608625.4477105,59792912.96358875,472.5,-5.75266251482631e-08,478.8,ASK
843,1712608625.4515052,59801363.22249731,472.4,-2.9029636789358614e-07,478.8,ASK
844,1712608625.751675,59810934.37831069,472.9,3.2880315257029895e-07,478.8,BID
845,1712608647.1415255,59815094.57825961,472.9,1.429176251227561e-07,478.8,BID
846,1712608650.581895,59815094.57825961,472.9,0.0,478.8,BID
847,1712608656.5215535,59815107.26593142,473.0,-4.3568134932790516e-10,478.8,ASK
848,1712608680.8815744,59815107.26593142,473.0,-0.0,478.8,ASK
849,1712608701.472923,59832066.39003142,473.5,5.823584231268692e-07,478.8,BID
850,1712608702.2418609,59832608.21924685,473.0,-1.8605843417451527e-08,478.8,ASK
851,1712608708.021906,59832620.8854913,473.7,4.3494546650727207e-10,478.8,BID
852,1712608710.9440775,59832620.8854913,473.7,0.0,478.8,BID
853,1712608724.2921424,59832831.77856703,473.7,7.23978409406825e-09,478.8,BID
854,1712608740.5513685,59832831.77856703,473.7,0.0,478.8,BID
855,1712608745.8923323,59832852.88897446,473.7,7.247002645004541e-10,478.8,BID
856,1712608750.2624962,59832873.52252511,473.7,7.08330223676336e-10,478.8,BID
857,1712608758.732643,59832886.18876956,473.0,-4.3482015839334677e-10,478.8,ASK
858,1712608770.5832596,59832886.18876956,473.0,-0.0,478.8,ASK
859,1712608781.11299,59832898.85501401,473.7,4.3481977405255967e-10,478.8,BID
860,1712608799.722989,59835009.89575709,473.7,7.246996236366333e-08,478.8,BID
861,1712608800.642801,59835009.89575709,473.7,0.0,478.8,BID
862,1712608824.1229453,59835022.56200154,473.1,-4.349710530951055e-10,478.8,ASK
1062,1712608824.1229453,59835022.56200154,473.1,-4.3497105309510546e-10,478.8,ASK
863,1712608830.5788455,59835022.56200154,473.1,-0.0,478.8,ASK
864,1712608846.2633178,59835035.22824599,473.7,4.3497096332883047e-10,478.8,BID
865,1712608858.6035483,59845646.94530209,473.7,3.644165253320283e-07,478.8,BID
866,1712608858.6165106,59851219.25974836,473.7,1.913586140519528e-07,478.8,BID
867,1712608858.703256,59852306.75644836,473.7,3.7345678048848243e-08,478.8,BID
868,1712608858.7235315,59853848.19448872,473.7,5.293445836457116e-08,478.8,BID
869,1712608858.7302203,59856947.14080009,473.7,1.0642078383821045e-07,478.8,BID
870,1712608858.8031716,59857999.10213144,473.7,3.6125359461472926e-08,478.8,BID
871,1712608858.9244356,59864644.11809424,473.7,2.2819621133296506e-07,478.8,BID
872,1712608858.942942,59865405.70275973,473.7,2.6153546695111204e-08,478.8,BID
873,1712608859.0071125,59865928.00915843,474.0,-1.7936501884505625e-08,478.8,ASK
874,1712608859.0831916,59866911.06829778,474.0,-3.3759192208320785e-08,478.8,ASK
875,1712608860.8839326,59866911.06829778,474.0,-0.0,478.8,ASK
876,1712608890.8511662,59866911.06829778,474.0,-0.0,478.8,ASK
877,1712608893.4271128,59866923.73454223,474.0,-4.3474543662190654e-10,478.8,ASK
878,1712608920.5979493,59866923.73454223,474.0,-0.0,478.8,ASK
879,1712608940.043964,59866936.3847636,474.3,4.3419538463370967e-10,478.8,BID
880,1712608950.5796807,59866936.3847636,474.3,0.0,478.8,BID
881,1712608980.8646426,59866936.3847636,474.3,0.0,478.8,BID
882,1712608987.1348884,59866949.03498497,474.3,-4.341952952160208e-10,478.8,ASK
1082,1712608987.1348884,59866949.03498497,474.3,-4.3419529521602074e-10,478.8,ASK
883,1712608990.2740612,59868593.56376423,474.3,-5.6445388417209e-08,478.8,ASK
884,1712609009.614379,59868604.56376423,474.4,3.7755451921515287e-10,478.8,BID
885,1712609010.87425,59868604.56376423,474.4,0.0,478.8,BID
886,1712609016.234483,59868726.22884961,474.3,-4.175814125819199e-09,478.8,ASK
887,1712609016.244109,59870336.7533067,474.3,-5.527675221477348e-08,478.8,ASK
888,1712609019.8942554,59870347.7533067,474.4,3.77544266208358e-10,478.8,BID
889,1712609039.8441536,59870360.4008615,474.4,4.340919814785148e-10,478.8,BID
1089,1712609039.8441536,59870360.4008615,474.4,4.3409198147851475e-10,478.8,BID
890,1712609040.5902722,59870360.4008615,474.4,0.0,478.8,BID
891,1712609070.5920172,59870360.4008615,474.4,0.0,478.8,BID
892,1712609071.464759,59870410.0881159,474.4,1.7053274379567255e-09,478.8,BID
893,1712609071.4719408,59872052.5243615,474.4,5.6370423936438096e-08,478.8,BID
894,1712609072.5346377,59874117.47890407,474.4,7.087176947423001e-08,478.8,BID
895,1712609088.7043686,59874130.12645887,474.0,-4.3407957401169575e-10,478.8,ASK
896,1712609100.6270742,59874130.12645887,474.0,-0.0,478.8,ASK
897,1712609104.6245089,59874142.76335861,474.8,4.33912573147303e-10,478.8,BID
898,1712609107.2148888,59878302.76335861,474.1,-1.4284170496739653e-07,478.8,ASK
899,1712609107.2222908,59888620.39933263,474.0,-3.5427613311584814e-07,478.8,ASK
900,1712609130.610904,59888620.39933263,474.0,-0.0,478.8,ASK
901,1712609135.7478223,59888631.39933263,474.4,3.7761736877643935e-10,478.8,BID
902,1712609154.25471,59888644.03623237,474.0,-4.338102571930111e-10,478.8,ASK
903,1712609160.6099565,59888644.03623237,474.0,-0.0,478.8,ASK
904,1712609177.0947657,59888656.67579419,474.7,4.3390147656280285e-10,478.8,BID
905,1712609190.570073,59888656.67579419,474.7,0.0,478.8,BID
906,1712609220.8747046,59888656.67579419,474.7,0.0,478.8,BID
907,1712609225.384894,59888669.31535601,474.0,-4.3390138693504924e-10,478.8,ASK
908,1712609232.5248926,59888881.09002775,474.0,-7.269977006806355e-09,478.8,ASK
909,1712609246.274887,59888893.72958957,474.7,4.3390138693504924e-10,478.8,BID
910,1712609250.865304,59888893.72958957,474.7,0.0,478.8,BID
911,1712609280.586908,59888893.72958957,474.7,0.0,478.8,BID
912,1712609287.5315807,59888906.36915139,474.0,-4.3389971337436117e-10,478.8,ASK
913,1712609298.335781,59890756.66221966,474.0,-6.351815380368361e-08,478.8,ASK
914,1712609298.344797,59893309.06640111,474.0,-8.762071487321515e-08,478.8,ASK
915,1712609310.3808668,59893321.70862614,474.6,4.3399113791000677e-10,478.8,BID
916,1712609310.589674,59893321.70862614,474.6,0.0,478.8,BID
917,1712609340.854985,59893321.70862614,474.6,0.0,478.8,BID
918,1712609357.3554866,59893334.35085117,474.0,-4.3395987021009396e-10,478.8,ASK
919,1712609370.8651185,59893334.35085117,474.0,-0.0,478.8,ASK
920,1712609390.235352,59895273.3391807,474.0,-6.655813742728562e-08,478.8,ASK
921,1712609398.2255862,59895954.77105333,474.0,-2.339097947884411e-08,478.8,ASK
922,1712609400.5914798,59895954.77105333,474.0,-0.0,478.8,ASK
923,1712609405.2463,59895967.41061515,474.7,4.344265541510819e-10,478.8,BID
924,1712609405.254549,59896534.56167339,474.7,1.9493197891896945e-08,478.8,BID
925,1712609405.261728,59898401.17449782,474.7,6.415619374404178e-08,478.8,BID
926,1712609405.605275,59900500.77283507,474.7,7.21639945606277e-08,478.8,BID
927,1712609405.615724,59900833.64913942,474.8,1.1441085368746642e-08,478.8,BID
928,1712609408.2151654,59903265.22453958,474.8,8.357417265857234e-08,478.8,BID
929,1712609410.115217,59905690.33719487,474.9,8.33520456558402e-08,478.8,BID
930,1712609430.5755973,59905690.33719487,474.9,0.0,478.8,BID
931,1712609454.5122104,59905702.97675669,474.0,-4.3435754949663726e-10,478.8,ASK
932,1712609460.8451111,59905702.97675669,474.0,-0.0,478.8,ASK
933,1712609465.2953398,59908130.04561329,474.9,8.340601348378282e-08,478.8,BID
934,1712609470.795545,59908142.67985207,474.9,4.3417453408452814e-10,478.8,BID
935,1712609473.7751348,59910670.04561329,474.9,8.685270802509028e-08,478.8,BID
936,1712609473.9053826,59913822.31844928,474.9,-1.0832758615343889e-07,478.8,ASK
937,1712609490.869904,59913822.31844928,474.9,-0.0,478.8,ASK
938,1712609519.90535,59913834.95268806,474.0,-4.3411701061690656e-10,478.8,ASK
939,1712609520.586665,59913834.95268806,474.0,-0.0,478.8,ASK
940,1712609534.7155294,59920265.15341162,474.0,-2.209439753422117e-07,478.8,ASK
941,1712609534.7255795,59923265.15341162,474.0,-1.0308106302159169e-07,478.8,ASK
942,1712609534.7317245,59948641.94831685,474.0,-8.719556649706872e-07,478.8,ASK
943,1712609534.8154273,59948693.82155355,474.0,1.7823827938328791e-09,478.8,BID
944,1712609534.8354914,59951527.71425555,474.0,9.737355740370698e-08,478.8,BID
945,1712609535.5251613,59955447.71425555,474.3,1.346925890148798e-07,478.8,BID
946,1712609537.6141388,59955460.3591449,474.5,4.3448287882449445e-10,478.8,BID
947,1712609549.6154242,59955636.58197672,473.9,-6.055078944071655e-09,478.8,ASK
948,1712609550.598231,59955636.58197672,473.9,-0.0,478.8,ASK
949,1712609552.685367,59955649.2142275,474.5,4.3375328971187335e-10,478.8,BID
950,1712609564.8053868,59956737.56454615,474.4,3.737065859108788e-08,478.8,BID
951,1712609569.5658882,59959186.35276313,474.4,-8.408398183007566e-08,478.8,ASK
952,1712609576.82821,59962062.42411553,474.4,-9.875559252551524e-08,478.8,ASK
953,1712609580.8452787,59962062.42411553,474.4,-0.0,478.8,ASK
954,1712609588.4352217,59962075.06900488,474.4,-4.3414181678066574e-10,478.8,ASK
955,1712609588.4552035,59962456.23120895,474.5,1.3086587570638433e-08,478.8,BID
956,1712609605.1852863,59962468.86278789,475.0,4.3368482538623367e-10,478.8,BID
957,1712609609.772467,59962944.63923631,475.0,1.633501456806815e-08,478.8,BID
958,1712609610.8645892,59962944.63923631,475.0,0.0,478.8,BID
959,1712609615.785442,59972776.42604235,475.0,3.375536382734389e-07,478.8,BID
960,1712609615.7935948,59974461.0294893,475.0,5.78373019864153e-08,478.8,BID
961,1712609615.9251206,59977700.11984339,475.0,-1.1120732734447209e-07,478.8,ASK
962,1712609639.7559855,59977721.17247496,475.0,-7.22797648077667e-10,478.8,ASK
963,1712609640.548972,59977721.17247496,475.0,-0.0,478.8,ASK
964,1712609644.305317,59980150.16005652,475.1,8.33740680626044e-08,478.8,BID
1165,1712609656.405352,59980162.79163546,474.5,-4.335741074441647e-10,478.8,ASK
965,1712609656.405352,59980162.79163546,474.5,-4.3357410744416467e-10,478.8,ASK
966,1712609664.0157704,59980167.53664888,475.2,1.6287076743066878e-10,478.8,BID
967,1712609664.0235512,59980183.8354065,475.2,5.59448610390526e-10,478.8,BID
968,1712609670.6033182,59980183.8354065,475.2,0.0,478.8,BID
969,1712609700.8451967,59980183.8354065,475.2,0.0,478.8,BID
970,1712609709.61569,59980196.46166912,475.2,4.3383184661926167e-10,478.8,BID
971,1712609730.8755507,59980196.46166912,475.2,0.0,478.8,BID
972,1712609739.2853117,59980535.59800192,475.2,1.1652546411460769e-08,478.8,BID
973,1712609746.1082852,59981158.26300814,475.2,2.1394442830167e-08,478.8,BID
974,1712609747.915468,59981780.92801436,475.2,2.1394442830167e-08,478.8,BID
975,1712609750.5053086,59981793.55427698,474.5,-4.3383175718185446e-10,478.8,ASK
976,1712609760.565429,59981793.55427698,474.5,-0.0,478.8,ASK
977,1712609775.7653117,59981806.1805396,475.2,4.338204446970012e-10,478.8,BID
978,1712609790.604674,59981806.1805396,475.2,0.0,478.8,BID
979,1712609804.83674,59982227.05596047,475.2,1.4460678515636266e-08,478.8,BID
980,1712609820.5688052,59982239.68222309,474.6,-4.3382035526429495e-10,478.8,ASK
981,1712609820.8750217,59982239.68222309,474.6,-0.0,478.8,ASK
982,1712609835.975575,59982252.30848571,475.2,4.3381728487666247e-10,478.8,BID
983,1712609850.8650796,59982252.30848571,475.2,0.0,478.8,BID
984,1712609861.4251509,59983319.04095824,475.1,3.665113766821444e-08,478.8,BID
985,1712609870.0353456,59986071.13717506,475.1,9.45574077064296e-08,478.8,BID
986,1712609870.115436,59986265.13480195,475.1,-6.66543291161259e-09,478.8,ASK
987,1712609870.1237752,59986429.48104454,475.1,-5.646661105374501e-09,478.8,ASK
988,1712609870.2351837,59996280.74154343,475.1,-3.384727793027364e-07,478.8,ASK
989,1712609876.6059062,59996312.64226266,475.1,1.0960551801182588e-09,478.8,BID
990,1712609876.727353,59996491.22354721,475.1,-6.135753259276962e-09,478.8,ASK
991,1712609880.6399052,59996491.22354721,475.1,-0.0,478.8,ASK
992,1712609887.2458386,59996503.84980983,474.6,-4.3371638635288734e-10,478.8,ASK
993,1712609891.795545,59998098.46737845,474.9,5.4775652169310724e-08,478.8,BID
1193,1712609891.795545,59998098.46737845,474.9,5.477565216931072e-08,478.8,BID
994,1712609891.802418,59998608.66984771,475.0,1.7525627173589405e-08,478.8,BID
995,1712609897.4443731,59999037.51851114,475.1,1.4731096460628602e-08,478.8,BID
996,1712609908.6652474,59999050.14477376,475.2,4.3371638635288734e-10,478.8,BID
997,1712609910.575548,59999050.14477376,475.2,0.0,478.8,BID
998,1712609940.680728,59999050.14477376,475.2,0.0,478.8,BID
999,1712609949.5557234,59999681.45790507,475.2,2.168491401945393e-08,478.8,BID
1199,1712609949.5557234,59999681.45790507,475.2,2.1684914019453932e-08,478.8,BID
1000,1712609954.8753548,59999694.08416769,474.7,-4.3369828017922466e-10,478.8,ASK
1200,1712609954.8753548,59999694.08416769,474.7,-4.336982801792247e-10,478.8,ASK
1201,1712609970.5798604,59999694.08416769,474.7,-0.0,478.8,ASK
1202,1712609976.1451278,59999820.34679395,475.2,4.336937220254008e-09,478.8,BID
1203,1712610000.7499008,59999820.34679395,475.2,0.0,478.8,BID
1204,1712610010.4851396,59999832.97305657,475.2,4.3413676209611486e-10,478.8,BID
1205,1712610030.6358948,59999832.97305657,475.2,0.0,478.8,BID
1206,1712610042.1586497,60001706.63284169,474.7,-6.442321445755128e-08,478.8,ASK
1207,1712610042.1603024,60007255.98750735,474.7,-1.9080692693821625e-07,478.8,ASK
1208,1712610056.6653335,60007268.61376997,474.7,-4.3413667253294255e-10,478.8,ASK
1209,1712610060.8752687,60007268.61376997,474.7,-0.0,478.8,ASK
1210,1712610071.355057,60008954.45875733,474.8,-5.79584269225168e-08,478.8,ASK
1211,1712610077.685025,60008967.08767755,475.1,4.3417535725920766e-10,478.8,BID
1212,1712610082.5952337,60008987.08767755,475.1,6.87589041186857e-10,478.8,BID
1213,1712610090.8353546,60008987.08767755,475.1,0.0,478.8,BID
1214,1712610093.6790037,60009716.18158312,474.8,-2.5065145855507912e-08,478.8,ASK
1215,1712610105.255343,60010347.76053049,475.0,2.171272906559752e-08,478.8,BID
1216,1712610111.9869647,60013928.48149887,475.0,-1.230997717233677e-07,478.8,ASK
1217,1712610118.405409,60013941.11041909,474.8,-4.3416317828246004e-10,478.8,ASK
1218,1712610120.6242692,60013941.11041909,474.8,-0.0,478.8,ASK
1219,1712610127.575013,60014308.20560086,475.0,1.2619156385051868e-08,478.8,BID
1220,1712610129.6858778,60015083.65905982,474.8,-2.6656760845531824e-08,478.8,ASK
1221,1712610129.6898508,60018783.65505811,474.8,-1.2718997809022726e-07,478.8,ASK
1222,1712610134.7852955,60023759.64600166,474.8,1.7105320637661866e-07,478.8,BID
1223,1712610134.9049416,60024983.19281098,474.8,4.2060286536061145e-08,478.8,BID
1224,1712610142.6656058,60024995.82438992,475.0,4.3421945564491775e-10,478.8,BID
1225,1712610150.5898647,60024995.82438992,475.0,0.0,478.8,BID
1226,1712610157.5855007,60027480.08983933,474.8,-8.53829751202291e-08,478.8,ASK
1227,1712610157.5882163,60033031.22996868,474.8,-1.9078994141522185e-07,478.8,ASK
1228,1712610161.8751204,60035136.49312657,475.0,7.235685376300115e-08,478.8,BID
1229,1712610163.665765,60042176.81410082,474.7,-2.419723507102207e-07,478.8,ASK
1230,1712610163.6692283,60047534.91996924,474.8,-1.8415544931530522e-07,478.8,ASK
1231,1712610163.6726098,60048430.6491331,474.5,-3.0785768457495135e-08,478.8,ASK
1232,1712610163.6760137,60052619.47161839,474.6,-1.439677576038588e-07,478.8,ASK
1233,1712610163.679263,60052829.90932882,474.5,-7.232640053814123e-09,478.8,ASK
1234,1712610163.6807976,60052840.90932882,474.6,-3.7806456091266687e-10,478.8,ASK
1235,1712610163.682364,60053473.15379668,474.5,-2.172992973924464e-08,478.8,ASK
1236,1712610163.6839385,60053894.56129773,474.6,-1.4483567440865714e-08,478.8,ASK
1237,1712610163.6855135,60056141.10083091,474.5,-7.721245292597913e-08,478.8,ASK
1238,1712610163.687088,60060164.70598109,474.4,-1.382893194898199e-07,478.8,ASK
1239,1712610163.688653,60060175.70598109,474.3,-3.7806456091266687e-10,478.8,ASK
1240,1712610163.6902373,60064815.70598109,474.2,-1.594745056940704e-07,478.8,ASK
1241,1712610163.6918294,60069290.75623954,474.0,-1.538052646384632e-07,478.8,ASK
1242,1712610163.693406,60073690.75623954,474.4,-1.5122582436506678e-07,478.8,ASK
1243,1712610163.6950126,60075801.79698262,473.7,-7.255542650930312e-08,478.8,ASK
1244,1712610163.696612,60076223.29329452,474.0,-1.4486619825736304e-08,478.8,ASK
1245,1712610163.6982732,60076433.73100495,474.3,-7.232640054070195e-09,478.8,ASK
1246,1712610163.6998773,60083804.43100495,473.7,-2.5332731446520945e-07,478.8,ASK
1247,1712610163.7014902,60084015.40146909,474.0,-7.2509505355179525e-09,478.8,ASK
1248,1712610163.7031217,60085069.80889211,474.2,-3.6239461764262683e-08,478.8,ASK
1249,1712610163.70473,60085133.11338672,473.9,-2.175744178113947e-09,478.8,ASK
1250,1712610163.7063525,60089113.11338672,473.8,-1.367906320393104e-07,478.8,ASK
1251,1712610163.7079835,60096285.22582787,473.7,-2.465019582618666e-07,478.8,ASK
1252,1712610163.7098982,60096494.71338672,473.7,-7.199983813906599e-09,478.8,ASK
1253,1712610163.7117918,60102234.61413999,473.7,-1.9727755072420145e-07,478.8,ASK
1254,1712610167.5620246,60102976.4394694,473.7,-2.5496169766958985e-08,478.8,ASK
1255,1712610167.5635478,60120512.84290284,473.7,-6.027175149137889e-07,478.8,ASK
1256,1712610180.8450005,60120512.84290284,473.7,-0.0,478.8,ASK
1257,1712610184.568729,60120525.47448178,473.6,-4.3346640421508327e-10,478.8,ASK
1258,1712610207.545969,60120538.12203658,474.4,4.3401463362019564e-10,478.8,BID
1259,1712610210.8529708,60120538.12203658,474.4,0.0,478.8,BID
1260,1712610240.5982063,60120538.12203658,474.4,0.0,478.8,BID
1261,1712610246.8883326,60120550.76959138,473.8,-4.3401445490375296e-10,478.8,ASK
1262,1712610263.2250652,60120563.40383016,474.9,4.3355750133339103e-10,478.8,BID
1263,1712610270.5646968,60120563.40383016,474.9,0.0,478.8,BID
1264,1712610272.821066,60122731.46940699,473.9,-7.439947303403534e-08,478.8,ASK
1265,1712610272.8241794,60133007.02345941,473.9,-3.526165512719098e-07,478.8,ASK
1266,1712610285.0252166,60133535.76077223,474.6,1.814418247647445e-08,478.8,BID
1267,1712610300.8790638,60133535.76077223,474.6,0.0,478.8,BID
1268,1712610312.2849555,60133548.39501101,473.8,-4.341792531083369e-10,478.8,ASK
1269,1712610330.8950117,60133548.39501101,473.8,-0.0,478.8,ASK
1270,1712610360.6120403,60133548.39501101,473.8,-0.0,478.8,ASK
1271,1712610360.6292477,60133982.61125069,473.8,-1.4921963019699284e-08,478.8,ASK
1272,1712610367.4450576,60133995.26147206,474.3,4.347284100065239e-10,478.8,BID
1273,1712610368.791965,60135851.96333566,473.5,-6.380608096896221e-08,478.8,ASK
1274,1712610368.7937229,60137270.42224625,473.8,-4.8745738814698425e-08,478.8,ASK
1275,1712610368.7954242,60137376.01886715,473.5,-3.6288575325055836e-09,478.8,ASK
1276,1712610390.5947254,60137376.01886715,473.5,-0.0,478.8,ASK
1277,1712610397.3278942,60137389.00642776,474.3,4.4629336248990535e-10,478.8,BID
1278,1712610407.265023,60137401.65664913,473.5,-4.347013270739569e-10,478.8,ASK
1279,1712610410.280334,60137491.15664913,473.5,-3.0755010236334942e-09,478.8,ASK
1280,1712610420.8649883,60137491.15664913,473.5,-0.0,478.8,ASK
1281,1712610425.7950685,60137503.79887416,474.6,4.3442573386534704e-10,478.8,BID
1282,1712610438.9352622,60137697.2264088,474.6,6.646764984496776e-09,478.8,BID
1283,1712610438.9391568,60141717.87388469,474.6,1.38161812936909e-07,478.8,BID
1284,1712610441.9648166,60142898.63758052,474.6,4.05746720755771e-08,478.8,BID
1285,1712610442.1045792,60143366.50623204,474.6,-1.6077405815235538e-08,478.8,ASK
1286,1712610442.1834574,60143645.47968336,474.6,-9.586385781713936e-09,478.8,ASK
1287,1712610442.3446493,60145931.94889522,474.6,-7.85701142488792e-08,478.8,ASK
1288,1712610450.855136,60145931.94889522,474.6,-0.0,478.8,ASK
1289,1712610467.98577,60146105.8988098,473.7,-5.976631320854314e-09,478.8,ASK
1290,1712610473.6261678,60146118.54103483,473.7,-4.343659397100551e-10,478.8,ASK
1291,1712610480.5990627,60146118.54103483,473.7,-0.0,478.8,ASK
1292,1712610480.8647847,60148216.02334445,473.7,-7.206580369579195e-08,478.8,ASK
1293,1712610491.799228,60148228.66556948,474.6,4.343646203367533e-10,478.8,BID
1294,1712610510.6307435,60148228.66556948,474.6,0.0,478.8,BID
1295,1712610540.845673,60148228.66556948,474.6,0.0,478.8,BID
1296,1712610541.6146247,60152117.08172324,474.6,1.3359455305541606e-07,478.8,BID
1297,1712610541.6183178,60153287.39923687,474.6,4.0208670827288815e-08,478.8,BID
1298,1712610542.5746355,60153300.0414619,474.0,-4.3434970315187966e-10,478.8,ASK
1299,1712610559.1351564,60153312.68102372,474.7,4.3425820308085725e-10,478.8,BID
1300,1712610570.9197612,60153312.68102372,474.7,0.0,478.8,BID
1301,1712610600.5945346,60153312.68102372,474.7,0.0,478.8,BID
1302,1712610607.3948555,60153325.32058554,474.0,-4.347593856738866e-10,478.8,ASK
1303,1712610630.6852293,60153325.32058554,474.0,-0.0,478.8,ASK
1304,1712610631.5951145,60153337.96281057,474.6,4.348509014775952e-10,478.8,BID
1305,1712610660.854504,60153337.96281057,474.6,0.0,478.8,BID
1306,1712610663.234597,60153643.03533887,474.6,1.04934879964278e-08,478.8,BID
1307,1712610672.588317,60154695.22389105,475.2,3.619181315240904e-08,478.8,BID
1308,1712610675.095205,60154707.86611608,474.6,-4.3485081173298127e-10,478.8,ASK
1309,1712610690.923488,60154707.86611608,474.6,-0.0,478.8,ASK
1310,1712610692.5351212,60157390.26954953,475.1,9.226375876970452e-08,478.8,BID
1311,1712610692.538865,60157546.13805882,475.1,5.361242220729193e-09,478.8,BID
1312,1712610698.5543628,60157558.76697904,475.1,4.343834466329187e-10,478.8,BID
1313,1712610720.612955,60157558.76697904,475.1,0.0,478.8,BID
1314,1712610738.5145166,60157571.39589926,474.5,-4.3436321051378335e-10,478.8,ASK
1315,1712610750.5873768,60157571.39589926,474.5,-0.0,478.8,ASK
1316,1712610755.3945994,60157584.0195054,475.3,4.341803467565687e-10,478.8,BID
1317,1712610765.8154795,60158637.76028516,474.6,-3.624269738384415e-08,478.8,ASK
1318,1712610771.4247355,60159174.22313936,474.6,-1.84512749774652e-08,478.8,ASK
1319,1712610771.4288054,60162851.8352957,474.6,-1.2648896866938346e-07,478.8,ASK
1320,1712610773.5001929,60167065.91030624,474.6,-1.4494024364684868e-07,478.8,ASK
1321,1712610780.8887477,60167065.91030624,474.6,-0.0,478.8,ASK
1322,1712610807.9649072,60167078.53391238,474.6,-4.341130662469735e-10,478.8,ASK
1323,1712610810.855262,60167078.53391238,474.6,-0.0,478.8,ASK
1324,1712610820.4848926,60173117.23302742,474.6,-2.0766472105340569e-07,478.8,ASK
1325,1712610820.4949353,60174246.74379025,474.6,-3.884272639199488e-08,478.8,ASK
1326,1712610820.6046605,60177598.7519733,474.6,1.1527215233647241e-07,478.8,BID
1327,1712610821.674698,60180398.07661493,474.6,-9.626592744029765e-08,478.8,ASK
1328,1712610823.8273118,60180686.04921112,475.1,9.903084707446382e-09,478.8,BID
1329,1712610828.2954626,60180698.67547374,475.2,4.3420433027020704e-10,478.8,BID
1330,1712610840.595645,60180698.67547374,475.2,0.0,478.8,BID
1331,1712610843.9751124,60182803.05257811,474.9,7.235130474020204e-08,478.8,BID
1332,1712610870.5426672,60182803.05257811,474.9,0.0,478.8,BID
1333,1712610872.8355095,60182815.67884073,474.7,-4.340929129577917e-10,478.8,ASK
1334,1712610875.9750035,60182857.79297002,474.9,1.447890449473173e-09,478.8,BID
1335,1712610880.9051845,60182868.79297002,474.9,3.781817459536675e-10,478.8,BID
1336,1712610892.585155,60182881.4272088,474.9,4.3436713484195187e-10,478.8,BID
1337,1712610900.653595,60182881.4272088,474.9,0.0,478.8,BID
1338,1712610907.6654327,60184062.02154444,474.9,4.061406569190058e-08,478.8,BID
1339,1712610908.0452654,60186378.29865541,474.9,7.9683112061355e-08,478.8,BID
1340,1712610930.597929,60186378.29865541,474.9,0.0,478.8,BID
1341,1712610936.1859658,60187883.12727394,474.7,-5.176521278275873e-08,478.8,ASK
1342,1712610936.1903784,60188463.86456314,474.7,-1.997701862929788e-08,478.8,ASK
1343,1712610936.194731,60188474.86456314,474.7,-3.7839348188893726e-10,478.8,ASK
1344,1712610936.4052815,60188941.96485557,474.7,-1.6067973276697656e-08,478.8,ASK
1345,1712610941.6451602,60188943.59909435,474.1,-5.621684589537699e-11,478.8,ASK
1346,1712610941.6486006,60188954.59909435,474.3,-3.7839348188893726e-10,478.8,ASK
1347,1712610956.4754522,60193171.33955397,474.3,1.4505337315773733e-07,478.8,BID
1348,1712610960.8680098,60193171.33955397,474.3,0.0,478.8,BID
1349,1712610961.4194036,60193176.68058052,474.3,1.8370778120803487e-10,478.8,BID
1350,1712610962.8053792,60193189.32813532,474.4,4.3502016089395854e-10,478.8,BID
1351,1712610973.585472,60193655.79733216,474.4,1.6044485141370885e-08,478.8,BID
1352,1712610990.8851314,60193655.79733216,474.4,0.0,478.8,BID
1353,1712610996.905419,60193666.79733216,474.4,-3.783485439366847e-10,478.8,ASK
1354,1712610997.4850776,60194056.95563001,474.4,-1.3419620354272649e-08,478.8,ASK
1355,1712611005.6214948,60194069.60318481,474.4,-4.3501672208245685e-10,478.8,ASK
1356,1712611020.6343288,60194069.60318481,474.4,-0.0,478.8,ASK
1357,1712611021.9402552,60194465.34357154,474.4,-1.3611526192951668e-08,478.8,ASK
1358,1712611022.218443,60200072.42535057,474.4,-1.928560820680855e-07,478.8,ASK
1359,1712611022.566852,60200729.61844621,474.4,-2.260421562983325e-08,478.8,ASK
1360,1712611022.6555088,60201572.78876661,474.4,-2.9000919001492684e-08,478.8,ASK
1361,1712611022.6588447,60208028.70418926,474.4,-2.220517915814465e-07,478.8,ASK
1362,1712611023.2156818,60208128.7816742,474.3,-3.4421740949259087e-09,478.8,ASK
1363,1712611027.6724076,60208141.41857394,474.8,4.346473030524429e-10,478.8,BID
1364,1712611050.626042,60208141.41857394,474.8,0.0,478.8,BID
1365,1712611068.095576,60208154.05547368,474.2,-4.3454752656320437e-10,478.8,ASK
1366,1712611080.8456335,60208154.05547368,474.2,-0.0,478.8,ASK
1367,1712611083.4156663,60208166.69237342,474.8,4.3454743701930056e-10,478.8,BID
1368,1712611104.2177098,60210529.06895303,474.5,8.123548568925617e-08,478.8,BID
1369,1712611110.8655963,60210529.06895303,474.5,0.0,478.8,BID
1370,1712611117.335677,60217029.84385535,474.5,2.235347009944203e-07,478.8,BID
1371,1712611136.0856323,60217042.48075509,474.2,-4.3453059784576524e-10,478.8,ASK
1372,1712611140.5865116,60217042.48075509,474.2,-0.0,478.8,ASK
1373,1712611151.0551896,60217055.12564444,474.5,4.3475912406293587e-10,478.8,BID
1374,1712611163.6677773,60223005.25419501,474.2,-2.045785143442967e-07,478.8,ASK
1375,1712611163.6758685,60223555.90054676,474.2,-1.893243341081791e-08,478.8,ASK
1376,1712611164.5773892,60224095.63622016,474.2,-1.8557300277433666e-08,478.8,ASK
1377,1712611170.6080234,60224095.63622016,474.2,-0.0,478.8,ASK
1378,1712611186.9361613,60224306.38437611,474.5,7.2451522499928435e-09,478.8,BID
1379,1712611187.0359457,60224832.33859534,474.3,-1.8081384283717906e-08,478.8,ASK
1380,1712611190.2658098,60225440.36401968,474.3,-2.0902848479563724e-08,478.8,ASK
1381,1712611193.9460447,60225825.83146248,474.3,-1.3251695123569506e-08,478.8,ASK
1382,1712611197.1757128,60226214.60090709,474.3,-1.336521215859428e-08,478.8,ASK
1383,1712611200.6376235,60226214.60090709,474.3,-0.0,478.8,ASK
1384,1712611201.5135689,60226227.24579644,474.3,-4.3531922532798255e-10,478.8,ASK
1385,1712611202.6758318,60226615.05409535,474.3,-1.3350880622268344e-08,478.8,ASK
1386,1712611203.019535,60227011.06459274,474.3,-1.3633253570695832e-08,478.8,ASK
1387,1712611203.8653443,60227519.70315965,474.5,1.7510643289047527e-08,478.8,BID
1388,1712611204.7757635,60228310.23726563,474.3,-2.7215318770821573e-08,478.8,ASK
1389,1712611204.8206844,60229098.46351384,474.3,-2.7135867316008017e-08,478.8,ASK
1390,1712611223.9259615,60229111.10840319,474.5,4.3531922507148527e-10,478.8,BID
1391,1712611230.5540245,60229111.10840319,474.5,0.0,478.8,BID
1392,1712611246.285988,60229701.10840319,474.4,2.0310671613836945e-08,478.8,BID
1393,1712611246.2907362,60231251.14059994,474.5,5.335965243918464e-08,478.8,BID
1394,1712611260.8762448,60231251.14059994,474.5,0.0,478.8,BID
1395,1712611265.3559463,60232003.02318211,474.3,-2.5882553284812493e-08,478.8,ASK
1396,1712611266.9561005,60232015.66807146,474.3,-4.352834209315128e-10,478.8,ASK
1397,1712611284.985774,60232320.08413243,474.3,-1.0479116162125309e-08,478.8,ASK
1398,1712611290.875777,60232320.08413243,474.3,-0.0,478.8,ASK
1399,1712611292.5464122,60233289.64974369,474.3,-3.337541821610875e-08,478.8,ASK
1400,1712611292.5607677,60233423.90836971,474.3,-4.621593155280341e-09,478.8,ASK
1401,1712611295.5568986,60233468.68884685,474.3,-1.541481190121779e-09,478.8,ASK
1402,1712611316.2360668,60233481.3337362,474.5,4.3527582415189615e-10,478.8,BID
1403,1712611320.615615,60233481.3337362,474.5,0.0,478.8,BID
1404,1712611350.5982769,60233481.3337362,474.5,0.0,478.8,BID
1405,1712611354.5759416,60234339.92914167,474.3,-2.9554923469045693e-08,478.8,ASK
1406,1712611354.5799124,60234843.40110745,474.3,-1.7330718663019458e-08,478.8,ASK
1407,1712611362.986266,60236091.06861522,474.3,-4.294772307433712e-08,478.8,ASK
1408,1712611362.9904563,60236961.88404487,474.3,-2.9975566157360183e-08,478.8,ASK
1409,1712611367.2859297,60236974.52893422,474.3,-4.3526757137661685e-10,478.8,ASK
1410,1712611380.8558097,60236974.52893422,474.3,-0.0,478.8,ASK
1411,1712611392.426052,60236996.99599856,474.3,-7.73326406522715e-10,478.8,ASK
1412,1712611392.4315622,60237016.99599856,474.4,-6.88408948052117e-10,478.8,ASK
1413,1712611410.875871,60237016.99599856,474.4,-0.0,478.8,ASK
1414,1712611418.4971795,60237029.64355336,474.4,4.3533419291439324e-10,478.8,BID
1415,1712611431.9260175,60239913.14897641,474.3,-9.92514779311167e-08,478.8,ASK
1416,1712611431.935912,60240061.40670797,474.3,-5.103093913008312e-09,478.8,ASK
1417,1712611440.6274364,60240061.40670797,474.3,-0.0,478.8,ASK
1418,1712611457.9670384,60244260.39350454,474.3,-1.445237208590942e-07,478.8,ASK
1419,1712611458.3871903,60244302.56980146,474.5,1.451653853225304e-09,478.8,BID
1420,1712611458.389122,60244450.64105934,474.5,5.0964221080360476e-09,478.8,BID
1421,1712611458.3909936,60244637.99350454,474.4,6.448430015191758e-09,478.8,BID
1422,1712611467.916082,60244650.64105934,474.3,-4.353125570549696e-10,478.8,ASK
1423,1712611470.600139,60244650.64105934,474.3,-0.0,478.8,ASK
1424,1712611484.9165685,60244663.28594869,474.5,4.351882111883628e-10,478.8,BID
1425,1712611500.8526998,60244663.28594869,474.5,0.0,478.8,BID
1426,1712611510.9480734,60244726.15777544,474.5,2.165391937525484e-09,478.8,BID
1427,1712611510.9510396,60246755.22728046,474.5,6.988393647461781e-08,478.8,BID
1428,1712611516.266071,60246780.6870527,474.5,-8.76869472061559e-10,478.8,ASK
1429,1712611516.2699454,60246796.22728046,474.5,-5.352267564654718e-10,478.8,ASK
1430,1712611519.5394356,60247403.01197608,474.5,-2.0898497078290123e-08,478.8,ASK
1431,1712611530.9007804,60247403.01197608,474.5,-0.0,478.8,ASK
1432,1712611534.825955,60247415.65686543,474.3,-4.3548783248727096e-10,478.8,ASK
1433,1712611557.3057756,60247428.29110421,474.9,4.351210284954376e-10,478.8,BID
1434,1712611560.5845942,60247428.29110421,474.9,0.0,478.8,BID
1435,1712611568.1470497,60247638.86175066,474.9,7.252014149401309e-09,478.8,BID
1436,1712611590.6072412,60247638.86175066,474.9,0.0,478.8,BID
1437,1712611598.7564063,60247651.49598944,474.4,-4.351193501644811e-10,478.8,ASK
1438,1712611602.4060397,60247955.63928154,474.4,-1.0474602698610221e-08,478.8,ASK
1439,1712611620.8365197,60247955.63928154,474.4,-0.0,478.8,ASK
1440,1712611621.076189,60248302.04365412,474.4,-1.192999974320824e-08,478.8,ASK
1441,1712611621.3759987,60248314.6778929,474.9,4.3511709818455016e-10,478.8,BID
1442,1712611642.1062355,60253666.98839329,474.4,-1.843309956499537e-07,478.8,ASK
1443,1712611650.8613126,60253666.98839329,474.4,-0.0,478.8,ASK
1444,1712611665.58612,60253679.62263207,474.4,-4.3507649995492495e-10,478.8,ASK
1445,1712611675.42617,60255837.18079566,474.4,-7.429833095952047e-08,478.8,ASK
1446,1712611679.9759989,60255849.81503444,474.9,4.3507649995492495e-10,478.8,BID
1447,1712611680.5974648,60255849.81503444,474.9,0.0,478.8,BID
1448,1712611685.4961803,60267428.69473074,474.4,-3.987196142881912e-07,478.8,ASK
1449,1712611685.4990494,60275309.39174071,474.4,-2.713724086056575e-07,478.8,ASK
1450,1712611708.2159271,60275361.47507405,474.4,-1.793493595767851e-09,478.8,ASK
1451,1712611710.604924,60275361.47507405,474.4,-0.0,478.8,ASK
1452,1712611719.7596698,60276878.9299552,474.4,-5.2237025565583154e-08,478.8,ASK
1453,1712611727.6460578,60276891.56419398,474.4,-4.3492235738179247e-10,478.8,ASK
1454,1712611740.892945,60276891.56419398,474.4,-0.0,478.8,ASK
1455,1712611744.1761923,60276904.20109372,474.8,4.3500308887473354e-10,478.8,BID
1456,1712611770.8658478,60276904.20109372,474.8,0.0,478.8,BID
1457,1712611776.2360013,60276946.32409287,474.8,1.4500099975342402e-09,478.8,BID
1458,1712611795.446282,60276958.96099261,474.4,-4.3500299902944616e-10,478.8,ASK
1459,1712611800.9875357,60276958.96099261,474.4,-0.0,478.8,ASK
1460,1712611816.4664967,60276971.59789235,474.8,4.353242411672209e-10,478.8,BID
1461,1712611830.8661602,60276971.59789235,474.8,0.0,478.8,BID
1462,1712611843.3764465,60277393.0053934,474.8,1.4516920010499196e-08,478.8,BID
1463,1712611843.3818436,60277425.60859477,474.8,1.123136311413108e-09,478.8,BID
1464,1712611843.5203614,60279077.74785022,474.8,-5.691396892043756e-08,478.8,ASK
1465,1712611852.6861298,60279393.60381989,474.9,1.0880812124110986e-08,478.8,BID
1466,1712611856.7864747,60279406.24071963,474.5,-4.353241511892235e-10,478.8,ASK
1467,1712611860.619506,60279406.24071963,474.5,-0.0,478.8,ASK
1468,1712611869.9859402,60281653.93683111,474.5,-7.742701597662799e-08,478.8,ASK
1469,1712611872.117015,60282136.68009541,474.5,-1.6629192107820728e-08,478.8,ASK
1470,1712611873.7660787,60282149.31433419,474.9,4.3521515334790556e-10,478.8,BID
1471,1712611882.176179,60286079.72563419,474.5,-1.353919762398032e-07,478.8,ASK
1472,1712611882.3559716,60286100.76164177,474.9,7.246332308478333e-10,478.8,BID
1473,1712611882.4365106,60286124.977248,474.9,8.341617537563311e-10,478.8,BID
1474,1712611882.4418674,60288182.57378105,474.9,7.087860268324595e-08,478.8,BID
1475,1712611882.550825,60288206.46810628,474.9,-8.23094497347334e-10,478.8,ASK
1476,1712611882.5553224,60293019.98180618,474.5,-1.6581245135541698e-07,478.8,ASK
1477,1712611882.557812,60296295.67378105,474.5,-1.1283867671331805e-07,478.8,ASK
1478,1712611882.5629134,60296697.06339974,474.5,-1.3826780346441888e-08,478.8,ASK
1479,1712611883.1161358,60298583.00358105,474.5,6.49655083725027e-08,478.8,BID
1480,1712611884.9264977,60300601.86832644,474.4,-6.95443979717725e-08,478.8,ASK
1481,1712611884.9313412,60301118.99212391,474.4,-1.7813507939998034e-08,478.8,ASK
1482,1712611884.9350946,60301203.22488105,474.4,-2.901589320644664e-09,478.8,ASK
1483,1712611885.1105664,60303235.65928105,474.4,-7.001183565546681e-08,478.8,ASK
1484,1712611890.581704,60303235.65928105,474.4,-0.0,478.8,ASK
1485,1712611913.9349494,60303773.31501849,474.4,-1.8513566177512043e-08,478.8,ASK
1486,1712611914.0726802,60304054.43937822,474.4,-9.680198825222512e-09,478.8,ASK
1487,1712611920.8772564,60304054.43937822,474.4,-0.0,478.8,ASK
1488,1712611925.5259936,60304067.073617,474.4,-4.3503987960555294e-10,478.8,ASK
1489,1712611925.6460266,60304208.79916905,474.4,-4.880093544034377e-09,478.8,ASK
1490,1712611929.1559577,60306994.62520995,474.4,-9.592548048069693e-08,478.8,ASK
1491,1712611929.257952,60309723.98914071,474.4,-9.39812976909034e-08,478.8,ASK
1492,1712611929.2640033,60321562.59344732,474.4,-4.0764347438035873e-07,478.8,ASK
1493,1712611929.268362,60321722.01913524,474.3,-5.489569517203534e-09,478.8,ASK
1494,1712611945.4721892,60323830.38936505,474.3,-7.259836915744336e-08,478.8,ASK
1495,1712611945.4758356,60323946.54826063,474.3,-3.9997464691664445e-09,478.8,ASK
1496,1712611945.4779422,60327292.68583576,474.3,-1.1521891530052213e-07,478.8,ASK
1497,1712611945.480111,60327452.11152368,474.3,-5.489569517460083e-09,478.8,ASK
1498,1712611945.5458338,60328776.7020412,474.2,-4.5610163724459225e-08,478.8,ASK
1499,1712611945.576185,60330101.45204646,474.2,-4.561565543061369e-08,478.8,ASK
1500,1712611945.8359375,60330295.44967335,474.2,-6.6799991449259035e-09,478.8,ASK
1501,1712611946.6348596,60331236.97350023,474.2,-3.24198726523805e-08,478.8,ASK
1502,1712611946.6373863,60331377.38418057,474.2,-4.8348180318387234e-09,478.8,ASK
1503,1712611946.7290218,60332114.00519458,474.2,-2.536437080565187e-08,478.8,ASK
1504,1712611947.5066724,60332126.65274938,474.4,4.35498395547785e-10,478.8,BID
1505,1712611948.886186,60332746.10038864,474.2,-2.132969236266836e-08,478.8,ASK
1506,1712611948.8901167,60332767.45351849,474.2,-7.35260999948809e-10,478.8,ASK
1507,1712611949.0259075,60333405.45861942,474.2,-2.1968688984109427e-08,478.8,ASK
1508,1712611949.75564,60333688.58384972,474.2,-9.74896614280492e-09,478.8,ASK
1509,1712611950.3033366,60334046.00081971,474.2,-1.2307083814668808e-08,478.8,ASK
