,time,acc_trade_volume,trade_price,dev,high,ask_bid
0,1712601588.461938,11180747.4844733,1287.0,0.0,1287.0,BID
1,1712601588.5196676,11180937.34202793,1287.0,1.2835823584676269e-08,1287.0,BID
2,1712601588.5296338,11181357.25728697,1287.0,2.8389484927295115e-08,1287.0,BID
3,1712601600.620685,11181357.25728697,1287.0,0.0,1287.0,BID
4,1712601618.370053,11181361.91929163,1286.0,-3.15319062111057e-10,1287.0,ASK
5,1712601625.291635,11181370.30679086,1286.0,-5.67296384940324e-10,1287.0,ASK
6,1712601630.6308565,11181370.30679086,1286.0,-0.0,1287.0,ASK
7,1712601635.1295178,11181374.97242072,1286.0,3.155638976836052e-10,1287.0,BID
8,1712601641.8099802,11181707.98882055,1286.0,2.2523851286008946e-08,1287.0,BID
9,1712601641.8114738,11181714.46348608,1286.0,4.379195847410552e-10,1287.0,BID
10,1712601646.6900864,11182847.96612181,1287.0,7.666542792674133e-08,1287.0,BID
11,1712601646.6917632,11183266.91181514,1287.0,2.8335753129128664e-08,1287.0,BID
12,1712601654.7395203,11183286.72181514,1286.0,-1.339866427650651e-09,1287.0,ASK
13,1712601656.2693431,11183304.85381514,1286.0,-1.226373451012805e-09,1287.0,ASK
14,1712601660.979722,11183304.85381514,1286.0,-0.0,1287.0,ASK
15,1712601675.8701155,11183324.66381514,1286.0,-1.339640870499373e-09,1287.0,ASK
16,1712601684.3495288,11183329.329445,1286.0,-3.15510774706315e-10,1287.0,ASK
17,1712601685.1711788,11184790.99222964,1286.0,-9.884417996667216e-08,1287.0,ASK
18,1712601690.9896436,11184790.99222964,1286.0,-0.0,1287.0,ASK
19,1712601691.139397,11184827.99222964,1286.0,-2.5017822779920797e-09,1287.0,ASK
20,1712601692.6397796,11185546.99222964,1287.0,4.861571507773799e-08,1287.0,BID
21,1712601692.6414762,11185980.49745714,1287.0,2.9311775556032372e-08,1287.0,BID
22,1712601695.1295972,11186000.31145714,1286.0,-1.339738217812977e-09,1287.0,ASK
23,1712601701.739857,11186004.96984223,1288.0,3.149801422581157e-10,1288.0,BID
24,1712601715.510447,11186107.96984223,1288.0,6.964420936032006e-09,1288.0,BID
25,1712601715.5120132,11186116.99665611,1288.0,6.103546754253784e-10,1288.0,BID
26,1712601715.51366,11197261.3193161,1288.0,7.535315927294077e-07,1288.0,BID
27,1712601715.8290083,11197303.0133161,1288.0,-2.819170548619927e-09,1288.0,ASK
28,1712601717.0893188,11198103.0133161,1288.0,-5.409258979442335e-08,1288.0,ASK
29,1712601718.819299,11198135.9565161,1288.0,-2.2274787551195716e-09,1288.0,ASK
30,1712601720.6134005,11198135.9565161,1288.0,-0.0,1288.0,ASK
31,1712601731.4291248,11198153.9395161,1288.0,-1.214522388199902e-09,1288.0,ASK
32,1712601733.4192023,11198175.6975161,1288.0,-1.4694755116167314e-09,1288.0,ASK
33,1712601738.6199927,11198287.57623402,1289.0,7.555981075665548e-09,1289.0,BID
34,1712601738.6217885,11201388.67614145,1289.0,2.0943976343278321e-07,1289.0,BID
35,1712601738.623644,11202050.79642901,1289.0,4.471778418307298e-08,1289.0,BID
36,1712601744.649227,11207046.59074161,1288.0,-3.374022154149037e-07,1289.0,ASK
37,1712601744.7704897,11207667.32474161,1288.0,-4.192266808400636e-08,1289.0,ASK
38,1712601745.3511205,11208195.27505216,1288.0,-3.565631274280004e-08,1289.0,ASK
39,1712601747.7192316,11208458.86905216,1288.0,-1.7802414191860506e-08,1289.0,ASK
40,1712601750.1141336,11208745.41005216,1288.0,-1.9352191494977492e-08,1289.0,ASK
41,1712601750.6202824,11208745.41005216,1288.0,-0.0,1289.0,ASK
42,1712601751.2488246,11210526.47346946,1288.0,-1.2017718504426442e-07,1289.0,ASK
43,1712601754.8992524,11210531.13185455,1288.0,-3.1432435341384377e-10,1289.0,ASK
44,1712601754.9591742,11210535.01858846,1289.0,2.6225721979751757e-10,1289.0,BID
45,1712601757.5292838,11210538.90532237,1289.0,2.622572199231995e-10,1289.0,BID
46,1712601760.2798266,11210542.79205628,1289.0,2.622572199231995e-10,1289.0,BID
47,1712601766.3891222,11210854.51672148,1289.0,2.1033609701231683e-08,1289.0,BID
48,1712601772.2694,11210859.17149262,1289.0,3.1408050223148087e-10,1289.0,BID
49,1712601776.3093135,11210867.22799417,1289.0,5.436121298383006e-10,1289.0,BID
50,1712601780.9702306,11210867.22799417,1289.0,0.0,1289.0,BID
51,1712601799.4397511,11210876.53753646,1289.0,6.280451779213804e-10,1289.0,BID
52,1712601799.442336,11210886.53753646,1289.0,6.74625194557156e-10,1289.0,BID
53,1712601799.4485583,11218110.86703783,1289.0,4.87371469540672e-07,1289.0,BID
54,1712601804.9890225,11218132.45503783,1289.0,-1.45638086997782e-09,1289.0,ASK
55,1712601811.002077,11218132.45503783,1289.0,-0.0,1289.0,ASK
56,1712601811.3790965,11218149.74703783,1289.0,-1.16582534330499e-09,1289.0,ASK
57,1712601813.0591316,11218390.59913975,1289.0,-1.6238230650937352e-08,1289.0,ASK
58,1712601813.238772,11218419.75123358,1289.0,-1.965431979993673e-09,1289.0,ASK
59,1712601824.3589356,11218434.3272805,1289.0,-9.827159904363647e-10,1289.0,ASK
60,1712601824.5198722,11218438.98205164,1289.0,-3.1382432120598867e-10,1289.0,ASK
61,1712601833.2187476,11218442.86577258,1290.0,2.6184017454892523e-10,1290.0,BID
62,1712601836.0216856,11218446.74949352,1290.0,2.6184017454892523e-10,1290.0,BID
63,1712601840.6010773,11218446.74949352,1290.0,0.0,1290.0,BID
64,1712601844.119721,11218513.21973396,1290.0,4.481296223760838e-09,1290.0,BID
65,1712601844.1216035,11218641.41413313,1290.0,8.642620714133123e-09,1290.0,BID
66,1712601844.1291063,11219461.47871074,1290.0,5.528718221192565e-08,1290.0,BID
67,1712601844.1306076,11245928.52101086,1290.0,1.7843572691799669e-06,1290.0,BID
68,1712601848.859406,11248950.34523595,1290.0,2.037255980883245e-07,1290.0,BID
69,1712601848.8614595,11250485.82360229,1290.0,1.0351900879523325e-07,1290.0,BID
70,1712601848.863533,11251485.82360229,1290.0,6.741808355261051e-08,1290.0,BID
71,1712601849.218586,11251545.10160229,1290.0,-3.996409156764338e-09,1290.0,ASK
72,1712601850.668865,11251560.50189134,1290.0,-1.0382579738649195e-09,1290.0,ASK
73,1712601850.7093542,11251591.30246944,1290.0,-2.076515947855415e-09,1290.0,ASK
74,1712601850.7685905,11251782.26605368,1290.0,-1.2874398877833756e-08,1290.0,ASK
75,1712601862.8287332,11251789.55407714,1290.0,-4.913445744783432e-10,1290.0,ASK
76,1712601867.048613,11251812.79187729,1291.0,1.5666479521663787e-09,1291.0,BID
77,1712601870.6386366,11251812.79187729,1291.0,0.0,1291.0,BID
78,1712601871.9286203,11251817.43943732,1291.0,3.1242299394019024e-10,1291.0,BID
79,1712601875.8192968,11252522.28656127,1291.0,4.73819482270826e-08,1291.0,BID
80,1712601875.8212948,11252531.52004225,1291.0,6.2070242314165e-10,1291.0,BID
81,1712601878.6890447,11253075.71665561,1291.0,3.65825366713952e-08,1291.0,BID
82,1712601878.6911712,11261280.74285228,1291.0,5.515665925887681e-07,1291.0,BID
83,1712601878.6933885,11261860.932021,1291.0,3.9002064731670324e-08,1291.0,BID
84,1712601880.2792575,11261880.668021,1290.0,-1.326713408488468e-09,1291.0,ASK
85,1712601888.9887526,11261884.54873363,1291.0,2.6087320015041606e-10,1291.0,BID
86,1712601900.6592722,11261884.54873363,1291.0,0.0,1291.0,BID
87,1712601904.9496028,11262300.47632366,1291.0,2.7938158939632173e-08,1291.0,BID
88,1712601918.359164,11262305.12388369,1290.0,-3.121799897816094e-10,1291.0,ASK
89,1712601922.8885734,11262309.00459632,1291.0,2.606702918029527e-10,1291.0,BID
90,1712601930.638542,11262309.00459632,1291.0,0.0,1291.0,BID
91,1712601936.6384542,11262449.04614174,1290.0,-9.40634630660458e-09,1291.0,ASK
92,1712601940.5987096,11262453.69370177,1291.0,3.121684996705485e-10,1291.0,BID
93,1712601941.3984404,11263342.06362075,1290.0,-5.967025771738076e-08,1291.0,ASK
94,1712601951.0787284,11263345.94433338,1291.0,2.606606975602045e-10,1291.0,BID
95,1712601955.9384136,11263489.29614247,1290.0,-9.62869094270704e-09,1291.0,ASK
96,1712601960.9604092,11263489.29614247,1290.0,-0.0,1291.0,ASK
97,1712601961.5981843,11264505.29441439,1290.0,-6.823585310314975e-08,1291.0,ASK
98,1712601971.8481052,11264529.02545004,1290.0,-1.593809268517733e-09,1291.0,ASK
99,1712601977.188455,11264645.30752476,1290.0,-7.80966541813877e-09,1291.0,ASK
100,1712601979.6381776,11264649.95508479,1290.0,-3.1213657766470275e-10,1291.0,ASK
101,1712601981.0681863,11264653.83579742,1291.0,2.6063404268528905e-10,1291.0,BID
102,1712601983.9185815,11264657.71651005,1291.0,2.6063404268528905e-10,1291.0,BID
103,1712601987.6082382,11264661.59722268,1291.0,2.6063404268528905e-10,1291.0,BID
104,1712601988.3882258,11265746.02789657,1291.0,7.2831868133273e-08,1291.0,BID
105,1712601990.9781868,11265746.02789657,1291.0,0.0,1291.0,BID
106,1712602005.258288,11265750.6754566,1291.0,3.1207553794689714e-10,1291.0,BID
107,1712602015.3984294,11265974.29941741,1290.0,-1.5015958355291212e-08,1291.0,ASK
108,1712602015.4087958,11267023.04354613,1290.0,-7.042133635949512e-08,1291.0,ASK
109,1712602015.441872,11268080.49537643,1290.0,-7.100604331041005e-08,1291.0,ASK
110,1712602015.5118504,11268198.35046717,1290.0,-7.913763480847724e-09,1291.0,ASK
111,1712602015.5136876,11269080.63443346,1290.0,-5.92438272150028e-08,1291.0,ASK
112,1712602015.518748,11270528.46580289,1290.0,-9.721934747115664e-08,1291.0,ASK
113,1712602015.5588078,11273028.96451951,1290.0,-1.679041210980712e-07,1291.0,ASK
114,1712602015.56824,11273303.17205492,1290.0,-1.84125570333248e-08,1291.0,ASK
115,1712602015.570189,11273380.69143476,1290.0,-5.205290949949169e-09,1291.0,ASK
116,1712602015.6281354,11274088.02291762,1290.0,-4.74960735494021e-08,1291.0,ASK
117,1712602018.218591,11275205.99444754,1289.0,-7.506983542767295e-08,1291.0,ASK
118,1712602018.2212088,11275444.00760557,1289.0,-1.5982167814360836e-08,1291.0,ASK
119,1712602020.1401322,11276415.40848781,1289.0,-6.522787245693349e-08,1291.0,ASK
120,1712602020.158704,11276415.40848782,1289.0,-6.253668410633433e-19,1291.0,ASK
121,1712602020.652466,11276415.40848782,1289.0,-0.0,1291.0,ASK
122,1712602038.0485532,11277770.28688047,1285.0,-9.089372808832349e-08,1291.0,ASK
123,1712602038.0516517,11278164.73335966,1286.0,-2.646194021484645e-08,1291.0,ASK
124,1712602046.73042,11322596.93325669,1285.0,-2.980790244874021e-06,1291.0,ASK
125,1712602048.4278142,11322601.56972988,1285.0,-3.1104365949733337e-10,1291.0,ASK
126,1712602050.3699152,11322606.21728991,1285.0,-3.1178743417288827e-10,1291.0,ASK
127,1712602050.579719,11322606.21728991,1285.0,-0.0,1291.0,ASK
128,1712602080.9788702,11322606.21728991,1285.0,-0.0,1291.0,ASK
129,1712602086.3979173,11322629.8765959,1285.0,-1.580919289829446e-09,1291.0,ASK
130,1712602104.887761,11322634.53136704,1289.0,3.1103268573952447e-10,1291.0,BID
131,1712602110.9888475,11322634.53136704,1289.0,0.0,1291.0,BID
132,1712602132.0779457,11322689.00768006,1289.0,3.640108659427132e-09,1291.0,BID
133,1712602132.0874026,11323497.12799735,1289.0,5.399862071592635e-08,1291.0,BID
134,1712602140.6182284,11323497.12799735,1289.0,0.0,1291.0,BID
135,1712602156.108295,11323501.78276849,1285.0,-3.110088223730443e-10,1291.0,ASK
136,1712602170.6284888,11323501.78276849,1285.0,-0.0,1291.0,ASK
137,1712602172.7876835,11323506.44115358,1288.0,3.1125016432217036e-10,1291.0,BID
138,1712602189.2179067,11323538.43615358,1287.0,-2.1377470547631176e-09,1291.0,ASK
139,1712602200.6978865,11323538.43615358,1287.0,-0.0,1291.0,ASK
140,1712602200.8776517,11323546.20012873,1288.0,5.187497651450571e-10,1291.0,BID
141,1712602223.31906,11323550.85851382,1285.0,-3.1124985908703407e-10,1291.0,ASK
142,1712602230.638003,11323550.85851382,1285.0,-0.0,1291.0,ASK
143,1712602245.4974253,11323555.51689891,1288.0,3.1124952651516755e-10,1291.0,BID
144,1712602260.667283,11323555.51689891,1288.0,0.0,1291.0,BID
145,1712602287.9974558,11323560.175284,1286.0,-3.112494018630371e-10,1291.0,ASK
146,1712602290.6579435,11323560.175284,1286.0,-0.0,1291.0,ASK
147,1712602320.9468875,11323560.175284,1286.0,-0.0,1291.0,ASK
148,1712602330.6071315,11323579.918284,1286.0,-1.3191254827901494e-09,1291.0,ASK
149,1712602333.6802409,11323714.35884516,1286.0,-8.982625241273816e-09,1291.0,ASK
150,1712602333.6833074,11324078.7599484,1286.0,-2.4347403192276733e-08,1291.0,ASK
151,1712602343.8193767,11324083.41833349,1288.0,3.1124927715585406e-10,1291.0,BID
152,1712602351.0183873,11324083.41833349,1288.0,0.0,1291.0,BID
153,1712602360.0876682,11324122.29858232,1286.0,-2.5976610049361633e-09,1291.0,ASK
154,1712602360.0904517,11324909.3207653,1286.0,-5.2582400994960696e-08,1291.0,ASK
155,1712602371.7395508,11324940.42496436,1286.0,2.078128803774705e-09,1291.0,BID
156,1712602380.623176,11324940.42496436,1286.0,0.0,1291.0,BID
157,1712602391.0370188,11324945.08334945,1285.0,-3.1121236828862526e-10,1291.0,ASK
158,1712602410.6082168,11324945.08334945,1285.0,-0.0,1291.0,ASK
159,1712602415.5780132,11324949.74535411,1287.0,3.114540562090781e-10,1291.0,BID
160,1712602440.9465306,11324949.74535411,1287.0,0.0,1291.0,BID
161,1712602461.8071551,11324954.40735877,1285.0,-3.1145393124102003e-10,1291.0,ASK
162,1712602465.276574,11324979.06107571,1285.0,-1.647037620620189e-09,1291.0,ASK
163,1712602470.9879577,11324979.06107571,1285.0,-0.0,1291.0,ASK
164,1712602488.0466683,11324983.72308037,1287.0,3.114531475432671e-10,1291.0,BID
165,1712602500.6583683,11324983.72308037,1287.0,0.0,1291.0,BID
166,1712602528.9471793,11324988.38508503,1285.0,-3.115413032469786e-10,1291.0,ASK
167,1712602530.625936,11324988.38508503,1285.0,-0.0,1291.0,ASK
168,1712602554.4678564,11324993.04708969,1287.0,3.1154117865199176e-10,1291.0,BID
169,1712602560.8681269,11325348.27316699,1285.0,-2.373818965476612e-08,1291.0,ASK
170,1712602560.9677143,11325348.27316699,1285.0,-0.0,1291.0,ASK
171,1712602562.8414063,11334492.55052066,1285.0,-6.110527794932366e-07,1291.0,ASK
172,1712602577.0884433,11337365.11116085,1285.0,-1.9195460675154245e-07,1291.0,ASK
173,1712602582.1729364,11360420.82570009,1285.0,-1.5406639483381157e-06,1291.0,ASK
174,1712602582.2912629,11361015.54963882,1285.0,-3.97415456397071e-08,1291.0,ASK
175,1712602589.2090442,11361793.37084494,1285.0,-5.19767491257212e-08,1291.0,ASK
176,1712602589.218839,11364191.30501813,1285.0,-1.602383966385282e-07,1291.0,ASK
177,1712602589.2210813,11364199.08711929,1285.0,-5.20027374514736e-10,1291.0,ASK
178,1712602590.9807382,11364199.08711929,1285.0,-0.0,1291.0,ASK
179,1712602592.139054,11364276.96873922,1284.0,-5.1870196488447794e-09,1291.0,ASK
180,1712602592.148471,11364354.85035915,1284.0,-5.187019648720724e-09,1291.0,ASK
181,1712602597.7291906,11364359.51236381,1282.0,-3.104957215875201e-10,1291.0,ASK
182,1712602620.659979,11364359.51236381,1282.0,-0.0,1291.0,ASK
183,1712602633.0902796,11364429.08066165,1282.0,-4.633277761062079e-09,1291.0,ASK
184,1712602633.0928018,11364901.53026096,1282.0,-3.14653411057208e-08,1291.0,ASK
185,1712602633.0951374,11365234.17479973,1282.0,-2.2154265544194352e-08,1291.0,ASK
186,1712602650.6305933,11365234.17479973,1282.0,-0.0,1291.0,ASK
187,1712602651.8603268,11365238.84042959,1286.0,3.107096980882861e-10,1291.0,BID
188,1712602680.971175,11365238.84042959,1286.0,0.0,1291.0,BID
189,1712602702.5119278,11365243.50605945,1282.0,-3.1070957393723155e-10,1291.0,ASK
190,1712602710.9513369,11365243.50605945,1282.0,-0.0,1291.0,ASK
191,1712602719.5649092,11365248.17168931,1286.0,3.1070945017243757e-10,1291.0,BID
192,1712602740.612439,11365248.17168931,1286.0,0.0,1291.0,BID
193,1712602765.7524223,11365252.83731917,1283.0,-3.1070932602158113e-10,1291.0,ASK
194,1712602769.4931607,11365263.29241806,1283.0,-6.962611324889841e-10,1291.0,ASK
195,1712602770.64492,11365263.29241806,1283.0,-0.0,1291.0,ASK
196,1712602789.132952,11365267.95804792,1286.0,3.1070892460333047e-10,1291.0,BID
197,1712602800.745613,11365267.95804792,1286.0,0.0,1291.0,BID
198,1712602826.6856277,11365382.52243461,1283.0,-7.629444304649085e-09,1291.0,ASK
199,1712602826.6908317,11365395.95804792,1283.0,-8.94748066207665e-10,1291.0,ASK
200,1712602830.6564517,11365395.95804792,1283.0,-0.0,1291.0,ASK
201,1712602834.393962,11365400.62367778,1283.0,-3.107054024112015e-10,1291.0,ASK
202,1712602860.97435,11365400.62367778,1283.0,-0.0,1291.0,ASK
203,1712602890.964954,11365400.62367778,1283.0,-0.0,1291.0,ASK
204,1712602895.5380683,11365405.28930764,1286.0,3.1070527855319304e-10,1291.0,BID
205,1712602920.6153705,11365405.28930764,1286.0,0.0,1291.0,BID
206,1712602943.5466564,11365409.9549375,1283.0,-3.1070515440567025e-10,1291.0,ASK
207,1712602950.6688302,11365409.9549375,1283.0,-0.0,1291.0,ASK
208,1712602951.9060524,11365785.73889725,1286.0,2.5025124194619244e-08,1291.0,BID
209,1712602951.9092193,11365913.9549375,1286.0,8.53847602540778e-09,1291.0,BID
210,1712602960.6408834,11365918.62056736,1286.0,3.1070503054785955e-10,1291.0,BID
211,1712602980.9761004,11365918.62056736,1286.0,0.0,1291.0,BID
212,1712603005.4069655,11366760.43062758,1286.0,5.6057431661760966e-08,1291.0,BID
213,1712603005.4103923,11367473.8305207,1286.0,4.75064003697394e-08,1291.0,BID
214,1712603010.9922154,11367473.8305207,1286.0,0.0,1291.0,BID
215,1712603014.5667431,11367478.49615056,1283.0,-3.1065012275149567e-10,1291.0,ASK
216,1712603040.6300073,11367478.49615056,1283.0,-0.0,1291.0,ASK
217,1712603069.2274537,11367483.16178042,1286.0,3.106499989375561e-10,1291.0,BID
218,1712603070.7094667,11367483.16178042,1286.0,0.0,1291.0,BID
219,1712603100.9709392,11367483.16178042,1286.0,0.0,1291.0,BID
220,1712603118.0880682,11367487.82741028,1284.0,-3.1078474263249445e-10,1291.0,ASK
221,1712603130.9681156,11367487.82741028,1284.0,-0.0,1291.0,ASK
222,1712603134.777905,11367492.49304014,1286.0,3.1078461861463537e-10,1291.0,BID
223,1712603160.6382036,11367492.49304014,1286.0,0.0,1291.0,BID
224,1712603187.291952,11367497.15867,1284.0,-3.1078449440370116e-10,1291.0,ASK
225,1712603190.6082962,11367497.15867,1284.0,-0.0,1291.0,ASK
226,1712603204.498353,11367528.34891084,1284.0,-2.0776271698208157e-09,1291.0,ASK
227,1712603204.7588086,11367922.79539003,1284.0,-2.6274651947151613e-08,1291.0,ASK
228,1712603204.7624104,11369679.1555094,1284.0,-1.1699369436640277e-07,1291.0,ASK
229,1712603204.928395,11369683.82840659,1284.0,3.112684577648193e-10,1291.0,BID
230,1712603205.628435,11369760.70880501,1284.0,5.121114819448855e-09,1291.0,BID
231,1712603212.7672708,11370462.64460596,1284.0,-4.675696154545095e-08,1291.0,ASK
232,1712603220.9787924,11370462.64460596,1284.0,-0.0,1291.0,ASK
233,1712603251.0126786,11370462.64460596,1284.0,-0.0,1291.0,ASK
234,1712603255.0503285,11370463.51091797,1283.0,-5.769166655269346e-11,1291.0,ASK
235,1712603255.0535772,11370467.31750315,1283.0,-2.5349786254739925e-10,1291.0,ASK
236,1712603272.6790943,11370471.99040034,1284.0,3.1118952910009265e-10,1291.0,BID
237,1712603280.6190157,11370471.99040034,1284.0,0.0,1291.0,BID
238,1712603310.5994058,11370471.99040034,1284.0,0.0,1291.0,BID
239,1712603313.1494503,11370565.3817022,1284.0,6.219347623351338e-09,1291.0,BID
240,1712603320.5993078,11370570.05459939,1283.0,-3.1118928051477583e-10,1291.0,ASK
241,1712603340.9894571,11370570.05459939,1283.0,-0.0,1291.0,ASK
242,1712603343.8593569,11370574.72022925,1286.0,3.107027110625347e-10,1291.0,BID
243,1712603347.3695564,11370641.49852134,1285.0,-4.4470300934534045e-09,1291.0,ASK
244,1712603370.9949627,11370641.49852134,1285.0,-0.0,1291.0,ASK
245,1712603377.239897,11371192.86250258,1285.0,-3.671727966204352e-08,1291.0,ASK
246,1712603391.9101226,11371197.52813244,1284.0,-3.1070081143859485e-10,1291.0,ASK
247,1712603400.6499696,11371197.52813244,1284.0,-0.0,1291.0,ASK
248,1712603403.7908523,11371203.30614849,1283.0,-3.848834100712807e-10,1291.0,ASK
249,1712603403.7938714,11371593.08699782,1284.0,-2.596396084532365e-08,1291.0,ASK
250,1712603403.7967758,11371671.0293205,1283.0,-5.191869784659407e-09,1291.0,ASK
251,1712603403.7997274,11372390.0293205,1284.0,-4.789380463373319e-08,1291.0,ASK
252,1712603403.8020582,11372832.01565391,1283.0,-2.9441456332526065e-08,1291.0,ASK
253,1712603403.8035123,11373261.05623353,1283.0,-2.8579117802920432e-08,1291.0,ASK
254,1712603403.8048184,11374365.07623353,1284.0,-7.354063726246552e-08,1291.0,ASK
255,1712603406.400703,11374401.76615601,1283.0,-2.443977718052504e-09,1291.0,ASK
256,1712603409.6104088,11374406.43178587,1286.0,3.107854867994565e-10,1291.0,BID
257,1712603430.642011,11374406.43178587,1286.0,0.0,1291.0,BID
258,1712603452.9904225,11374411.09741573,1284.0,-3.1070023369595683e-10,1291.0,ASK
259,1712603460.9639394,11374411.09741573,1284.0,-0.0,1291.0,ASK
260,1712603471.090257,11374415.76304559,1286.0,3.1070010974553463e-10,1291.0,BID
261,1712603490.9800336,11374415.76304559,1286.0,0.0,1291.0,BID
262,1712603519.390584,11374420.42867545,1284.0,-3.1069998560214236e-10,1291.0,ASK
263,1712603520.6104836,11374420.42867545,1284.0,-0.0,1291.0,ASK
264,1712603544.760854,11374500.48682867,1284.0,-5.331339578090769e-09,1291.0,ASK
265,1712603544.764601,11375214.82119881,1284.0,-4.75699094516364e-08,1291.0,ASK
266,1712603550.6509187,11375214.82119881,1284.0,-0.0,1291.0,ASK
267,1712603572.900888,11375219.48682867,1286.0,3.10678758733929e-10,1291.0,BID
268,1712603577.2713058,11375233.17800514,1286.0,9.1167920281806e-10,1291.0,BID
269,1712603580.6722343,11375233.17800514,1286.0,0.0,1291.0,BID
270,1712603610.6220078,11375233.17800514,1286.0,0.0,1291.0,BID
271,1712603620.3910608,11375237.843635,1284.0,-3.1067827036249536e-10,1291.0,ASK
272,1712603636.231147,11375242.50926486,1286.0,3.1067827036249536e-10,1291.0,BID
273,1712603640.9778955,11375242.50926486,1286.0,0.0,1291.0,BID
274,1712603657.502163,11375242.6447048,1286.0,9.018763575240927e-12,1291.0,BID
275,1712603657.5064027,11375658.00138178,1286.0,2.7658042928015923e-08,1291.0,BID
276,1712603657.5094306,11376156.40672767,1286.0,3.318814218290288e-08,1291.0,BID
277,1712603657.5123672,11376242.50926486,1286.0,5.7334522395255585e-09,1291.0,BID
278,1712603657.801524,11376523.40042101,1286.0,1.87041646023436e-08,1291.0,BID
279,1712603657.8056452,11376532.51631516,1286.0,6.07015140725413e-10,1291.0,BID
280,1712603660.7315676,11376537.74386461,1286.0,-3.4809549267651176e-10,1291.0,ASK
281,1712603663.8411567,11376542.97141406,1286.0,-3.480954925524809e-10,1291.0,ASK
282,1712603670.9953425,11376542.97141406,1286.0,-0.0,1291.0,ASK
283,1712603684.851541,11376547.63704392,1286.0,-3.106434282779187e-10,1291.0,ASK
284,1712603697.211695,11377664.59192038,1286.0,-7.436824233079966e-08,1291.0,ASK
285,1712603700.6978862,11377664.59192038,1286.0,-0.0,1291.0,ASK
286,1712603706.8113382,11377669.25392504,1287.0,3.1037861342344137e-10,1291.0,BID
287,1712603729.231442,11377959.72283744,1287.0,1.9338320064583778e-08,1291.0,BID
288,1712603730.6027029,11377959.72283744,1287.0,0.0,1291.0,BID
289,1712603747.2914493,11379958.72283744,1287.0,-1.3308248360680162e-07,1291.0,ASK
290,1712603747.3766065,11380309.74238411,1287.0,-2.3368961013127068e-08,1291.0,ASK
291,1712603747.380072,11380380.29855812,1287.0,-4.697244057553564e-09,1291.0,ASK
292,1712603750.0214388,11380384.96056278,1284.0,-3.103707648062757e-10,1291.0,ASK
293,1712603760.9817696,11380384.96056278,1284.0,-0.0,1291.0,ASK
294,1712603773.4417632,11380389.62256744,1287.0,3.1030628400510995e-10,1291.0,BID
295,1712603790.9914448,11380389.62256744,1287.0,0.0,1291.0,BID
296,1712603820.6317897,11380389.62256744,1287.0,0.0,1291.0,BID
297,1712603828.2519689,11380394.2845721,1287.0,-3.1030616020392126e-10,1291.0,ASK
298,1712603841.3445787,11381170.68208762,1288.0,5.16775398913692e-08,1291.0,BID
299,1712603841.9820182,11381175.34047271,1288.0,3.1006523905165763e-10,1291.0,BID
300,1712603850.120352,11381894.34047271,1288.0,4.7857122722742174e-08,1291.0,BID
301,1712603850.1236613,11383920.79535247,1288.0,1.3488219731962386e-07,1291.0,BID
302,1712603850.651669,11383920.79535247,1288.0,0.0,1291.0,BID
303,1712603852.8421035,11384118.74585247,1288.0,-1.317173073316065e-08,1291.0,ASK
304,1712603873.032201,11384151.77776308,1287.0,-2.1979607636705637e-09,1291.0,ASK
305,1712603873.036439,11384197.11575842,1287.0,-3.016814135921669e-09,1291.0,ASK
306,1712603881.0020804,11384197.11575842,1287.0,-0.0,1291.0,ASK
307,1712603891.2522504,11384201.77414351,1287.0,-3.0996406324296043e-10,1291.0,ASK
308,1712603911.0259628,11384201.77414351,1287.0,-0.0,1291.0,ASK
309,1712603915.9621005,11384206.4325286,1288.0,3.0996393971492167e-10,1291.0,BID
310,1712603923.4221516,11384920.77414351,1288.0,4.7531523683987895e-08,1291.0,BID
311,1712603940.621919,11384920.77414351,1288.0,0.0,1291.0,BID
312,1712603941.3239944,11385325.81554352,1288.0,2.6949359031165625e-08,1291.0,BID
313,1712603941.3419373,11385325.81554353,1288.0,7.4358462428394515e-19,1291.0,BID
314,1712603963.382484,11385330.47392862,1287.0,-3.099448408407034e-10,1291.0,ASK
315,1712603970.6722906,11385330.47392862,1287.0,-0.0,1291.0,ASK
316,1712604000.6623368,11385330.47392862,1287.0,-0.0,1291.0,ASK
317,1712604019.3422148,11385335.12869976,1289.0,3.0978278194615277e-10,1291.0,BID
318,1712604030.652544,11385335.12869976,1289.0,0.0,1291.0,BID
319,1712604038.4231906,11385341.67337543,1289.0,4.355589059680108e-10,1291.0,BID
320,1712604038.4273462,11385345.12869976,1289.0,2.2995750464798864e-10,1291.0,BID
321,1712604058.3662243,11385359.07556338,1288.0,-9.281866615474158e-10,1291.0,ASK
322,1712604061.0034192,11385359.07556338,1288.0,-0.0,1291.0,ASK
323,1712604063.6226587,11385363.73033452,1288.0,-3.097820220303891e-10,1291.0,ASK
324,1712604087.321784,11385368.38510566,1289.0,3.097820220303891e-10,1291.0,BID
325,1712604091.0035777,11385368.38510566,1289.0,0.0,1291.0,BID
326,1712604120.6432478,11385368.38510566,1289.0,0.0,1291.0,BID
327,1712604129.9426422,11385373.0398768,1288.0,-3.097817747290362e-10,1291.0,ASK
328,1712604148.742684,11385377.69464794,1289.0,3.097817747290362e-10,1291.0,BID
329,1712604150.6328907,11385377.69464794,1289.0,0.0,1291.0,BID
330,1712604180.973294,11385377.69464794,1289.0,0.0,1291.0,BID
331,1712604195.9730945,11385382.34941908,1289.0,-3.0978152742807806e-10,1291.0,ASK
332,1712604211.013059,11385382.34941908,1289.0,-0.0,1291.0,ASK
333,1712604213.433204,11385387.00058187,1290.0,3.0954126310739116e-10,1291.0,BID
334,1712604240.6230936,11385387.00058187,1290.0,0.0,1291.0,BID
335,1712604243.9227445,11386163.10400302,1290.0,5.1650726537897145e-08,1291.0,BID
336,1712604244.3630877,11386169.12065302,1290.0,4.004161499432314e-10,1291.0,BID
337,1712604244.3679326,11387500.21219311,1290.0,8.858593231322835e-08,1291.0,BID
338,1712604261.9229865,11387504.8633559,1288.0,-3.095411395050669e-10,1291.0,ASK
339,1712604270.6428602,11387504.8633559,1288.0,-0.0,1291.0,ASK
340,1712604285.6231534,11387509.51451869,1290.0,3.09484868806607e-10,1291.0,BID
341,1712604300.9957335,11387509.51451869,1290.0,0.0,1291.0,BID
342,1712604329.4652677,11387514.16568148,1288.0,-3.0960143304221267e-10,1291.0,ASK
343,1712604330.9731069,11387514.16568148,1288.0,-0.0,1291.0,ASK
344,1712604344.5733554,11387841.79507111,1288.0,-2.1808414941495483e-08,1291.0,ASK
345,1712604354.403421,11387846.44984225,1289.0,3.0984149678967787e-10,1291.0,BID
346,1712604360.6975458,11387846.44984225,1289.0,0.0,1291.0,BID
347,1712604390.6657896,11387846.44984225,1289.0,0.0,1291.0,BID
348,1712604400.2269387,11387851.10461339,1287.0,-3.0983267008319525e-10,1291.0,ASK
349,1712604419.1141615,11388136.77567622,1289.0,1.9014947352561915e-08,1291.0,BID
350,1712604420.643274,11388136.77567622,1289.0,0.0,1291.0,BID
351,1712604424.8134184,11388141.43044736,1289.0,3.0982495264670075e-10,1291.0,BID
352,1712604450.623399,11388141.43044736,1289.0,0.0,1291.0,BID
353,1712604467.5834284,11388146.0852185,1287.0,-3.098248289137051e-10,1291.0,ASK
354,1712604478.0037358,11389092.72124352,1287.0,-6.300875718345391e-08,1291.0,ASK
355,1712604478.008733,11389487.84817973,1287.0,-2.629992576060969e-08,1291.0,ASK
356,1712604480.9945977,11389487.84817973,1287.0,-0.0,1291.0,ASK
357,1712604492.5131974,11389492.50295087,1289.0,3.097890981428723e-10,1291.0,BID
358,1712604508.2937553,11389570.04368011,1289.0,5.160570060007216e-09,1291.0,BID
359,1712604510.9944549,11389570.04368011,1289.0,0.0,1291.0,BID
360,1712604537.77346,11389574.69845125,1287.0,-3.0978691386855365e-10,1291.0,ASK
361,1712604540.6745222,11389574.69845125,1287.0,-0.0,1291.0,ASK
362,1712604559.420216,11389579.35322239,1289.0,3.0978679023391075e-10,1291.0,BID
363,1712604570.616841,11389579.35322239,1289.0,0.0,1291.0,BID
364,1712604600.7433813,11389579.35322239,1289.0,0.0,1291.0,BID
365,1712604605.9139163,11389584.00799353,1287.0,-3.0980942731938736e-10,1291.0,ASK
366,1712604627.8377645,11389588.66276467,1289.0,3.0980942731938736e-10,1291.0,BID
367,1712604630.636583,11389588.66276467,1289.0,0.0,1291.0,BID
368,1712604661.0152764,11389588.66276467,1289.0,0.0,1291.0,BID
369,1712604675.3934455,11389593.31753581,1287.0,-3.0980918007025856e-10,1291.0,ASK
370,1712604690.9961848,11389593.31753581,1287.0,-0.0,1291.0,ASK
371,1712604720.6042664,11389593.31753581,1287.0,-0.0,1291.0,ASK
372,1712604731.9937782,11389597.9759209,1288.0,3.100495913862593e-10,1291.0,BID
373,1712604740.0437222,11389621.26784636,1288.0,1.550247957427187e-09,1291.0,BID
374,1712604750.6745608,11389621.26784636,1288.0,0.0,1291.0,BID
375,1712604752.1242085,11390093.3175358,1288.0,3.1418283331341857e-08,1291.0,BID
376,1712604752.128487,11390093.31753581,1288.0,6.198617894834888e-19,1291.0,BID
377,1712604780.605272,11390097.9759209,1288.0,-3.1004884848960995e-10,1291.0,ASK
378,1712604780.6840026,11390097.9759209,1288.0,-0.0,1291.0,ASK
379,1712604801.853968,11390102.63069204,1289.0,3.097956540838558e-10,1291.0,BID
380,1712604810.6440604,11390102.63069204,1289.0,0.0,1291.0,BID
381,1712604841.0254972,11390102.63069204,1289.0,0.0,1291.0,BID
382,1712604846.663769,11390107.28546318,1287.0,-3.0979553037426045e-10,1291.0,ASK
383,1712604861.4941566,11390111.94023432,1289.0,3.0979553037426045e-10,1291.0,BID
384,1712604870.9935908,11390111.94023432,1289.0,0.0,1291.0,BID
385,1712604884.2637897,11390143.34974052,1287.0,-2.090439373789069e-09,1291.0,ASK
386,1712604888.033996,11390158.86564432,1289.0,1.03265094390702e-09,1291.0,BID
387,1712604900.6250508,11390158.86564432,1289.0,0.0,1291.0,BID
388,1712604910.9245806,11390162.20102854,1287.0,-2.2202327355504408e-10,1291.0,ASK
389,1712604910.9300132,11390163.52041546,1287.0,-8.782634435603993e-11,1291.0,ASK
390,1712604930.6178536,11390163.52041546,1287.0,-0.0,1291.0,ASK
391,1712604934.2041378,11390168.1751866,1289.0,3.0984949435040007e-10,1291.0,BID
392,1712604948.8841424,11390215.23595729,1287.0,-3.132647248062328e-09,1291.0,ASK
393,1712604955.4175384,11390222.99390919,1289.0,5.16415823958663e-10,1291.0,BID
394,1712604960.9839432,11390222.99390919,1289.0,0.0,1291.0,BID
395,1712604975.403921,11390227.64868033,1287.0,-3.0984791512591104e-10,1291.0,ASK
396,1712604986.444346,11391568.06845617,1289.0,8.922592764707657e-08,1291.0,BID
397,1712604986.449462,11392555.03425053,1289.0,6.569802993435321e-08,1291.0,BID
398,1712604990.9842424,11392555.03425053,1289.0,0.0,1291.0,BID
399,1712604998.424004,11392559.68902167,1289.0,3.0978592827652157e-10,1291.0,BID
400,1712605020.7147834,11392559.68902167,1289.0,0.0,1291.0,BID
401,1712605050.5255053,11392564.34379281,1287.0,-3.0978580457469377e-10,1291.0,ASK
402,1712605050.64406,11392564.34379281,1287.0,-0.0,1291.0,ASK
403,1712605070.8544245,11392568.99856395,1289.0,3.0978568118886235e-10,1291.0,BID
404,1712605080.9747782,11392568.99856395,1289.0,0.0,1291.0,BID
405,1712605099.8844254,11392655.96900615,1289.0,5.78807982198675e-09,1291.0,BID
406,1712605110.9841907,11392655.96900615,1289.0,0.0,1291.0,BID
407,1712605122.104261,11392660.62377729,1287.0,-3.0978324624557965e-10,1291.0,ASK
408,1712605140.6142864,11392660.62377729,1287.0,-0.0,1291.0,ASK
409,1712605147.9645295,11392665.27854843,1289.0,3.0978312261386275e-10,1291.0,BID
410,1712605166.9344337,11394100.23833773,1289.0,9.54990720271997e-08,1291.0,BID
411,1712605170.6249602,11394100.23833773,1289.0,0.0,1291.0,BID
412,1712605191.9546251,11394104.89310887,1287.0,-3.0974486998534385e-10,1291.0,ASK
413,1712605192.374961,11394175.89091324,1287.0,-4.724444019753188e-09,1291.0,ASK
414,1712605192.37984,11394424.98978329,1287.0,-1.6575916359418167e-08,1291.0,ASK
415,1712605200.674478,11394424.98978329,1287.0,-0.0,1291.0,ASK
416,1712605211.6145728,11394430.98978329,1287.0,-3.9925721145448927e-10,1291.0,ASK
417,1712605211.618791,11394453.21368231,1287.0,-1.4788419917207135e-09,1291.0,ASK
418,1712605221.2850473,11394457.87568697,1287.0,3.1022316332019235e-10,1291.0,BID
419,1712605230.625097,11394457.87568697,1287.0,0.0,1291.0,BID
420,1712605261.005347,11394457.87568697,1287.0,0.0,1291.0,BID
421,1712605267.4047203,11394462.53769163,1285.0,-3.102222897431134e-10,1291.0,ASK
422,1712605269.254576,11394825.7494837,1285.0,-2.4169086475792373e-08,1291.0,ASK
423,1712605290.9899993,11394825.7494837,1285.0,-0.0,1291.0,ASK
424,1712605291.0946136,11394852.32216616,1285.0,-1.768161917466514e-09,1291.0,ASK
425,1712605291.0999951,11395095.10467737,1285.0,-1.6154891069517658e-08,1291.0,ASK
426,1712605305.3760643,11395101.76830114,1285.0,-4.4340144439293816e-10,1291.0,ASK
427,1712605320.6238782,11395101.76830114,1285.0,-0.0,1291.0,ASK
428,1712605325.7246602,11395106.4303058,1287.0,3.1020521048087237e-10,1291.0,BID
429,1712605350.675565,11395106.4303058,1287.0,0.0,1291.0,BID
430,1712605376.5672636,11395132.12535224,1287.0,1.709722467065478e-09,1291.0,BID
431,1712605378.4544623,11395136.7873569,1285.0,-3.1020508676036047e-10,1291.0,ASK
432,1712605380.9846046,11395136.7873569,1285.0,-0.0,1291.0,ASK
433,1712605402.0245633,11395141.44936156,1287.0,3.10204280531261e-10,1291.0,BID
434,1712605411.0319247,11395141.44936156,1287.0,0.0,1291.0,BID
435,1712605413.8847258,11395455.89022725,1285.0,-2.0922515240983096e-08,1291.0,ASK
436,1712605440.6345694,11395455.89022725,1285.0,-0.0,1291.0,ASK
437,1712605448.134821,11395460.55223191,1285.0,-3.1019581681504907e-10,1291.0,ASK
438,1712605468.5347948,11395465.21423657,1287.0,3.1019581693898393e-10,1291.0,BID
439,1712605470.6168537,11395465.21423657,1287.0,0.0,1291.0,BID
440,1712605500.634706,11395465.21423657,1287.0,0.0,1291.0,BID
441,1712605512.766565,11395686.267573,1285.0,-1.4708837378982293e-08,1291.0,ASK
442,1712605512.7692385,11396326.60482478,1285.0,-4.2607891182340255e-08,1291.0,ASK
443,1712605527.435033,11396331.26682944,1285.0,-3.102087013176305e-10,1291.0,ASK
444,1712605530.720157,11396331.26682944,1285.0,-0.0,1291.0,ASK
445,1712605559.8947349,11396339.03683721,1287.0,5.169762199545954e-10,1291.0,BID
446,1712605560.9848,11396339.03683721,1287.0,0.0,1291.0,BID
447,1712605581.6352391,11396343.69884187,1287.0,3.1018552536824035e-10,1291.0,BID
448,1712605591.039852,11396343.69884187,1287.0,0.0,1291.0,BID
449,1712605620.6188035,11396343.69884187,1287.0,0.0,1291.0,BID
450,1712605634.205092,11396348.36084653,1285.0,-3.10185401663438e-10,1291.0,ASK
451,1712605650.6356616,11396348.36084653,1285.0,-0.0,1291.0,ASK
452,1712605657.7639363,11396353.01923162,1288.0,3.0994445072767744e-10,1291.0,BID
453,1712605680.9852593,11396353.01923162,1288.0,0.0,1291.0,BID
454,1712605704.4851625,11396357.67761671,1286.0,-3.0994432711921284e-10,1291.0,ASK
455,1712605709.0949872,11396832.66269973,1286.0,-3.160299740942032e-08,1291.0,ASK
456,1712605710.984734,11396832.66269973,1286.0,-0.0,1291.0,ASK
457,1712605721.9455752,11396837.32832959,1286.0,3.104136164081638e-10,1291.0,BID
458,1712605739.335048,11396972.12898459,1286.0,8.968555172224651e-09,1291.0,BID
459,1712605740.6691751,11396972.12898459,1286.0,0.0,1291.0,BID
460,1712605745.555392,11397150.69902828,1286.0,1.1880477722353616e-08,1291.0,BID
461,1712605770.6306803,11397150.69902828,1286.0,0.0,1291.0,BID
462,1712605771.1248417,11397155.36465814,1286.0,-3.104051699015294e-10,1291.0,ASK
463,1712605788.1083283,11397160.02304323,1288.0,3.0992317412175456e-10,1291.0,BID
464,1712605800.6782708,11397160.02304323,1288.0,0.0,1291.0,BID
465,1712605803.7350972,11397438.19374049,1288.0,1.85119846105928e-08,1291.0,BID
466,1712605830.6453726,11397438.19374049,1288.0,0.0,1291.0,BID
467,1712605837.4853222,11397442.85212558,1286.0,-3.1000352592280125e-10,1291.0,ASK
468,1712605858.2352283,11397670.77912558,1288.0,1.5167954625570392e-08,1291.0,BID
469,1712605860.730916,11398100.14312558,1288.0,2.8573067999068362e-08,1291.0,BID
470,1712605860.9849927,11398100.14312558,1288.0,0.0,1291.0,BID
471,1712605869.9254386,11398158.80842512,1288.0,3.903803050244751e-09,1291.0,BID
472,1712605869.9298978,11405373.15956766,1288.0,4.800692439538796e-07,1291.0,BID
473,1712605874.105391,11405644.8141092,1288.0,1.8076884226659323e-08,1291.0,BID
474,1712605874.1109836,11426013.47463402,1289.0,1.3554049789513855e-06,1291.0,BID
475,1712605874.1854527,11426355.80804037,1289.0,-2.2780113737096987e-08,1291.0,ASK
476,1712605874.3254774,11427797.92900508,1290.0,9.596399004433557e-08,1291.0,BID
477,1712605874.329771,11427914.29828359,1290.0,7.743636322875507e-09,1291.0,BID
478,1712605874.3339436,11428275.80804037,1291.0,2.4056178052607523e-08,1291.0,BID
479,1712605883.6353724,11428280.4556004,1291.0,3.09265599338876e-10,1291.0,BID
480,1712605889.0754433,11428380.4556004,1291.0,6.654364813532219e-09,1291.0,BID
481,1712605891.0076172,11428380.4556004,1291.0,0.0,1291.0,BID
482,1712605917.7063372,11428500.25244527,1288.0,-7.951070557618462e-09,1291.0,ASK
483,1712605920.647507,11428500.25244527,1288.0,-0.0,1291.0,ASK
484,1712605935.855284,11428504.9000053,1288.0,-3.0846137333078123e-10,1291.0,ASK
485,1712605950.69292,11428504.9000053,1288.0,-0.0,1291.0,ASK
486,1712605957.365431,11428509.55116809,1290.0,3.087003680415578e-10,1291.0,BID
487,1712605980.9759047,11428509.55116809,1290.0,0.0,1291.0,BID
488,1712605991.8886752,11428609.07202074,1288.0,-6.605253996190829e-09,1291.0,ASK
489,1712606001.8857858,11428613.72318353,1287.0,-3.087002451098736e-10,1291.0,ASK
490,1712606010.99568,11428613.72318353,1287.0,-0.0,1291.0,ASK
491,1712606018.3652155,11428618.37434632,1290.0,3.0869749620054077e-10,1291.0,BID
492,1712606040.635556,11428618.37434632,1290.0,0.0,1291.0,BID
493,1712606064.5053463,11428623.02550911,1287.0,-3.086973732711438e-10,1291.0,ASK
494,1712606070.6066096,11428623.02550911,1287.0,-0.0,1291.0,ASK
495,1712606087.3555984,11428627.68028025,1289.0,3.089367364692801e-10,1291.0,BID
496,1712606100.679325,11428627.68028025,1289.0,0.0,1291.0,BID
497,1712606125.3953264,11428632.33505139,1287.0,-3.1020794602980197e-10,1291.0,ASK
498,1712606130.674186,11428632.33505139,1287.0,-0.0,1291.0,ASK
499,1712606150.085939,11428636.99343648,1288.0,3.1044866662807916e-10,1291.0,BID
500,1712606160.997697,11428636.99343648,1288.0,0.0,1291.0,BID
501,1712606190.9625795,11428636.99343648,1288.0,0.0,1291.0,BID
502,1712606191.9455185,11428641.65182157,1287.0,-3.1044854249278235e-10,1291.0,ASK
503,1712606215.9774718,11428646.30659271,1289.0,3.1020769814417397e-10,1291.0,BID
504,1712606220.647097,11428646.30659271,1289.0,0.0,1291.0,BID
505,1712606250.6508458,11428646.30659271,1289.0,0.0,1291.0,BID
506,1712606257.2157943,11428650.96136385,1287.0,-3.1020745016278824e-10,1291.0,ASK
507,1712606274.3960536,11428655.61974894,1288.0,3.104482943188645e-10,1291.0,BID
508,1712606280.9966905,11428655.61974894,1288.0,0.0,1291.0,BID
509,1712606281.165882,11428801.62908686,1287.0,-9.73047801094752e-09,1291.0,ASK
510,1712606281.172299,11428901.31133443,1287.0,-6.643108803074068e-09,1291.0,ASK
511,1712606281.8857782,11429717.81935949,1287.0,-5.4414419631422535e-08,1291.0,ASK
512,1712606281.8916483,11429718.13711192,1287.0,-2.1175926685289354e-11,1291.0,ASK
513,1712606281.9458165,11429847.23989071,1287.0,-8.603776772507404e-09,1291.0,ASK
514,1712606281.965676,11429901.62908686,1287.0,-3.6246508936636383e-09,1291.0,ASK
515,1712606311.0355718,11429901.62908686,1287.0,-0.0,1291.0,ASK
516,1712606321.1363533,11429906.28747195,1286.0,-3.1041487238912994e-10,1291.0,ASK
517,1712606340.6165612,11429906.28747195,1286.0,-0.0,1291.0,ASK
518,1712606346.0957549,11429910.94224309,1289.0,3.1017393034218627e-10,1291.0,BID
519,1712606346.255869,11429957.5985417,1286.0,-3.108975088170078e-09,1291.0,ASK
520,1712606354.6062386,11429991.97305682,1289.0,2.290569855753031e-09,1291.0,BID
521,1712606370.6244445,11429991.97305682,1289.0,0.0,1291.0,BID
522,1712606374.7760456,11430069.55257582,1289.0,5.169527507253016e-09,1291.0,BID
523,1712606391.706044,11430074.20734696,1286.0,-3.1017165054936925e-10,1291.0,ASK
524,1712606400.8361323,11430074.20734696,1286.0,-0.0,1291.0,ASK
525,1712606418.6959443,11430142.96376479,1286.0,-4.5859021264289e-09,1291.0,ASK
526,1712606424.8959997,11431738.41487262,1289.0,1.0641308635579133e-07,1291.0,BID
527,1712606426.855986,11432364.62463996,1289.0,4.176681674652311e-08,1291.0,BID
528,1712606426.8696983,11432516.01984262,1289.0,1.0097727655425424e-08,1291.0,BID
529,1712606430.664377,11432516.01984262,1289.0,0.0,1291.0,BID
530,1712606432.5256546,11433516.01984262,1289.0,6.668380658622904e-08,1291.0,BID
531,1712606447.056045,11433520.67461376,1289.0,3.1039785851680955e-10,1291.0,BID
532,1712606461.0067892,11433520.67461376,1289.0,0.0,1291.0,BID
533,1712606464.2862463,11433528.43858891,1288.0,5.17686712067424e-10,1291.0,BID
534,1712606476.986163,11433598.31436532,1288.0,4.6591804132021295e-09,1291.0,BID
535,1712606476.989849,11433608.43858891,1289.0,6.75063472240828e-10,1291.0,BID
536,1712606481.4861383,11433623.95449271,1289.0,1.0345701872017935e-09,1291.0,BID
537,1712606488.8961363,11433628.60926385,1286.0,-3.103710561356985e-10,1291.0,ASK
538,1712606490.987015,11433628.60926385,1286.0,-0.0,1291.0,ASK
539,1712606502.1461096,11433706.2490154,1288.0,5.1768191321194315e-09,1291.0,BID
540,1712606503.266067,11434114.1081773,1286.0,-2.7195000890508693e-08,1291.0,ASK
541,1712606510.0565252,11434118.76656239,1288.0,3.106091476390301e-10,1291.0,BID
542,1712606520.6959505,11434118.76656239,1288.0,0.0,1291.0,BID
543,1712606550.6591678,11434118.76656239,1288.0,0.0,1291.0,BID
544,1712606554.2159677,11434123.42494748,1286.0,-3.10596090123834e-10,1291.0,ASK
545,1712606576.0459762,11434128.08333257,1288.0,3.10596090123834e-10,1291.0,BID
546,1712606580.637749,11434128.08333257,1288.0,0.0,1291.0,BID
547,1712606585.3564253,11434367.05529012,1288.0,1.593335348660821e-08,1291.0,BID
548,1712606587.5510018,11435828.27907561,1288.0,-9.74264735326977e-08,1291.0,ASK
549,1712606610.6344948,11435828.27907561,1288.0,-0.0,1291.0,ASK
550,1712606618.9863002,11435832.9374607,1288.0,-3.105504991217205e-10,1291.0,ASK
551,1712606635.5052822,11435837.59223184,1289.0,3.10309575675695e-10,1291.0,BID
552,1712606641.0109909,11435837.59223184,1289.0,0.0,1291.0,BID
553,1712606659.674848,11435838.90072114,1289.0,8.72301607397226e-11,1291.0,BID
554,1712606659.6820345,11436161.62494007,1289.0,2.151434137452385e-08,1291.0,BID
555,1712606670.9789968,11436161.62494007,1289.0,0.0,1291.0,BID
556,1712606682.084036,11436661.62494007,1289.0,3.333146549723972e-08,1291.0,BID
557,1712606682.71059,11436666.27971121,1288.0,-3.1030068729059847e-10,1291.0,ASK
558,1712606688.1554952,11436705.03940113,1290.0,2.5838345346052547e-09,1291.0,BID
559,1712606694.0537455,11436782.55878097,1290.0,5.167669068962171e-09,1291.0,BID
560,1712606700.6403162,11436782.55878097,1290.0,0.0,1291.0,BID
561,1712606705.3733432,11436787.20994376,1290.0,3.1016680027713667e-10,1291.0,BID
562,1712606730.6374943,11436787.20994376,1290.0,0.0,1291.0,BID
563,1712606747.7925982,11436942.24870344,1290.0,1.0338889206445848e-08,1291.0,BID
564,1712606752.7123108,11436946.89986623,1288.0,-3.1016667617474355e-10,1291.0,ASK
565,1712606761.0151534,11436946.89986623,1288.0,-0.0,1291.0,ASK
566,1712606767.0617115,11436951.55102902,1290.0,3.1016241557855157e-10,1291.0,BID
567,1712606785.6772988,11436968.55102902,1290.0,1.133643629076858e-09,1291.0,BID
568,1712606785.680762,11439789.68364453,1290.0,1.8812700096189173e-07,1291.0,BID
569,1712606785.6831686,11440827.52002126,1290.0,6.92080350885044e-08,1291.0,BID
570,1712606790.9710724,11440827.52002126,1290.0,0.0,1291.0,BID
571,1712606816.0037246,11440900.25002126,1290.0,-4.848375677311518e-09,1291.0,ASK
572,1712606819.380625,11440918.01802126,1290.0,-1.1844622443308775e-09,1291.0,ASK
573,1712606819.4409502,11441621.9938426,1291.0,4.692890484781369e-08,1291.0,BID
574,1712606819.446239,11441692.61135975,1291.0,4.707551939291005e-09,1291.0,BID
575,1712606820.5910962,11441692.61135975,1291.0,0.0,1291.0,BID
576,1712606820.680267,11441697.26252254,1290.0,-3.1003582950414667e-10,1291.0,ASK
577,1712606823.1505785,11441715.59652254,1290.0,-1.2221023337837872e-09,1291.0,ASK
578,1712606850.609898,11441715.59652254,1290.0,-0.0,1291.0,ASK
579,1712606864.9546957,11441720.24408257,1291.0,3.097950656297016e-10,1291.0,BID
580,1712606880.9710748,11441720.24408257,1291.0,0.0,1291.0,BID
581,1712606911.0183463,11441720.24408257,1291.0,0.0,1291.0,BID
582,1712606914.2682724,11441724.8916426,1290.0,-3.0979494172863047e-10,1291.0,ASK
583,1712606931.9981556,11441729.53920263,1291.0,3.0979494172863047e-10,1291.0,BID
584,1712606940.6840906,11441729.53920263,1291.0,0.0,1291.0,BID
585,1712606964.6177936,11441734.17190429,1290.0,-3.0880427230506555e-10,1291.0,ASK
586,1712606964.627475,11441755.81320263,1290.0,-1.442554663973136e-09,1291.0,ASK
587,1712606970.7020798,11441755.81320263,1290.0,-0.0,1291.0,ASK
588,1712606975.8044803,11441760.46076266,1290.0,-3.0979399399558016e-10,1291.0,ASK
589,1712606984.2572083,11441783.71657662,1290.0,-1.550170723201094e-09,1291.0,ASK
590,1712607000.7471976,11441783.71657662,1290.0,-0.0,1291.0,ASK
591,1712607001.5170343,11441788.36413665,1291.0,3.100074432604476e-10,1291.0,BID
592,1712607030.6307678,11441788.36413665,1291.0,0.0,1291.0,BID
593,1712607040.0564988,11441808.15413665,1290.0,-1.320057149808627e-09,1291.0,ASK
594,1712607046.1463363,11441812.80169668,1290.0,-3.1000731918943936e-10,1291.0,ASK
595,1712607052.3865316,11442523.64022158,1290.0,-4.74152338104212e-08,1291.0,ASK
596,1712607060.9967172,11442523.64022158,1290.0,-0.0,1291.0,ASK
597,1712607063.4750247,11442528.28778161,1291.0,3.099877066281955e-10,1291.0,BID
598,1712607090.995576,11442528.28778161,1291.0,0.0,1291.0,BID
599,1712607112.345435,11442532.93534164,1290.0,-3.099875826972213e-10,1291.0,ASK
600,1712607120.6049843,11442532.93534164,1290.0,-0.0,1291.0,ASK
601,1712607126.9353364,11442941.88022085,1290.0,-2.7276201500664787e-08,1291.0,ASK
602,1712607126.9409635,11442972.88797278,1290.0,-2.068185060341313e-09,1291.0,ASK
603,1712607127.0374908,11443024.21716694,1289.0,-3.423604289847893e-09,1291.0,ASK
604,1712607127.0427654,11443489.69428098,1289.0,-3.104684323470412e-08,1291.0,ASK
605,1712607127.4161315,11443644.73304066,1290.0,1.0340925304191298e-08,1291.0,BID
606,1712607128.38493,11443649.38420345,1290.0,3.102277591071035e-10,1291.0,BID
607,1712607129.9848096,11443749.38420345,1290.0,6.669896821610262e-09,1291.0,BID
608,1712607139.169756,11444136.98110267,1290.0,2.585231326165849e-08,1291.0,BID
609,1712607150.6455176,11444136.98110267,1290.0,0.0,1291.0,BID
610,1712607177.2546742,11444141.63226546,1289.0,-3.101849596920745e-10,1291.0,ASK
611,1712607180.9744585,11444141.63226546,1289.0,-0.0,1291.0,ASK
612,1712607186.5840514,11448990.37332592,1289.0,-3.233612790852818e-07,1291.0,ASK
613,1712607199.098659,11448995.02809706,1289.0,3.104254755742357e-10,1291.0,BID
614,1712607210.975218,11448995.02809706,1289.0,0.0,1291.0,BID
615,1712607222.7688386,11450125.17840737,1289.0,7.53379980117556e-08,1291.0,BID
616,1712607225.0954883,11450844.17840737,1287.0,-4.792992584819359e-08,1291.0,ASK
617,1712607225.1030931,11451709.04676329,1286.0,-5.7653791610181496e-08,1291.0,ASK
618,1712607225.1094053,11453169.30357262,1285.0,-9.734353350554681e-08,1291.0,ASK
619,1712607225.112857,11454609.30357262,1286.0,-9.599317555131956e-08,1291.0,ASK
620,1712607225.1163497,11462622.19147725,1288.0,-5.341545522932543e-07,1291.0,ASK
621,1712607225.1198452,11463341.19147725,1286.0,-4.792992584819359e-08,1291.0,ASK
622,1712607225.1234677,11472785.6422206,1285.0,-6.295852904111922e-07,1291.0,ASK
623,1712607237.6269948,11472793.46082888,1286.0,-5.212034980660297e-10,1291.0,ASK
624,1712607240.5862525,11473180.08869979,1286.0,-2.57733590870028e-08,1291.0,ASK
625,1712607240.652582,11473180.08869979,1286.0,-0.0,1291.0,ASK
626,1712607244.2670078,11473184.74347093,1284.0,-3.0965381458744656e-10,1291.0,ASK
627,1712607249.764911,11481663.74347093,1284.0,-5.640566668062323e-07,1291.0,ASK
628,1712607249.771632,11483894.02013068,1284.0,-1.4836683792370114e-07,1291.0,ASK
629,1712607249.963627,11484441.99413068,1284.0,3.6453401101093966e-08,1291.0,BID
630,1712607255.064016,11484447.54218068,1283.0,-3.690782627593386e-10,1291.0,ASK
631,1712607255.0710204,11490476.98694488,1283.0,-4.011025494029105e-07,1291.0,ASK
632,1712607266.1455276,11490481.65984207,1284.0,3.108596312345967e-10,1291.0,BID
633,1712607270.6808064,11490481.65984207,1284.0,0.0,1291.0,BID
634,1712607286.7034175,11498067.75303127,1283.0,-5.039124669529537e-07,1291.0,ASK
635,1712607286.7102711,11502089.27072137,1283.0,-2.671326135299856e-07,1291.0,ASK
636,1712607287.3430877,11508113.5366258,1284.0,4.001668075741129e-07,1291.0,BID
637,1712607300.647964,11508113.5366258,1284.0,0.0,1291.0,BID
638,1712607312.4127872,11508118.20952299,1283.0,-3.102727264722675e-10,1291.0,ASK
639,1712607327.0930555,11508167.41923981,1283.0,-3.267444667855313e-09,1291.0,ASK
640,1712607327.098292,11508561.865719,1283.0,-2.619060072868716e-08,1291.0,ASK
641,1712607327.4925067,11508566.54225836,1283.0,3.1051456058403717e-10,1291.0,BID
642,1712607330.6147084,11508566.54225836,1283.0,0.0,1291.0,BID
643,1712607340.272564,11511709.62480513,1282.0,-2.0868748413887402e-07,1291.0,ASK
644,1712607343.772955,11512428.62480513,1281.0,-4.7738581110451174e-08,1291.0,ASK
645,1712607343.7797716,11513284.20907159,1282.0,-5.6807202922400594e-08,1291.0,ASK
646,1712607343.7865536,11514523.20907159,1281.0,-8.226439776891377e-08,1291.0,ASK
647,1712607343.9490726,11515103.82007159,1281.0,3.855013256898405e-08,1291.0,BID
648,1712607349.4126265,11515359.82331996,1280.0,-1.6997540802373767e-08,1291.0,ASK
649,1712607349.4198215,11515653.34753768,1280.0,-1.9488775626523425e-08,1291.0,ASK
650,1712607354.2821865,11516598.25495911,1280.0,-6.273788536833194e-08,1291.0,ASK
651,1712607354.292004,11518283.41817565,1280.0,-1.1188776202666445e-07,1291.0,ASK
652,1712607356.4723537,11518438.69767875,1280.0,-1.0309907028528205e-08,1291.0,ASK
653,1712607360.9924972,11518438.69767875,1280.0,-0.0,1291.0,ASK
654,1712607368.1435535,11518685.64075422,1280.0,-1.638222719494777e-08,1291.0,ASK
655,1712607368.1508389,11519445.00241371,1279.0,-5.037612496445486e-08,1291.0,ASK
656,1712607368.1578317,11519630.00241371,1280.0,-1.227291765647706e-08,1291.0,ASK
657,1712607368.2221844,11521609.86161371,1279.0,1.3134404828651377e-07,1291.0,BID
658,1712607368.3226736,11522843.88594527,1279.0,8.18652919315104e-08,1291.0,BID
659,1712607368.3287258,11524412.40627161,1279.0,1.040557881496668e-07,1291.0,BID
660,1712607368.402009,11525729.99512827,1279.0,8.74089705020424e-08,1291.0,BID
661,1712607368.4217987,11525729.99512828,1279.0,6.178402848580537e-19,1291.0,BID
662,1712607368.5623171,11527127.99512827,1280.0,9.274345342508449e-08,1291.0,BID
663,1712607368.5692227,11527127.99512828,1280.0,6.178402848580537e-19,1291.0,BID
664,1712607368.642387,11527223.29350673,1283.0,6.322103521742742e-09,1291.0,BID
665,1712607369.2432516,11527282.50550672,1283.0,3.928129730557597e-09,1291.0,BID
666,1712607374.5022688,11527287.18204608,1280.0,-3.1024206744767396e-10,1291.0,ASK
667,1712607375.8121097,11527292.08858813,1284.0,3.255004678609004e-10,1291.0,BID
668,1712607391.0006845,11527292.08858813,1284.0,0.0,1291.0,BID
669,1712607398.2317822,11527296.76148532,1284.0,3.0976769678433035e-10,1291.0,BID
670,1712607420.621696,11527296.76148532,1284.0,0.0,1291.0,BID
671,1712607440.2415912,11527301.43438251,1280.0,-3.0976757357684207e-10,1291.0,ASK
672,1712607450.62937,11527301.43438251,1280.0,-0.0,1291.0,ASK
673,1712607461.321555,11527306.11092187,1283.0,3.1000889116433164e-10,1291.0,BID
674,1712607461.361155,11527323.57000215,1283.0,1.157366526750091e-09,1291.0,BID
675,1712607480.9945424,11527323.57000215,1283.0,0.0,1291.0,BID
676,1712607488.2427504,11527918.27693901,1283.0,3.942318811445215e-08,1291.0,BID
677,1712607506.750922,11527922.95347837,1281.0,-3.1000830740599155e-10,1291.0,ASK
678,1712607510.9746575,11527922.95347837,1281.0,-0.0,1291.0,ASK
679,1712607522.350771,11527927.63001773,1283.0,3.0999250489606235e-10,1291.0,BID
680,1712607524.2604144,11527947.63001773,1281.0,-1.325734612962317e-09,1291.0,ASK
681,1712607531.950454,11528096.54428117,1283.0,9.871039670329475e-09,1291.0,BID
682,1712607540.6195457,11528096.54428117,1283.0,0.0,1291.0,BID
683,1712607570.0104918,11528101.22082053,1281.0,-3.0998792930983293e-10,1291.0,ASK
684,1712607570.6712425,11528101.22082053,1281.0,-0.0,1291.0,ASK
685,1712607586.0901778,11528105.89735989,1283.0,3.0998780633883517e-10,1291.0,BID
686,1712607600.6677408,11528105.89735989,1283.0,0.0,1291.0,BID
687,1712607630.5801113,11528105.89735989,1283.0,0.0,1291.0,BID
688,1712607634.6497169,11528110.57389925,1282.0,-3.1045835664393275e-10,1291.0,ASK
689,1712607652.5040994,11528115.25043861,1283.0,3.1045835664393275e-10,1291.0,BID
690,1712607660.6518545,11528115.25043861,1283.0,0.0,1291.0,BID
691,1712607690.6576304,11528115.25043861,1283.0,0.0,1291.0,BID
692,1712607701.61947,11528119.92697797,1282.0,-3.1045810941816616e-10,1291.0,ASK
693,1712607716.8191254,11528124.60351733,1283.0,3.1045810941816616e-10,1291.0,BID
694,1712607720.9893167,11528124.60351733,1283.0,0.0,1291.0,BID
695,1712607723.4595478,11528133.95659606,1282.0,-6.209157251275108e-10,1291.0,ASK
696,1712607723.4669795,11528904.63471858,1282.0,-5.1162422457658804e-08,1291.0,ASK
697,1712607750.9690452,11528904.63471858,1282.0,-0.0,1291.0,ASK
698,1712607767.4988725,11528909.31125794,1282.0,-3.1043725343092155e-10,1291.0,ASK
699,1712607772.0190842,11528918.68257588,1282.0,-6.220852597527561e-10,1291.0,ASK
700,1712607772.0273464,11528926.48288789,1282.0,-5.17799006970347e-10,1291.0,ASK
701,1712607780.624977,11528926.48288789,1282.0,-0.0,1291.0,ASK
702,1712607790.189078,11528931.16307509,1282.0,3.1067882606342623e-10,1291.0,BID
703,1712607800.3294065,11529241.90078,1281.0,-2.062729999140912e-08,1291.0,ASK
704,1712607800.3362708,11529731.16307509,1280.0,-3.24780674370104e-08,1291.0,ASK
705,1712607801.9486046,11530531.16307509,1280.0,-5.310536742841952e-08,1291.0,ASK
706,1712607810.6532226,11530531.16307509,1280.0,-0.0,1291.0,ASK
707,1712607823.5184898,11530549.18179583,1282.0,1.1959503917395992e-09,1291.0,BID
708,1712607830.6992767,11530553.86198303,1280.0,-3.106364649855169e-10,1291.0,ASK
709,1712607840.9642978,11530553.86198303,1280.0,-0.0,1291.0,ASK
710,1712607852.238549,11530616.26447912,1282.0,4.141811542669658e-09,1291.0,BID
711,1712607853.4583695,11530620.94466632,1282.0,3.1063586532624816e-10,1291.0,BID
712,1712607870.958032,11530620.94466632,1282.0,0.0,1291.0,BID
713,1712607895.8283994,11530625.62485352,1281.0,-3.1063409209154925e-10,1291.0,ASK
714,1712607900.6511612,11530625.62485352,1281.0,-0.0,1291.0,ASK
715,1712607910.6384814,11530630.30504072,1282.0,3.1064013923967955e-10,1291.0,BID
716,1712607930.6736903,11530630.30504072,1282.0,0.0,1291.0,BID
717,1712607956.847582,11530634.98522792,1281.0,-3.1064001540656505e-10,1291.0,ASK
718,1712607960.9579294,11530634.98522792,1281.0,-0.0,1291.0,ASK
719,1712607980.2483366,11530639.66541512,1282.0,3.106398917936765e-10,1291.0,BID
720,1712607990.9776764,11530639.66541512,1282.0,0.0,1291.0,BID
721,1712607999.3054786,11530736.06294149,1282.0,6.398228096581709e-09,1291.0,BID
722,1712607999.3115592,11531419.69661636,1282.0,4.537506667468821e-08,1291.0,BID
723,1712608020.6281986,11531419.69661636,1282.0,0.0,1291.0,BID
724,1712608024.397451,11531424.37680356,1281.0,-3.106191512464303e-10,1291.0,ASK
725,1712608045.207586,11531488.33936208,1281.0,-4.245128408938993e-09,1291.0,ASK
726,1712608045.217265,11532161.01173287,1281.0,-4.46445648402662e-08,1291.0,ASK
727,1712608047.097428,11532165.69557361,1281.0,3.1086163284854753e-10,1291.0,BID
728,1712608050.6377337,11532165.69557361,1281.0,0.0,1291.0,BID
729,1712608057.8207226,11532946.94557361,1280.0,-5.1847460672450055e-08,1291.0,ASK
730,1712608057.8285508,11532951.81447361,1280.0,-3.2312332969277717e-10,1291.0,ASK
731,1712608057.8326764,11533515.86275486,1280.0,-3.743292298175931e-08,1291.0,ASK
732,1712608066.2926505,11534214.8302201,1279.0,-4.6386800851561966e-08,1291.0,ASK
733,1712608080.081725,11534833.45161152,1279.0,-4.105465377644309e-08,1291.0,ASK
734,1712608080.0870838,11535310.20471069,1279.0,-3.163960007636939e-08,1291.0,ASK
735,1712608080.9955573,11535310.20471069,1279.0,-0.0,1291.0,ASK
736,1712608089.0702484,11535314.88855143,1279.0,-3.1075894643669364e-10,1291.0,ASK
737,1712608096.447652,11535581.20662146,1279.0,-1.766941436424358e-08,1291.0,ASK
738,1712608096.4558196,11535878.34031966,1279.0,-1.9713939930809e-08,1291.0,ASK
739,1712608097.0072708,11536176.05915478,1279.0,1.9752762030769483e-08,1291.0,BID
740,1712608097.0269785,11536176.05915479,1279.0,6.1790491632097095e-19,1291.0,BID
741,1712608097.6071265,11536185.42683628,1281.0,6.21517893491292e-10,1291.0,BID
742,1712608110.989472,11536185.42683628,1281.0,0.0,1291.0,BID
743,1712608112.4669268,11536190.10702348,1282.0,3.104934842356645e-10,1291.0,BID
744,1712608140.6802833,11536190.10702348,1282.0,0.0,1291.0,BID
745,1712608155.6971714,11536194.78721068,1279.0,-3.1049336076653205e-10,1291.0,ASK
746,1712608170.6365783,11536194.78721068,1279.0,-0.0,1291.0,ASK
747,1712608175.0166924,11536210.3878347,1282.0,1.0349774592402463e-09,1291.0,BID
748,1712608177.82656,11536215.0680219,1282.0,3.10493237339573e-10,1291.0,BID
749,1712608201.0471475,11536215.0680219,1282.0,0.0,1291.0,BID
750,1712608219.1664865,11536219.7482091,1279.0,-3.1051974438337137e-10,1291.0,ASK
751,1712608230.5080774,11536531.76068959,1282.0,2.070131631974241e-08,1291.0,BID
752,1712608230.9890702,11536531.76068959,1282.0,0.0,1291.0,BID
753,1712608236.0667624,11536536.44087679,1282.0,3.1051138025002164e-10,1291.0,BID
754,1712608260.662681,11536536.44087679,1282.0,0.0,1291.0,BID
755,1712608285.80628,11536541.12106399,1279.0,-3.10511256766649e-10,1291.0,ASK
756,1712608290.674615,11536541.12106399,1279.0,-0.0,1291.0,ASK
757,1712608301.0060709,11536545.80125119,1282.0,3.105111333254685e-10,1291.0,BID
758,1712608320.9659505,11536545.80125119,1282.0,0.0,1291.0,BID
759,1712608327.106391,11536573.96660861,1279.0,-1.868654649757423e-09,1291.0,ASK
760,1712608350.4888866,11536578.64679581,1279.0,-3.1051100971871325e-10,1291.0,ASK
761,1712608350.9856284,11536578.64679581,1279.0,-0.0,1291.0,ASK
762,1712608367.2660956,11536583.32698301,1282.0,3.1051014440304947e-10,1291.0,BID
763,1712608380.6223702,11536583.32698301,1282.0,0.0,1291.0,BID
764,1712608410.6385229,11536583.32698301,1282.0,0.0,1291.0,BID
765,1712608421.1159918,11536588.00717021,1280.0,-3.1051002067350336e-10,1291.0,ASK
766,1712608434.475526,11536592.68735741,1282.0,3.1051002079708187e-10,1291.0,BID
767,1712608440.660103,11536592.68735741,1282.0,0.0,1291.0,BID
768,1712608458.765491,11536599.68735741,1280.0,-4.6441911894556924e-10,1291.0,ASK
769,1712608459.1254132,11536866.09375366,1282.0,1.767488911822406e-08,1291.0,BID
770,1712608470.6520522,11536866.09375366,1282.0,0.0,1291.0,BID
771,1712608487.1358912,11536870.77394086,1281.0,-3.1050255333255006e-10,1291.0,ASK
772,1712608500.6955357,11536870.77394086,1281.0,-0.0,1291.0,ASK
773,1712608503.1155653,11536871.27579053,1282.0,3.330157475458985e-11,1291.0,BID
774,1712608503.122316,11536875.45412806,1282.0,2.772647427549391e-10,1291.0,BID
775,1712608530.6554923,11536875.45412806,1282.0,0.0,1291.0,BID
776,1712608554.745021,11536880.13431526,1281.0,-3.105661937352345e-10,1291.0,ASK
777,1712608560.974909,11536880.13431526,1281.0,-0.0,1291.0,ASK
778,1712608576.5657375,11536884.81450246,1282.0,3.1056607030469127e-10,1291.0,BID
779,1712608590.9649556,11536884.81450246,1282.0,0.0,1291.0,BID
780,1712608620.6116986,11536884.81450246,1282.0,0.0,1291.0,BID
781,1712608621.046307,11536889.49468966,1281.0,-3.1056594653059373e-10,1291.0,ASK
782,1712608650.619501,11536889.49468966,1281.0,-0.0,1291.0,ASK
783,1712608677.1652317,11536894.17487686,1282.0,3.105658229766465e-10,1291.0,BID
784,1712608681.0077002,11536894.17487686,1282.0,0.0,1291.0,BID
785,1712608710.985176,11536894.17487686,1282.0,0.0,1291.0,BID
786,1712608727.8957508,11536898.85506406,1281.0,-3.1056569944994714e-10,1291.0,ASK
787,1712608738.6156874,11537688.78440094,1282.0,5.2417765888699545e-08,1291.0,BID
788,1712608738.6212294,11537723.19515766,1282.0,2.2834130922895243e-09,1291.0,BID
789,1712608740.613269,11537723.19515766,1282.0,0.0,1291.0,BID
790,1712608740.6653132,11537798.11258036,1282.0,4.970985136717246e-09,1291.0,BID
791,1712608748.1258905,11537802.78911971,1283.0,3.1030175297463355e-10,1291.0,BID
792,1712608748.1357489,11537802.78911972,1282.0,7.415509785060193e-19,1291.0,BID
793,1712608770.6314375,11537802.78911972,1282.0,0.0,1291.0,BID
794,1712608778.9753697,11537810.78911972,1282.0,5.30819272698478e-10,1291.0,BID
795,1712608789.146059,11537815.46565908,1281.0,-3.102996527020305e-10,1291.0,ASK
796,1712608800.7398252,11537815.46565908,1281.0,-0.0,1291.0,ASK
797,1712608810.9162548,11537820.14584628,1282.0,3.1054479437204987e-10,1291.0,BID
798,1712608820.1265657,11538524.69759568,1282.0,4.674917237851287e-08,1291.0,BID
799,1712608820.1460316,11538909.83550508,1282.0,2.5555083116780025e-08,1291.0,BID
800,1712608830.6307192,11538909.83550508,1282.0,0.0,1291.0,BID
801,1712608851.6365452,11538914.51569228,1281.0,-3.1051588789658524e-10,1291.0,ASK
802,1712608857.4967835,11539271.11522389,1281.0,-2.3659271610882743e-08,1291.0,ASK
803,1712608857.506432,11539539.21986824,1281.0,-1.778791063522072e-08,1291.0,ASK
804,1712608857.5116832,11539951.4169537,1281.0,-2.7347996667480938e-08,1291.0,ASK
805,1712608860.9592905,11539951.4169537,1281.0,-0.0,1291.0,ASK
806,1712608875.1269543,11539956.09349306,1283.0,3.102464005645263e-10,1291.0,BID
807,1712608890.9568007,11539956.09349306,1283.0,0.0,1291.0,BID
808,1712608899.4048154,11539979.47618987,1283.0,1.551231386225967e-09,1291.0,BID
809,1712608899.4103868,11540718.19343121,1283.0,4.900723725620295e-08,1291.0,BID
810,1712608920.646911,11540718.19343121,1283.0,0.0,1291.0,BID
811,1712608920.6968222,11540722.86997057,1283.0,-3.1022615378265484e-10,1291.0,ASK
812,1712608950.637296,11540722.86997057,1283.0,-0.0,1291.0,ASK
1013,1712608957.4573925,11541441.86997057,1284.0,4.769606297267013e-08,1291.0,BID
813,1712608957.4573925,11541441.86997057,1284.0,4.7696062972670134e-08,1291.0,BID
814,1712608957.46293,11541836.31644976,1284.0,2.6166264410015284e-08,1291.0,BID
815,1712608958.639294,11542079.39201067,1284.0,-1.6124822337010282e-08,1291.0,ASK
816,1712608972.45805,11542084.06127137,1285.0,3.0974318824717647e-10,1291.0,BID
817,1712608980.989126,11542084.06127137,1285.0,0.0,1291.0,BID
818,1712609010.4504445,11542848.91875169,1285.0,5.073221336595724e-08,1291.0,BID
819,1712609010.454345,11543203.17194506,1285.0,2.3497251519368283e-08,1291.0,BID
820,1712609010.9945714,11543203.17194506,1285.0,0.0,1291.0,BID
821,1712609015.307721,11543832.73804148,1286.0,4.175449167956101e-08,1291.0,BID
822,1712609017.1774426,11543910.49853914,1286.0,5.157282247350036e-09,1291.0,BID
823,1712609024.807773,11543915.16779984,1285.0,-3.096777417454905e-10,1291.0,ASK
824,1712609037.3791437,11543926.84120576,1286.0,7.74211211779413e-10,1291.0,BID
825,1712609040.6719184,11543926.84120576,1286.0,0.0,1291.0,BID
826,1712609041.674134,11543986.84220576,1286.0,-3.979179701514779e-09,1291.0,ASK
827,1712609042.8854024,11544445.40223722,1286.0,-3.041103930210581e-08,1291.0,ASK
828,1712609045.2677803,11544450.06424188,1287.0,3.0917741896314316e-10,1291.0,BID
829,1712609051.6678717,11544469.62304188,1286.0,-1.2971113805362223e-09,1291.0,ASK
830,1712609051.8075025,11544547.32311958,1287.0,5.152956984119036e-09,1291.0,BID
831,1712609056.0879688,11545174.32311958,1287.0,4.158173485309249e-08,1291.0,BID
832,1712609056.4493153,11545191.61111958,1287.0,-1.1465152026945047e-09,1291.0,ASK
833,1712609070.6300118,11545191.61111958,1287.0,-0.0,1291.0,ASK
834,1712609070.960966,11545293.24611958,1287.0,-6.739559179057304e-09,1291.0,ASK
835,1712609072.1076467,11545448.76019266,1287.0,-1.0312355967039572e-08,1291.0,ASK
836,1712609074.4356785,11545806.40571301,1287.0,-2.3715975299145283e-08,1291.0,ASK
837,1712609074.4392197,11546200.18525487,1287.0,-2.6112072867313013e-08,1291.0,ASK
838,1712609087.7478714,11546204.84725953,1287.0,-3.091440577032791e-10,1291.0,ASK
839,1712609098.8146036,11546642.6008317,1288.0,2.90280523981685e-08,1291.0,BID
840,1712609098.8205893,11547837.03331089,1288.0,7.920449037147518e-08,1291.0,BID
841,1712609100.0117316,11548021.60118938,1288.0,-1.2238954490493076e-08,1291.0,ASK
842,1712609100.658414,11548021.60118938,1288.0,-0.0,1291.0,ASK
843,1712609109.4953692,11548026.25596052,1289.0,3.0864454777239804e-10,1291.0,BID
844,1712609109.6678612,11548178.10623838,1288.0,-1.006875718076306e-08,1291.0,ASK
845,1712609113.6679688,11548331.11462472,1288.0,-1.0145548038450133e-08,1291.0,ASK
846,1712609124.8285244,11548505.77902472,1289.0,1.1581496303547181e-08,1291.0,BID
1046,1712609124.8285244,11548505.77902472,1289.0,1.158149630354718e-08,1291.0,BID
847,1712609124.8335965,11548624.80952472,1289.0,7.892571673233664e-09,1291.0,BID
848,1712609128.458396,11548948.42905965,1289.0,-2.1458284845379185e-08,1291.0,ASK
849,1712609128.538007,11550804.30336694,1289.0,-1.230577119877243e-07,1291.0,ASK
850,1712609128.5598571,11550804.30336695,1289.0,-6.175333356603564e-19,1291.0,ASK
851,1712609130.6632771,11550804.30336695,1289.0,-0.0,1291.0,ASK
852,1712609137.0580072,11550980.47216695,1288.0,-1.1678471420724493e-08,1291.0,ASK
853,1712609139.8683884,11551763.07961458,1289.0,5.188012128586581e-08,1291.0,BID
854,1712609143.4778326,11551951.37164269,1288.0,-1.2482136842830072e-08,1291.0,ASK
855,1712609152.7685468,11551956.02641383,1288.0,-3.0857116428484877e-10,1291.0,ASK
856,1712609160.6713457,11551956.02641383,1288.0,-0.0,1291.0,ASK
857,1712609169.247936,11551960.68118497,1289.0,3.0854080702289725e-10,1291.0,BID
858,1712609184.1510468,11552987.49778619,1289.0,6.806238444101462e-08,1291.0,BID
859,1712609184.1591368,11553144.66801616,1289.0,1.0418005125895476e-08,1291.0,BID
860,1712609184.2277358,11553309.9731167,1289.0,-1.09572238018163e-08,1291.0,ASK
861,1712609190.626016,11553309.9731167,1289.0,-0.0,1291.0,ASK
862,1712609192.538349,11553509.9731167,1289.0,1.3255436584128072e-08,1291.0,BID
863,1712609195.1695943,11553559.9731167,1287.0,-3.313859146032018e-09,1291.0,ASK
864,1712609195.1784365,11554999.9731167,1285.0,-9.543914340572213e-08,1291.0,ASK
865,1712609195.1846106,11558526.0640498,1287.0,-2.336993737679631e-07,1291.0,ASK
866,1712609195.188538,11562797.69377575,1288.0,-2.831115847160223e-07,1291.0,ASK
867,1712609195.1924777,11562875.45427341,1287.0,-5.153746727375051e-09,1291.0,ASK
868,1712609195.1964688,11564009.95570522,1284.0,-7.519155891978241e-08,1291.0,ASK
869,1712609220.9983582,11564009.95570522,1284.0,-0.0,1291.0,ASK
870,1712609223.7802112,11564014.61047636,1285.0,-3.082238368704471e-10,1291.0,ASK
871,1712609237.6283362,11564019.26886145,1288.0,3.084631409549709e-10,1291.0,BID
872,1712609250.9934163,11564019.26886145,1288.0,0.0,1291.0,BID
873,1712609280.6596048,11564019.26886145,1288.0,0.0,1291.0,BID
874,1712609285.430124,11564023.92724654,1287.0,-3.0846289623033176e-10,1291.0,ASK
875,1712609293.848403,11568501.400763,1287.0,-2.964835284848316e-07,1291.0,ASK
876,1712609302.7407763,11568506.05914809,1288.0,3.0846289623033176e-10,1291.0,BID
877,1712609310.6428685,11568506.05914809,1288.0,0.0,1291.0,BID
878,1712609326.3986166,11568514.00005341,1288.0,5.256195788413797e-10,1291.0,BID
879,1712609340.9785316,11568514.00005341,1288.0,0.0,1291.0,BID
880,1712609355.8084602,11568518.6584385,1287.0,-3.0834478603967045e-10,1291.0,ASK
881,1712609363.9386616,11571557.63759407,1287.0,-2.011541251512847e-07,1291.0,ASK
882,1712609363.958797,11573312.5247116,1287.0,-1.1615834291552489e-07,1291.0,ASK
883,1712609363.9655864,11573443.69785373,1287.0,-8.68252702558088e-09,1291.0,ASK
884,1712609364.038408,11573604.32280181,1287.0,-1.0631981746043394e-08,1291.0,ASK
885,1712609364.138408,11574101.88908543,1287.0,-3.2934582753910114e-08,1291.0,ASK
886,1712609370.9885285,11574101.88908543,1287.0,-0.0,1291.0,ASK
887,1712609371.388507,11574106.54747052,1288.0,3.0819807667679564e-10,1291.0,BID
888,1712609400.6480303,11574106.54747052,1288.0,0.0,1291.0,BID
889,1712609419.9143376,11574106.54747053,1287.0,-7.394766060607668e-19,1291.0,ASK
1089,1712609419.9143376,11574106.54747053,1287.0,-7.3947660606076685e-19,1291.0,ASK
890,1712609419.9180396,11574111.20585561,1287.0,-3.0823251453514085e-10,1291.0,ASK
891,1712609426.3091524,11574115.78660095,1288.0,3.030953067113565e-10,1291.0,BID
892,1712609430.634773,11574115.78660095,1288.0,0.0,1291.0,BID
893,1712609436.477268,11574120.37090554,1287.0,-3.033305738866512e-10,1291.0,ASK
894,1712609441.7287612,11574125.02929063,1288.0,3.082322725472973e-10,1291.0,BID
895,1712609460.9686909,11574125.02929063,1288.0,0.0,1291.0,BID
896,1712609485.5085206,11574129.68767572,1287.0,-3.082320299718437e-10,1291.0,ASK
897,1712609490.9888897,11574129.68767572,1287.0,-0.0,1291.0,ASK
898,1712609502.6720798,11578268.59288163,1287.0,-2.73859421796544e-07,1291.0,ASK
899,1712609502.7283683,11579190.64984881,1287.0,-6.100985051190191e-08,1291.0,ASK
900,1712609503.1340249,11579195.3082339,1288.0,3.0823190769790327e-10,1291.0,BID
901,1712609520.6285627,11579195.3082339,1288.0,0.0,1291.0,BID
902,1712609550.6482408,11579195.3082339,1288.0,0.0,1291.0,BID
903,1712609552.1192503,11579199.96661898,1286.0,-3.0809900113504007e-10,1291.0,ASK
904,1712609552.129012,11579199.96661899,1287.0,-7.3915629580368935e-19,1291.0,ASK
905,1712609570.2286704,11579613.85706188,1287.0,2.7374128557697347e-08,1291.0,BID
906,1712609573.359741,11579829.76671696,1287.0,1.4279959241824774e-08,1291.0,BID
907,1712609573.3672464,11580027.74750477,1287.0,1.3094169315995766e-08,1291.0,BID
908,1712609573.9284954,11580032.40950943,1287.0,3.0833839501076537e-10,1291.0,BID
909,1712609580.970149,11580032.40950943,1287.0,0.0,1291.0,BID
910,1712609585.9319248,11580570.83804186,1287.0,3.5608364434558766e-08,1291.0,BID
911,1712609610.798782,11580785.6385328,1287.0,1.4205588488375412e-08,1291.0,BID
912,1712609610.8059876,11581603.60932447,1287.0,5.4095576835598354e-08,1291.0,BID
913,1712609610.9604144,11581603.60932447,1287.0,0.0,1291.0,BID
914,1712609621.8089044,11581608.27132913,1287.0,-3.0827520009066635e-10,1291.0,ASK
915,1712609640.6085446,11581608.27132913,1287.0,-0.0,1291.0,ASK
916,1712609642.3386903,11581620.36999704,1287.0,-8.000244667188154e-10,1291.0,ASK
917,1712609643.3689935,11581625.02838213,1288.0,3.0803573380523715e-10,1291.0,BID
918,1712609670.6706867,11581625.02838213,1288.0,0.0,1291.0,BID
919,1712609688.778785,11581629.68676722,1287.0,-3.0803529442938763e-10,1291.0,ASK
920,1712609698.5892634,11581766.38764684,1287.0,-9.03933334928144e-09,1291.0,ASK
921,1712609698.5998375,11585571.9006616,1287.0,-2.516392052558013e-07,1291.0,ASK
922,1712609698.6053488,11586290.9006616,1287.0,-4.754381022405672e-08,1291.0,ASK
923,1712609700.9709532,11586290.9006616,1287.0,-0.0,1291.0,ASK
924,1712609730.9985476,11586290.9006616,1287.0,-0.0,1291.0,ASK
925,1712609732.8787265,11586295.56266626,1287.0,3.0819606935876235e-10,1291.0,BID
926,1712609760.6253345,11586295.56266626,1287.0,0.0,1291.0,BID
927,1712609784.468907,11586300.22467092,1286.0,-3.08195947236487e-10,1291.0,ASK
928,1712609784.8089535,11586449.56835583,1286.0,-9.872816906737505e-09,1291.0,ASK
929,1712609784.816779,11591133.23166142,1286.0,-3.0962775759016885e-07,1291.0,ASK
930,1712609790.641604,11591133.23166142,1286.0,-0.0,1291.0,ASK
931,1712609799.3290064,11591444.79199694,1286.0,-2.0588172843276883e-08,1291.0,ASK
932,1712609805.4487114,11591910.83663809,1286.0,3.0796627589662295e-08,1291.0,BID
933,1712609805.4550047,11591910.8366381,1286.0,7.3851108577481605e-19,1291.0,BID
934,1712609807.4717748,11591915.49864276,1287.0,3.080692462179091e-10,1291.0,BID
935,1712609808.8816245,11592381.5432839,1286.0,-3.079662758904686e-08,1291.0,ASK
936,1712609820.163411,11592413.45533677,1286.0,2.1087756860100603e-09,1291.0,BID
937,1712609820.9889374,11592413.45533677,1286.0,0.0,1291.0,BID
938,1712609850.624384,11592494.68988017,1285.0,-5.367464003731871e-09,1291.0,ASK
939,1712609850.9786563,11592494.68988017,1285.0,-0.0,1291.0,ASK
940,1712609853.2086787,11592499.35188483,1285.0,-3.0803360943102327e-10,1291.0,ASK
941,1712609861.3588564,11592779.0001675,1286.0,1.8477259494375852e-08,1291.0,BID
1141,1712609861.3588564,11592779.0001675,1286.0,1.847725949437585e-08,1291.0,BID
942,1712609861.3677924,11592926.5741902,1286.0,9.750689280162013e-09,1291.0,BID
943,1712609861.3784626,11593300.22115562,1286.0,2.4688054128009323e-08,1291.0,BID
944,1712609861.458563,11593417.00099121,1286.0,7.716018512001491e-09,1291.0,BID
945,1712609861.5241086,11594779.00016749,1286.0,8.999165655884228e-08,1291.0,BID
946,1712609861.538417,11594779.0001675,1286.0,6.153547134233193e-19,1291.0,BID
947,1712609867.441458,11594783.66217216,1287.0,3.080336093079524e-10,1291.0,BID
948,1712609878.3162448,11594948.44138401,1286.0,-1.0887491342992184e-08,1291.0,ASK
949,1712609880.6887436,11594948.44138401,1286.0,-0.0,1291.0,ASK
950,1712609904.8586605,11595959.32785368,1286.0,-6.677859018420404e-08,1291.0,ASK
951,1712609910.6394353,11595959.32785368,1286.0,-0.0,1291.0,ASK
952,1712609911.257777,11596678.32785368,1286.0,-4.749265604250633e-08,1291.0,ASK
1152,1712609911.257777,11596678.32785368,1286.0,-4.7492656042506333e-08,1291.0,ASK
953,1712609911.2624304,11598309.40817833,1286.0,-1.0773899420903065e-07,1291.0,ASK
954,1712609916.7387202,11598314.07018299,1286.0,-3.079429538590378e-10,1291.0,ASK
955,1712609919.8986044,11598391.77026069,1287.0,5.132382565588656e-09,1291.0,BID
956,1712609940.713786,11598391.77026069,1287.0,0.0,1291.0,BID
957,1712609941.2384408,11598396.43226535,1287.0,3.0787933696924155e-10,1291.0,BID
958,1712609955.548542,11599034.24081435,1287.0,4.212095170773383e-08,1291.0,BID
959,1712609955.5590086,11604811.81742436,1287.0,3.815518399048422e-07,1291.0,BID
960,1712609969.63367,11606110.5982246,1287.0,8.577163704002036e-08,1291.0,BID
961,1712609969.6374693,11618015.15126637,1287.0,7.861780851961505e-07,1291.0,BID
962,1712609969.716238,11618620.84330457,1287.0,3.999997355133693e-08,1291.0,BID
963,1712609969.720003,11623146.60416425,1287.0,2.988817802931709e-07,1291.0,BID
964,1712609970.654041,11623146.60416425,1287.0,0.0,1291.0,BID
965,1712609972.6190665,11623306.38217053,1287.0,-1.0529604035116805e-08,1291.0,ASK
966,1712609985.5686932,11623311.04417519,1288.0,-3.07232917916591e-10,1291.0,ASK
967,1712610000.79257,11623311.04417519,1288.0,-0.0,1291.0,ASK
968,1712610003.0559373,11623315.69894633,1289.0,3.0677673839134377e-10,1291.0,BID
969,1712610014.85212,11623436.63794633,1289.0,7.970589927936582e-09,1291.0,BID
970,1712610030.7387123,11623436.63794633,1289.0,0.0,1291.0,BID
971,1712610055.6987567,11623441.29271747,1288.0,-3.0677346526399267e-10,1291.0,ASK
972,1712610060.9915752,11623441.29271747,1288.0,-0.0,1291.0,ASK
973,1712610061.4798791,11624217.08790754,1289.0,5.1128890681370494e-08,1291.0,BID
974,1712610070.4688303,11624221.74267868,1289.0,3.067733440504134e-10,1291.0,BID
975,1712610089.5331492,11624361.70534445,1289.0,9.224259094715213e-09,1291.0,BID
976,1712610089.5374708,11624798.41155126,1289.0,2.878118373721933e-08,1291.0,BID
977,1712610089.541202,11625375.72056851,1289.0,3.8047631656112855e-08,1291.0,BID
978,1712610090.9623115,11625375.72056851,1289.0,0.0,1291.0,BID
979,1712610092.7786226,11625917.88038231,1289.0,3.5725247642235515e-08,1291.0,BID
980,1712610098.1984682,11627235.83538618,1289.0,8.68457375408375e-08,1291.0,BID
981,1712610117.359723,11627240.49015732,1288.0,-3.067229393545452e-10,1291.0,ASK
982,1712610120.6445582,11627240.49015732,1288.0,-0.0,1291.0,ASK
983,1712610126.568607,11628737.72910223,1289.0,9.86439052797643e-08,1291.0,BID
984,1712610134.8612006,11628742.38387337,1289.0,3.066743654903613e-10,1291.0,BID
985,1712610146.138748,11629001.08701587,1288.0,-1.7044365811516562e-08,1291.0,ASK
986,1712610146.1481452,11629604.162609,1288.0,-3.973295771362415e-08,1291.0,ASK
987,1712610150.646661,11629604.162609,1288.0,-0.0,1291.0,ASK
988,1712610153.9043152,11630400.56528248,1288.0,-5.2459567738519694e-08,1291.0,ASK
989,1712610156.8587892,11632543.29302085,1288.0,-1.4114288497408496e-07,1291.0,ASK
990,1712610156.97845,11632608.28690094,1289.0,4.281189615090941e-09,1291.0,BID
991,1712610169.9083922,11632685.92665249,1289.0,5.114181482875333e-09,1291.0,BID
992,1712610180.975449,11632685.92665249,1289.0,0.0,1291.0,BID
993,1712610183.566315,11632690.58142363,1288.0,-3.0653268621971787e-10,1291.0,ASK
994,1712610192.5083745,11633374.36148569,1289.0,4.502926844518323e-08,1291.0,BID
995,1712610199.2385232,11633379.01625683,1289.0,3.0653268621971787e-10,1291.0,BID
996,1712610203.0359726,11633577.7911481,1289.0,1.3090010130154454e-08,1291.0,BID
997,1712610203.0438063,11633603.19319187,1289.0,1.672811933839349e-09,1291.0,BID
998,1712610203.049116,11634930.60663696,1290.0,8.741474002122544e-08,1291.0,BID
999,1712610210.953395,11634930.60663696,1290.0,0.0,1291.0,BID
1000,1712610231.7137947,11634961.62058734,1290.0,2.0419860245843e-09,1291.0,BID
1201,1712610240.6768632,11634961.62058734,1290.0,0.0,1291.0,BID
1202,1712610245.3983357,11634966.27535848,1288.0,-3.06473456663566e-10,1291.0,ASK
1203,1712610267.820931,11635239.16191636,1287.0,-1.7967045888646653e-08,1291.0,ASK
1204,1712610267.823644,11639127.16191636,1286.0,-2.559886971258396e-07,1291.0,ASK
1205,1712610267.8262146,11641021.48210043,1287.0,-1.2472339399676388e-07,1291.0,ASK
1206,1712610267.8287947,11644380.55780733,1287.0,-2.211639438673292e-07,1291.0,ASK
1207,1712610267.8311129,11644458.19755888,1288.0,-5.111856698665068e-09,1291.0,ASK
1208,1712610267.8322835,11645045.42384192,1286.0,-3.8663397920121625e-08,1291.0,ASK
1209,1712610267.833458,11645072.7121092,1287.0,-1.7966790092749263e-09,1291.0,ASK
1210,1712610267.834657,11646172.81086503,1286.0,-7.243128786379425e-08,1291.0,ASK
1211,1712610267.8358755,11651007.85864381,1288.0,-3.18342999339245e-07,1291.0,ASK
1212,1712610267.8370786,11651183.99713525,1286.0,-1.1597084088883981e-08,1291.0,ASK
1213,1712610267.9389324,11651900.93813525,1286.0,4.720390753755272e-08,1291.0,BID
1214,1712610268.4181943,11651905.60376511,1286.0,3.0718840255563944e-10,1291.0,BID
1215,1712610269.3980806,11652293.80252287,1286.0,2.5559283494061168e-08,1291.0,BID
1216,1712610270.6171198,11652293.80252287,1286.0,0.0,1291.0,BID
1217,1712610275.5182593,11652301.69518269,1285.0,-5.18896335423293e-10,1291.0,ASK
1218,1712610300.962279,11652301.69518269,1285.0,-0.0,1291.0,ASK
1219,1712610310.7481277,11652306.36081255,1285.0,-3.0676295641483114e-10,1291.0,ASK
1220,1712610324.5785797,11652630.39352078,1285.0,-2.1304997295969065e-08,1291.0,ASK
1221,1712610327.2083256,11652635.05915064,1286.0,3.0676295641483114e-10,1291.0,BID
1222,1712610331.0221505,11652635.05915064,1286.0,0.0,1291.0,BID
1223,1712610351.08814,11652680.64315064,1288.0,2.997042024929212e-09,1291.0,BID
1224,1712610353.619547,11653069.44563898,1285.0,-2.5562859708089693e-08,1291.0,ASK
1225,1712610353.622869,11653553.51702089,1285.0,-3.1826567976173856e-08,1291.0,ASK
1226,1712610353.6254969,11661208.95311607,1285.0,-5.033271256591547e-07,1291.0,ASK
1227,1712610353.6282022,11665774.05202922,1285.0,-3.001446404538828e-07,1291.0,ASK
1228,1712610354.018225,11666714.57894671,1284.0,-6.183745825831975e-08,1291.0,ASK
1229,1712610354.0200322,11667832.7810486,1284.0,-7.351918856780491e-08,1291.0,ASK
1230,1712610354.0278218,11668332.68329259,1284.0,-3.2867410353891726e-08,1291.0,ASK
1231,1712610354.0379937,11668551.7810486,1284.0,-1.440516809226454e-08,1291.0,ASK
1232,1712610354.8880663,11669061.75079156,1284.0,3.3529325005981624e-08,1291.0,BID
1233,1712610360.6558878,11669061.75079156,1284.0,0.0,1291.0,BID
1234,1712610371.2383034,11669282.40651492,1283.0,-1.4487497762952868e-08,1291.0,ASK
1235,1712610371.2398314,11673179.40651492,1283.0,-2.558636500457356e-07,1291.0,ASK
1236,1712610371.2478516,11673873.45685934,1283.0,-4.5568964444176015e-08,1291.0,ASK
1237,1712610373.9082136,11674262.94128337,1283.0,2.5572211025892924e-08,1291.0,BID
1238,1712610373.927878,11674526.614476,1283.0,1.7311877209621762e-08,1291.0,BID
1239,1712610374.0280375,11675255.68197497,1283.0,4.7868070673826526e-08,1291.0,BID
1240,1712610374.0479786,11676910.11693808,1283.0,1.0862452358861177e-07,1291.0,BID
1241,1712610375.5830748,11676914.78256794,1282.0,-3.063292496139301e-10,1291.0,ASK
1242,1712610379.8085823,11677302.64856794,1283.0,2.5465950856623533e-08,1291.0,BID
1243,1712610390.6333313,11677976.40110106,1283.0,4.4236279792637483e-08,1291.0,BID
1244,1712610390.6613915,11677976.40110106,1283.0,0.0,1291.0,BID
1245,1712610392.2381887,11677981.07764042,1283.0,3.0681512819351256e-10,1291.0,BID
1246,1712610402.1683495,11678219.56664042,1283.0,1.564661975042087e-08,1291.0,BID
1247,1712610404.078278,11678350.61753267,1283.0,8.597895412359466e-09,1291.0,BID
1248,1712610420.9777968,11678350.61753267,1283.0,0.0,1291.0,BID
1249,1712610425.00954,11678350.61753268,1283.0,6.109963643706034e-19,1291.0,BID
1250,1712610432.4450307,11678355.40757933,1286.0,3.1425213654719307e-10,1291.0,BID
1251,1712610433.0408974,11678371.20073027,1283.0,-1.03611337991009e-09,1291.0,ASK
1252,1712610442.6780856,11678375.87726963,1283.0,-3.068054640187445e-10,1291.0,ASK
1253,1712610444.3587515,11678530.86522926,1286.0,1.0168021525165669e-08,1291.0,BID
1254,1712610444.360621,11678836.68986683,1286.0,2.006369723906492e-08,1291.0,BID
1255,1712610450.968004,11678836.68986683,1286.0,0.0,1291.0,BID
1256,1712610464.48828,11678841.34825192,1288.0,3.0560191769573686e-10,1291.0,BID
1257,1712610480.676034,11678841.34825192,1288.0,0.0,1291.0,BID
1258,1712610508.6180997,11678846.00663701,1284.0,-3.056017974062029e-10,1291.0,ASK
1259,1712610510.680525,11678846.00663701,1284.0,-0.0,1291.0,ASK
1260,1712610530.0384474,11678850.6650221,1288.0,3.05601677368139e-10,1291.0,BID
1261,1712610540.9678686,11678850.6650221,1288.0,0.0,1291.0,BID
1262,1712610562.0812006,11678900.6650221,1288.0,3.2801233824812914e-09,1291.0,BID
1263,1712610566.898012,11678950.6650221,1288.0,3.2801233824812914e-09,1291.0,BID
1264,1712610571.001263,11678950.6650221,1288.0,0.0,1291.0,BID
1265,1712610573.978613,11678976.0943193,1288.0,1.668210551295068e-09,1291.0,BID
1266,1712610573.983055,11679261.22402831,1288.0,1.8705054461027826e-08,1291.0,BID
1267,1712610576.2981164,11679265.8824134,1285.0,-3.0559897501255117e-10,1291.0,ASK
1268,1712610584.8382175,11679491.41935904,1285.0,-1.47956551627538e-08,1291.0,ASK
1269,1712610584.8407545,11679491.54637432,1285.0,-8.332445365547483e-12,1291.0,ASK
1270,1712610598.2480311,11679496.20837898,1287.0,3.0583642574872057e-10,1291.0,BID
1271,1712610600.6480966,11679496.20837898,1287.0,0.0,1291.0,BID
1272,1712610605.6979892,11680482.60195873,1286.0,-6.474702293110399e-08,1291.0,ASK
1273,1712610607.538732,11680619.54102452,1286.0,-8.988700874461329e-09,1291.0,ASK
1274,1712610607.5420897,11681151.12482032,1286.0,-3.4893240308054935e-08,1291.0,ASK
1275,1712610630.750287,11681151.12482032,1286.0,-0.0,1291.0,ASK
1276,1712610640.6980324,11681155.78682498,1285.0,-3.059719437983611e-10,1291.0,ASK
1277,1712610660.97815,11681155.78682498,1285.0,-0.0,1291.0,ASK
1278,1712610664.5381372,11681160.45245484,1286.0,3.0620974878788354e-10,1291.0,BID
1279,1712610667.7994158,11681225.64755273,1286.0,4.278816611261029e-09,1291.0,BID
1280,1712610667.801294,11681390.46878454,1286.0,1.0817375038708346e-08,1291.0,BID
1281,1712610691.0207665,11681390.46878454,1286.0,0.0,1291.0,BID
1282,1712610698.5976696,11681449.33483118,1286.0,3.863358402691337e-09,1291.0,BID
1283,1712610703.9378576,11681454.00046104,1286.0,-3.06203683662033e-10,1291.0,ASK
1284,1712610720.654311,11681454.00046104,1286.0,-0.0,1291.0,ASK
1285,1712610726.705115,11681458.65884613,1288.0,3.0572657260831296e-10,1291.0,BID
1286,1712610735.3679993,11682233.85264457,1288.0,5.08754296818324e-08,1291.0,BID
1287,1712610750.6438563,11682233.85264457,1288.0,0.0,1291.0,BID
1288,1712610773.0981822,11682238.51102966,1286.0,-3.0570642003474205e-10,1291.0,ASK
1289,1712610781.009858,11682238.51102966,1286.0,-0.0,1291.0,ASK
1290,1712610794.1779375,11682243.16941475,1288.0,3.0570629972760336e-10,1291.0,BID
1291,1712610810.9929347,11682243.16941475,1288.0,0.0,1291.0,BID
1292,1712610834.158296,11682247.82779984,1286.0,-3.057061794781187e-10,1291.0,ASK
1293,1712610835.3883934,11683358.73685635,1287.0,7.290332525405668e-08,1291.0,BID
1294,1712610840.655211,11683358.73685635,1287.0,0.0,1291.0,BID
1295,1712610843.108523,11683367.7838384,1287.0,-5.9365159897739e-10,1291.0,ASK
1296,1712610857.1592004,11683585.53035493,1287.0,-1.4288252921901784e-08,1291.0,ASK
1297,1712610857.1628675,11683603.70049848,1286.0,-1.192301997806086e-09,1291.0,ASK
1298,1712610870.6055677,11683603.70049848,1286.0,-0.0,1291.0,ASK
1299,1712610873.0590415,11683619.25259802,1286.0,-1.0204881279506336e-09,1291.0,ASK
1300,1712610884.4986165,11683623.91098311,1288.0,3.0567105543511544e-10,1291.0,BID
1301,1712610900.6994278,11683623.91098311,1288.0,0.0,1291.0,BID
1302,1712610930.65425,11683623.91098311,1288.0,0.0,1291.0,BID
1303,1712610940.5156536,11683628.5693682,1287.0,-3.057969680378936e-10,1291.0,ASK
1304,1712610960.9890227,11683628.5693682,1287.0,-0.0,1291.0,ASK
1305,1712610969.6594794,11684314.81266131,1287.0,-4.504802237302192e-08,1291.0,ASK
1306,1712610972.6988544,11684318.65149477,1288.0,2.51997880738496e-10,1291.0,BID
1307,1712610978.1720853,11685167.19264383,1288.0,5.5701966126457394e-08,1291.0,BID
1308,1712610981.9787085,11685170.99644611,1288.0,2.4969828036401553e-10,1291.0,BID
1309,1712610987.358951,11685175.6548312,1288.0,3.0579684768827286e-10,1291.0,BID
1310,1712610991.0185895,11685175.6548312,1288.0,0.0,1291.0,BID
1311,1712611020.6786342,11685175.6548312,1288.0,0.0,1291.0,BID
1312,1712611029.618821,11685180.31321629,1287.0,-3.0575686649600084e-10,1291.0,ASK
1313,1712611037.1491642,11685484.753153,1287.0,-1.998216105218572e-08,1291.0,ASK
1314,1712611037.1534083,11685957.31399329,1287.0,-3.1016912300210186e-08,1291.0,ASK
1315,1712611037.2686365,11686219.24291811,1287.0,-1.7191916463131032e-08,1291.0,ASK
1316,1712611037.648607,11688125.58775501,1287.0,-1.251244825614307e-07,1291.0,ASK
1317,1712611037.7085693,11690964.70550048,1287.0,-1.863477855405309e-07,1291.0,ASK
1318,1712611037.788895,11691676.96289635,1287.0,-4.6749589257855454e-08,1291.0,ASK
1319,1712611037.8887284,11692746.64435191,1287.0,-7.020940600135862e-08,1291.0,ASK
1320,1712611050.6604412,11692746.64435191,1287.0,-0.0,1291.0,ASK
1321,1712611054.6910594,11692751.302737,1288.0,3.0556144578897407e-10,1291.0,BID
1322,1712611065.928825,11692828.94248855,1288.0,5.092690767873787e-09,1291.0,BID
1323,1712611071.648945,11693320.55293109,1288.0,3.224662511336652e-08,1291.0,BID
1324,1712611080.9598827,11693320.55293109,1288.0,0.0,1291.0,BID
1325,1712611097.3893526,11694039.55293108,1287.0,-4.7159696635503134e-08,1291.0,ASK
1326,1712611097.392954,11694039.55293109,1287.0,-7.330329361225767e-19,1291.0,ASK
1327,1712611099.0649362,11694044.21131618,1287.0,-3.0554663087109137e-10,1291.0,ASK
1328,1712611110.922105,11694782.90728315,1287.0,-4.845156844050711e-08,1291.0,ASK
1329,1712611110.9926784,11694782.90728315,1287.0,-0.0,1291.0,ASK
1330,1712611116.2668805,11696097.1662855,1288.0,8.619249745839747e-08,1291.0,BID
1331,1712611116.2706935,11699143.3223095,1289.0,1.9977477414037065e-07,1291.0,BID
1332,1712611116.272634,11700143.3223095,1288.0,6.558258098613791e-08,1291.0,BID
1333,1712611116.2745848,11701265.37067133,1288.0,7.358682756010648e-08,1291.0,BID
1334,1712611116.6893995,11701270.02544247,1289.0,3.0527190525083867e-10,1291.0,BID
1335,1712611118.57226,11701658.52583097,1289.0,2.5478858191904625e-08,1291.0,BID
1336,1712611140.644338,11701658.52583097,1289.0,0.0,1291.0,BID
1337,1712611166.389122,11701663.18060211,1287.0,-3.0509464185842045e-10,1291.0,ASK
1338,1712611170.6578166,11701663.18060211,1287.0,-0.0,1291.0,ASK
1339,1712611175.379081,11701694.19455249,1287.0,-2.0327930375551518e-09,1291.0,ASK
1340,1712611200.690622,11701694.19455249,1287.0,-0.0,1291.0,ASK
1341,1712611211.5091956,11702413.19455249,1287.0,-4.713200453698528e-08,1291.0,ASK
1342,1712611214.439663,11703132.19455249,1287.0,-4.713200453698528e-08,1291.0,ASK
1343,1712611215.089453,11703142.60822436,1287.0,-6.826387062772785e-10,1291.0,ASK
1344,1712611215.0932128,11703211.19455249,1287.0,-4.495982098203718e-09,1291.0,ASK
1345,1712611215.3288834,11703589.28126912,1287.0,-2.4784401729566776e-08,1291.0,ASK
1346,1712611215.5690043,11703706.28162511,1286.0,-7.669626299552183e-09,1291.0,ASK
1347,1712611216.049147,11703710.94362977,1287.0,3.056044850308608e-10,1291.0,BID
1348,1712611221.855495,11704264.97756068,1286.0,-3.6318122038010174e-08,1291.0,ASK
1349,1712611221.858407,11704531.80170934,1286.0,-1.7490899840396565e-08,1291.0,ASK
1350,1712611230.6200142,11704531.80170934,1286.0,-0.0,1291.0,ASK
1351,1712611260.9894178,11704531.80170934,1286.0,-0.0,1291.0,ASK
1352,1712611265.9898045,11704536.463714,1286.0,-3.0553136066914795e-10,1291.0,ASK
1353,1712611284.560484,11706597.79249069,1286.0,-1.3509222577007553e-07,1291.0,ASK
1354,1712611289.039396,11706602.45812055,1286.0,3.057689435747875e-10,1291.0,BID
1355,1712611290.9994843,11706602.45812055,1286.0,0.0,1291.0,BID
1356,1712611292.4377952,11707407.37280454,1286.0,5.27420683309237e-08,1291.0,BID
1357,1712611292.4423194,11707560.7023296,1286.0,1.0046923542037717e-08,1291.0,BID
1358,1712611320.6522572,11707560.7023296,1286.0,0.0,1291.0,BID
1359,1712611335.149421,11707565.36795946,1286.0,-3.0569090818466056e-10,1291.0,ASK
1360,1712611348.7807312,11707720.76811487,1288.0,1.0181779537743425e-08,1291.0,BID
1361,1712611348.7892072,11708409.76811487,1288.0,4.514310866027673e-08,1291.0,BID
1362,1712611350.6718056,11708409.76811487,1288.0,0.0,1291.0,BID
1363,1712611356.2953362,11708414.42288601,1289.0,3.0495759684758435e-10,1291.0,BID
1364,1712611367.1035476,11708616.8414595,1289.0,1.3261464393005501e-08,1291.0,BID
1365,1712611380.9751744,11708616.8414595,1289.0,0.0,1291.0,BID
1366,1712611399.6292868,11708621.49623064,1288.0,-3.0495226411137427e-10,1291.0,ASK
1367,1712611406.0792005,11708655.05723064,1288.0,-2.198712381032574e-09,1291.0,ASK
1368,1712611410.9893818,11708655.05723064,1288.0,-0.0,1291.0,ASK
1369,1712611423.3792994,11708659.71200178,1289.0,3.049512807288611e-10,1291.0,BID
1370,1712611427.2203453,11709329.89110628,1288.0,-4.3905912899864696e-08,1291.0,ASK
1371,1712611427.2248652,11709406.0465724,1288.0,-4.989226372315248e-09,1291.0,ASK
1372,1712611436.1406407,11709425.48256929,1289.0,1.2733240723979952e-09,1291.0,BID
1373,1712611440.680623,11709425.48256929,1289.0,0.0,1291.0,BID
1374,1712611458.729336,11709429.36309683,1289.0,2.542111910214787e-10,1291.0,BID
1375,1712611466.4692168,11709434.01786797,1288.0,-3.0493145672737544e-10,1291.0,ASK
1376,1712611470.6458156,11709434.01786797,1288.0,-0.0,1291.0,ASK
1377,1712611483.2801063,11709514.01786797,1289.0,5.240751528006073e-09,1291.0,BID
1378,1712611483.2833796,11710260.35243858,1289.0,4.88919255166601e-08,1291.0,BID
1379,1712611483.2872095,11711052.54215833,1290.0,5.18958685531062e-08,1291.0,BID
1380,1712611489.4394002,11711057.19332112,1290.0,3.0469485624253284e-10,1291.0,BID
1381,1712611500.9696646,11711057.19332112,1290.0,0.0,1291.0,BID
1382,1712611531.009468,11711057.19332112,1290.0,0.0,1291.0,BID
1383,1712611531.829221,11711214.71755509,1288.0,-1.0321639072948018e-08,1291.0,ASK
1384,1712611533.259546,11711219.36871788,1288.0,-3.047634156290929e-10,1291.0,ASK
1385,1712611549.819425,11711224.02348902,1289.0,3.0499984962038436e-10,1291.0,BID
1386,1712611560.6411223,11711224.02348902,1289.0,0.0,1291.0,BID
1387,1712611570.7701268,11711301.51248902,1288.0,-5.077328159527664e-09,1291.0,ASK
1388,1712611574.5599055,11711689.41008405,1289.0,2.54162962775869e-08,1291.0,BID
1389,1712611590.6465952,11711689.41008405,1289.0,0.0,1291.0,BID
1390,1712611592.6632533,11712152.91613049,1288.0,-3.0369211307026994e-08,1291.0,ASK
1391,1712611592.6691668,11714295.09431371,1288.0,-1.4035687862785888e-07,1291.0,ASK
1392,1712611592.7392428,11714922.15242557,1288.0,4.108524677744977e-08,1291.0,BID
1393,1712611592.759191,11714922.15242559,1288.0,1.3424586586854409e-18,1291.0,BID
1394,1712611597.199778,11714926.80719673,1287.0,-3.04983569076207e-10,1291.0,ASK
1395,1712611613.3116615,11714931.46196787,1289.0,3.04983569076207e-10,1291.0,BID
1396,1712611613.3620648,11715424.36357714,1289.0,3.2295227301666736e-08,1291.0,BID
1397,1712611613.363902,11715591.21770555,1290.0,1.093238874017388e-08,1291.0,BID
1398,1712611620.9505105,11715591.21770555,1290.0,0.0,1291.0,BID
1399,1712611650.969637,11715591.21770555,1290.0,0.0,1291.0,BID
1400,1712611659.0699985,11715676.48902338,1288.0,-5.585191671000701e-09,1291.0,ASK
1401,1712611664.0892794,11715681.14379452,1288.0,-3.0488316191399766e-10,1291.0,ASK
1402,1712611680.673087,11715681.14379452,1288.0,-0.0,1291.0,ASK
1403,1712611685.059502,11715685.79495731,1290.0,3.0464450721821117e-10,1291.0,BID
1404,1712611710.660862,11715685.79495731,1290.0,0.0,1291.0,BID
1405,1712611724.8598,11715690.79495731,1290.0,3.274927165974014e-10,1291.0,BID
1406,1712611726.159182,11715695.4461201,1288.0,-3.046443874955825e-10,1291.0,ASK
1407,1712611741.0131595,11715695.4461201,1288.0,-0.0,1291.0,ASK
1408,1712611744.8303757,11716707.02841802,1288.0,-6.625711297204e-08,1291.0,ASK
1409,1712611744.8351836,11722392.53376169,1287.0,-3.723920146027775e-07,1291.0,ASK
1410,1712611744.8390665,11728390.53140808,1286.0,-3.928597885514611e-07,1291.0,ASK
1411,1712611744.8429356,11728784.97788727,1288.0,-2.583564875221417e-08,1291.0,ASK
1412,1712611744.8467605,11729716.65490589,1288.0,-6.102343783905076e-08,1291.0,ASK
1413,1712611744.848935,11730590.01101276,1287.0,-5.720350618713291e-08,1291.0,ASK
1414,1712611744.851142,11733646.12999567,1288.0,-2.0017117848256786e-07,1291.0,ASK
1415,1712611749.0096183,11733650.78838076,1288.0,3.0511718902689317e-10,1291.0,BID
1416,1712611769.7096448,11734283.98500173,1286.0,-4.147342251377546e-08,1291.0,ASK
1417,1712611769.7126713,11737717.52399562,1286.0,-2.2489161927800322e-07,1291.0,ASK
1418,1712611770.9842358,11737717.52399562,1286.0,-0.0,1291.0,ASK
1419,1712611782.4795575,11737873.04499095,1286.0,1.016751862443176e-08,1291.0,BID
1420,1712611793.966414,11737877.70337604,1285.0,-3.045519163969861e-10,1291.0,ASK
1421,1712611801.1101298,11737877.70337604,1285.0,-0.0,1291.0,ASK
1422,1712611809.2494714,11737882.3690059,1286.0,3.0504573374320605e-10,1291.0,BID
1423,1712611830.9820962,11737882.3690059,1286.0,0.0,1291.0,BID
1424,1712611836.5494149,11738144.5172174,1286.0,1.7139628422201816e-08,1291.0,BID
1425,1712611845.3899446,11738184.30453322,1285.0,-2.6013521327964107e-09,1291.0,ASK
1426,1712611845.3951554,11738184.98414347,1285.0,-4.443389892775468e-11,1291.0,ASK
1427,1712611849.451488,11738190.09822686,1285.0,-3.3436615315824027e-10,1291.0,ASK
1428,1712611852.3697524,11738195.1526592,1286.0,3.3046608136897167e-10,1291.0,BID
1429,1712611855.1993308,11738199.81828906,1285.0,-3.05045614077224e-10,1291.0,ASK
1430,1712611860.6698525,11738199.81828906,1285.0,-0.0,1291.0,ASK
1431,1712611864.2898307,11739136.64483975,1285.0,-6.124943736478148e-08,1291.0,ASK
1432,1712611864.294294,11740534.44863926,1285.0,-9.138799087541013e-08,1291.0,ASK
1433,1712611872.560455,11740612.20913692,1286.0,5.08395788669327e-09,1291.0,BID
1434,1712611879.6695197,11740616.87476678,1286.0,3.050374732308232e-10,1291.0,BID
1435,1712611890.6627314,11740616.87476678,1286.0,0.0,1291.0,BID
1436,1712611921.0051155,11740616.87476678,1286.0,0.0,1291.0,BID
1437,1712611923.9886382,11740621.54039664,1285.0,-3.049755420477704e-10,1291.0,ASK
1438,1712611940.0193264,11740626.2060265,1286.0,3.049755420477704e-10,1291.0,BID
1439,1712611950.9817688,11740626.2060265,1286.0,0.0,1291.0,BID
1440,1712611960.0298522,11741358.95488506,1285.0,-4.789713539389538e-08,1291.0,ASK
1441,1712611960.0349157,11743905.60534967,1285.0,-1.66465304830426e-07,1291.0,ASK
1442,1712611975.4188232,11744029.925474,1285.0,-8.126355650587882e-09,1291.0,ASK
1443,1712611980.7046757,11744029.925474,1285.0,-0.0,1291.0,ASK
1444,1712611988.0395055,11744034.59110386,1285.0,-3.0488813597942696e-10,1291.0,ASK
1445,1712612010.721455,11744034.59110386,1285.0,-0.0,1291.0,ASK
1446,1712612014.3596165,11744838.57962526,1286.0,5.2538772461063206e-08,1291.0,BID
1447,1712612014.3637393,11746938.85895747,1286.0,1.372483499482797e-07,1291.0,BID
1448,1712612038.149421,11746943.52096213,1287.0,3.0465111822766845e-10,1291.0,BID
1449,1712612040.9693713,11746943.52096213,1287.0,0.0,1291.0,BID
1450,1712612046.5982702,11747021.22103983,1287.0,5.076277700039723e-09,1291.0,BID
1451,1712612055.8594198,11747176.62119523,1287.0,1.0152555400201136e-08,1291.0,BID
1452,1712612061.3594627,11747254.32127293,1286.0,-5.076277700039723e-09,1291.0,ASK
1453,1712612070.9823265,11747254.32127293,1286.0,-0.0,1291.0,ASK
1454,1712612085.249285,11747282.32127293,1287.0,1.829239638355984e-09,1291.0,BID
1455,1712612087.3092856,11747286.98327759,1286.0,-3.0456870415556847e-10,1291.0,ASK
1456,1712612100.6541948,11747286.98327759,1286.0,-0.0,1291.0,ASK
1457,1712612110.0301943,11747291.64528225,1287.0,3.047958805998356e-10,1291.0,BID
1458,1712612130.6898675,11747291.64528225,1287.0,0.0,1291.0,BID
1459,1712612146.0396082,11749226.98222614,1285.0,-1.2652979556930276e-07,1291.0,ASK
1460,1712612146.0441442,11749952.2480911,1286.0,-4.7416932703284003e-08,1291.0,ASK
1461,1712612149.5694416,11749956.91009576,1285.0,-3.0479576103690187e-10,1291.0,ASK
1462,1712612160.9541464,11749956.91009576,1285.0,-0.0,1291.0,ASK
1463,1712612172.7792573,11749961.57210042,1287.0,3.0472751395054927e-10,1291.0,BID
1464,1712612190.9590838,11749961.57210042,1287.0,0.0,1291.0,BID
1465,1712612200.3989837,11749965.4578813,1287.0,2.5399028307009157e-10,1291.0,BID
1466,1712612220.6200447,11749965.4578813,1287.0,0.0,1291.0,BID
1467,1712612221.1090927,11749970.11988596,1285.0,-3.047272949520637e-10,1291.0,ASK
1468,1712612237.1198475,11749974.78189062,1287.0,3.0472729483031376e-10,1291.0,BID
1469,1712612239.84907,11750013.63192947,1287.0,2.5393941252904474e-09,1291.0,BID
1470,1712612250.6191638,11750013.63192947,1287.0,0.0,1291.0,BID
1471,1712612261.0595765,11750033.20592947,1285.0,-1.279429845383519e-09,1291.0,ASK
1472,1712612281.003466,11750033.20592947,1285.0,-0.0,1291.0,ASK
1473,1712612286.236414,11750037.86793413,1286.0,-3.0472555922526674e-10,1291.0,ASK
1474,1712612292.1294472,11750047.08811627,1287.0,6.02664596672534e-10,1291.0,BID
1475,1712612292.134226,11750349.97831525,1287.0,1.9798003645014207e-08,1291.0,BID
1476,1712612292.1490276,11750687.33629284,1287.0,2.2050942858278823e-08,1291.0,BID
1477,1712612292.1511822,11750694.39378091,1287.0,4.6130305630301436e-10,1291.0,BID
1478,1712612303.4894664,11750796.63251041,1287.0,-6.6826947393635174e-09,1291.0,ASK
1479,1712612309.34934,11750801.2908955,1288.0,3.0448897084170225e-10,1291.0,BID
1480,1712612310.989435,11750801.2908955,1288.0,0.0,1291.0,BID
1481,1712612331.789536,11750896.63251041,1288.0,6.231471638345569e-09,1291.0,BID
1482,1712612331.795249,11751577.68841102,1289.0,4.4513411407185816e-08,1291.0,BID
1483,1712612340.647302,11751577.68841102,1289.0,0.0,1291.0,BID
1484,1712612343.5276532,11751608.62329268,1289.0,2.021753363490634e-09,1291.0,BID
