,time,acc_trade_volume,trade_price,dev,high,ask_bid
0,1712601588.4308577,18784006.05439137,348.3,0.0,352.3,BID
1,1712601600.5063295,18784006.05439137,348.3,0.0,352.3,BID
2,1712601612.0566409,18784023.28092022,347.6,-2.49741950296259e-09,352.3,ASK
3,1712601617.9464505,18784040.5025046,348.4,2.496702677456557e-09,352.3,BID
4,1712601628.226344,18784069.20514524,348.4,4.1611711303544364e-09,352.3,BID
5,1712601630.5177546,18784069.20514524,348.4,0.0,352.3,BID
6,1712601633.1661613,18784097.90778588,348.4,4.161157865805484e-09,352.3,BID
7,1712601633.9660225,18784115.12937026,348.4,2.496694718727188e-09,352.3,BID
8,1712601637.1764326,18784143.8320109,348.4,4.1611578652654104e-09,352.3,BID
9,1712601640.8363247,18784172.53465154,348.4,4.161157865805484e-09,352.3,BID
10,1712601644.056396,18784201.23729218,348.4,4.161157865805484e-09,352.3,BID
11,1712601647.4062808,18784229.93993282,348.4,4.1611578652654104e-09,352.3,BID
12,1712601650.3765182,18784258.64257346,348.4,4.161157865805484e-09,352.3,BID
13,1712601653.4959896,18784287.3452141,348.4,4.1611578652654104e-09,352.3,BID
14,1712601654.3563771,18784918.69154302,348.4,9.152926991821453e-08,352.3,BID
15,1712601654.61609,18784946.69154302,348.4,4.05929272145683e-09,352.3,BID
16,1712601656.7260504,18784975.39418366,348.4,4.161157865805484e-09,352.3,BID
17,1712601659.9762175,18785004.0968243,348.4,4.1611578652654104e-09,352.3,BID
18,1712601660.7862914,18785004.0968243,348.4,0.0,352.3,BID
19,1712601663.2364967,18785032.79946494,348.4,4.160961382586482e-09,352.3,BID
20,1712601666.9563603,18785061.50210558,348.4,4.160961382046434e-09,352.3,BID
21,1712601669.9862013,18785090.20474622,348.4,4.160961382586482e-09,352.3,BID
22,1712601670.4462106,18785640.05595008,348.4,7.97107713538703e-08,352.3,BID
23,1712601672.9162247,18785705.66808476,348.4,-9.511653023263147e-09,352.3,ASK
24,1712601673.0360508,18787040.29221679,348.4,1.9347765047157538e-07,352.3,BID
25,1712601677.676021,18787057.51380117,348.4,-2.496576828795822e-09,352.3,ASK
26,1712601690.7957408,18787057.51380117,348.4,-0.0,352.3,ASK
27,1712601700.695932,18787074.72550512,348.6,2.494885735589396e-09,352.3,BID
28,1712601705.9774177,18787090.77896011,348.6,2.326994234069537e-09,352.3,BID
29,1712601713.5960565,18787103.41167838,348.6,-1.831148659479441e-09,352.3,ASK
30,1712601713.5977445,18787131.14396011,348.6,-4.019873586822748e-09,352.3,ASK
31,1712601720.506083,18787131.14396011,348.6,-0.0,352.3,ASK
32,1712601721.726031,18787132.09785164,348.6,-1.382687922869973e-10,352.3,ASK
33,1712601721.7357235,18787160.77296011,348.6,-4.156523555899187e-09,352.3,ASK
34,1712601747.7562978,18787160.7840249,348.6,-1.603867030210081e-12,352.3,ASK
35,1712601747.7577257,18787177.98466406,348.6,-2.493272585647449e-09,352.3,ASK
36,1712601750.495571,18787177.98466406,348.6,-0.0,352.3,ASK
37,1712601754.6358404,18787189.47019816,348.6,-1.664850896242093e-09,352.3,ASK
38,1712601754.645517,18787246.83466406,348.6,-8.315092851320805e-09,352.3,ASK
39,1712601771.0657728,18787264.04143205,348.7,2.4941550702759518e-09,352.3,BID
40,1712601780.7855642,18787264.04143205,348.7,0.0,352.3,BID
41,1712601810.815763,18787264.04143205,348.7,0.0,352.3,BID
42,1712601819.226175,18787269.75926316,348.4,-8.288073305203733e-10,352.3,ASK
43,1712601819.2280302,18787269.76714378,348.6,-1.1423060518466629e-12,352.3,ASK
44,1712601819.2298355,18787281.24820004,348.4,-1.6641945879081907e-09,352.3,ASK
45,1712601839.2853932,18787298.45496803,348.7,2.494144224480411e-09,352.3,BID
46,1712601840.4860628,18787298.45496803,348.7,0.0,352.3,BID
47,1712601855.1960557,18787751.15078417,348.7,6.561875494198642e-08,352.3,BID
48,1712601870.5166564,18787751.15078417,348.7,0.0,352.3,BID
49,1712601880.1952467,18787768.35755216,348.4,-2.494082820241688e-09,352.3,ASK
50,1712601900.505318,18787768.35755216,348.4,-0.0,352.3,ASK
51,1712601902.715752,18787785.56432015,348.7,2.4940824609576203e-09,352.3,BID
52,1712601930.5167692,18787785.56432015,348.7,0.0,352.3,BID
53,1712601951.1363018,18787791.34236169,348.4,-8.37513444282853e-10,352.3,ASK
54,1712601951.1379304,18787802.77108814,348.4,-1.6565668470667e-09,352.3,ASK
55,1712601960.784996,18787802.77108814,348.4,-0.0,352.3,ASK
56,1712601969.336123,18787819.97785613,348.7,2.4940781246913313e-09,352.3,BID
57,1712601990.3352275,18789434.672173,348.4,-2.3404591587656685e-07,352.3,ASK
58,1712601990.3370752,18789480.64872783,348.4,-6.66418700525215e-09,352.3,ASK
59,1712601990.804782,18789480.64872783,348.4,-0.0,352.3,ASK
60,1712602012.244708,18789497.85549582,347.8,-2.493866811663084e-09,352.3,ASK
61,1712602014.74487,18789515.66173602,348.4,2.5807514514767902e-09,352.3,BID
62,1712602020.63566,18789515.66173602,348.4,0.0,352.3,BID
63,1712602029.6149251,18790339.32680176,348.4,-1.193778717678888e-07,352.3,ASK
64,1712602029.694909,18792368.11956011,348.4,-2.940430179989547e-07,352.3,ASK
65,1712602034.5750418,18792385.33126406,348.6,2.494577799105426e-09,352.3,BID
66,1712602050.4664156,18792385.33126406,348.6,0.0,352.3,BID
67,1712602080.7946844,18792385.33126406,348.6,0.0,352.3,BID
68,1712602081.8346448,18792402.54296801,347.7,-2.4942163735648662e-09,352.3,ASK
69,1712602103.684646,18792419.77939432,348.1,2.4977989894852063e-09,352.3,BID
70,1712602110.8044229,18792419.77939432,348.1,0.0,352.3,BID
71,1712602138.7645607,18792534.68890308,348.1,1.665196434446724e-08,352.3,BID
72,1712602140.498701,18792534.68890308,348.1,0.0,352.3,BID
73,1712602148.0952084,18792546.71753334,347.6,-1.7431034501052411e-09,352.3,ASK
74,1712602148.0968866,18792551.92532939,347.7,-7.546767228982558e-10,352.3,ASK
75,1712602170.5069244,18792551.92532939,347.7,-0.0,352.3,ASK
76,1712602171.7442455,18792569.15185824,348.3,2.4963437355499356e-09,352.3,BID
77,1712602200.577374,18792569.15185824,348.3,0.0,352.3,BID
78,1712602230.516087,18792569.15185824,348.3,0.0,352.3,BID
79,1712602251.5734258,18792586.37838709,347.7,-2.496350586625128e-09,352.3,ASK
80,1712602260.5547626,18792586.37838709,347.7,-0.0,352.3,ASK
81,1712602261.5041203,18792616.14915219,347.7,-4.3141716513839186e-09,352.3,ASK
82,1712602270.474085,18792633.3905315,348.0,2.498500444934177e-09,352.3,BID
83,1712602290.5338757,18792633.3905315,348.0,0.0,352.3,BID
84,1712602317.2139957,18792650.63191081,347.7,-2.498494524712328e-09,352.3,ASK
85,1712602320.7740147,18792650.63191081,347.7,-0.0,352.3,ASK
86,1712602331.3738835,18792722.07586828,347.7,-1.0353126527185285e-08,352.3,ASK
87,1712602342.673879,18792739.31724759,348.0,2.498492354205696e-09,352.3,BID
88,1712602350.8237574,18792739.31724759,348.0,0.0,352.3,BID
89,1712602380.49396,18792739.31724759,348.0,0.0,352.3,BID
90,1712602385.2946672,18792756.5586269,347.7,-2.4984811883899157e-09,352.3,ASK
91,1712602409.123648,18792773.80000621,348.0,2.498481187850077e-09,352.3,BID
92,1712602410.4958153,18792773.80000621,348.0,0.0,352.3,BID
93,1712602433.033741,18793342.96821436,347.7,-8.247910816495784e-08,352.3,ASK
94,1712602440.773415,18793342.96821436,347.7,-0.0,352.3,ASK
95,1712602455.9034252,18793360.20959367,347.6,-2.4984051957852087e-09,352.3,ASK
96,1712602463.1533298,18794991.04138552,347.6,-2.36319760100732e-07,352.3,ASK
97,1712602470.793371,18794991.04138552,347.6,-0.0,352.3,ASK
98,1712602481.123333,18795008.29267936,347.8,2.499634382714131e-09,352.3,BID
99,1712602500.5447605,18795008.29267936,347.8,0.0,352.3,BID
100,1712602522.8234928,18795025.5439732,347.6,-2.49978288988292e-09,352.3,ASK
101,1712602530.5340824,18795025.5439732,347.6,-0.0,352.3,ASK
102,1712602548.2444088,18795042.80022859,347.7,2.5004996654776388e-09,352.3,BID
103,1712602549.0052302,18795062.02932859,347.6,-2.786372653619369e-09,352.3,ASK
104,1712602549.0075045,18798132.77331746,347.6,-4.449629507781136e-07,352.3,ASK
105,1712602549.0097656,18798420.54310164,347.5,-4.169898004422642e-08,352.3,ASK
106,1712602549.0115633,18798451.52871315,347.5,-4.48993767652695e-09,352.3,ASK
107,1712602549.016506,18799024.84838607,347.6,-8.307628845844845e-08,352.3,ASK
108,1712602549.018278,18801338.726111,347.5,-3.3529003523396294e-07,352.3,ASK
109,1712602551.2346327,18802005.85977122,347.4,-9.66703063135544e-08,352.3,ASK
110,1712602560.7945716,18802005.85977122,347.4,-0.0,352.3,ASK
111,1712602590.7955685,18802005.85977122,347.4,-0.0,352.3,ASK
112,1712602591.9455037,18802023.11602661,347.4,-2.4996209702409086e-09,352.3,ASK
113,1712602611.927409,18802087.82698433,347.7,9.373578638538311e-09,352.3,BID
114,1712602614.9759526,18802105.08323972,347.7,2.499620969701289e-09,352.3,BID
115,1712602620.5808065,18802105.08323972,347.7,0.0,352.3,BID
116,1712602650.5215666,18802105.08323972,347.7,0.0,352.3,BID
117,1712602661.9776735,18802122.33949511,347.7,-2.499608480497634e-09,352.3,ASK
118,1712602675.7278523,18802248.88536799,347.7,-1.83304621908556e-08,352.3,ASK
119,1712602675.8276367,18804322.33949499,347.7,3.003446229809616e-07,352.3,BID
120,1712602680.787629,18804322.33949499,347.7,0.0,352.3,BID
121,1712602683.9081583,18804322.33949511,347.7,1.780536967918181e-17,352.3,BID
122,1712602683.910633,18804339.5808743,348.0,2.497174762687409e-09,352.3,BID
123,1712602710.7783692,18804339.5808743,348.0,0.0,352.3,BID
124,1712602728.4689438,18804356.82225361,347.4,-2.497172609868213e-09,352.3,ASK
125,1712602740.508204,18804356.82225361,347.4,-0.0,352.3,ASK
126,1712602747.729287,18804374.06363292,348.0,2.497170443528492e-09,352.3,BID
127,1712602748.729506,18807314.81173803,347.4,-4.259258565187314e-07,352.3,ASK
128,1712602748.7322652,18809086.64497483,347.4,-2.566250362220332e-07,352.3,ASK
129,1712602770.5363567,18809086.64497483,347.4,-0.0,352.3,ASK
130,1712602795.2400382,18809103.88635414,347.5,-2.496576290338921e-09,352.3,ASK
131,1712602800.6769524,18809103.88635414,347.5,-0.0,352.3,ASK
132,1712602809.440369,18809132.62198632,348.0,4.161710816939125e-09,352.3,BID
133,1712602817.5902984,18809149.86336563,348.0,2.497026491134619e-09,352.3,BID
134,1712602828.392224,18811349.86336563,347.8,3.1862058021655145e-07,352.3,BID
135,1712602830.541007,18811349.86336563,347.8,0.0,352.3,BID
136,1712602860.8010993,18811349.86336563,347.8,0.0,352.3,BID
137,1712602869.0969791,18811367.10474494,347.5,-2.4967440252588863e-09,352.3,ASK
138,1712602888.281453,18811384.34612425,348.0,2.4967440252588863e-09,352.3,BID
139,1712602890.7953455,18811384.34612425,348.0,0.0,352.3,BID
140,1712602920.521228,18811384.34612425,348.0,0.0,352.3,BID
141,1712602936.8128328,18811401.58750356,347.5,-2.496739689706693e-09,352.3,ASK
142,1712602950.579993,18811401.58750356,347.5,-0.0,352.3,ASK
143,1712602959.5922852,18811418.83383871,347.9,2.497455182440784e-09,352.3,BID
144,1712602980.7926917,18811418.83383871,347.9,0.0,352.3,BID
145,1712603008.703289,18811436.08017386,347.6,-2.4974530130315887e-09,352.3,ASK
146,1712603010.8030064,18811436.08017386,347.6,-0.0,352.3,ASK
147,1712603011.1731284,18813636.08017386,347.8,3.1858315464194186e-07,352.3,BID
148,1712603011.212996,18815444.99142319,347.8,-2.619493873992452e-07,352.3,ASK
149,1712603011.2328694,18819718.44555019,347.8,-6.188411349985898e-07,352.3,ASK
150,1712603011.2526984,18820236.7647757,347.8,-7.505807907969217e-08,352.3,ASK
151,1712603011.2745306,18820278.17867591,347.6,-5.997168624638456e-09,352.3,ASK
152,1712603011.2759123,18820804.98099191,347.8,-7.628651986580582e-08,352.3,ASK
153,1712603025.8063524,18821511.85107114,347.6,-1.0236222716511709e-07,352.3,ASK
154,1712603029.743386,18821529.09245045,348.0,2.4967331867188593e-09,352.3,BID
155,1712603040.5539658,18821529.09245045,348.0,0.0,352.3,BID
156,1712603048.163634,18822063.27088282,347.6,-7.731535863734744e-08,352.3,ASK
157,1712603048.3164232,18822597.44931519,347.6,-7.73153586378866e-08,352.3,ASK
158,1712603052.9440072,18823392.79923374,348.0,1.151165237468664e-07,352.3,BID
159,1712603052.9467423,18846462.06027911,348.0,3.3389745507237324e-06,352.3,BID
160,1712603052.9489236,18853245.74335477,348.0,9.818496182112768e-07,352.3,BID
161,1712603053.0237396,18865183.66195886,348.0,-1.727857963428686e-06,352.3,ASK
162,1712603053.0265126,18866749.66195886,348.0,-2.266580683338678e-07,352.3,ASK
163,1712603053.1277122,18867216.87241885,347.6,-6.76226183698788e-08,352.3,ASK
164,1712603070.6397896,18867216.87241885,347.6,-0.0,352.3,ASK
165,1712603070.6412666,18867764.87241885,347.6,-7.913375283656473e-08,352.3,ASK
166,1712603078.404099,18867782.11379816,347.6,-2.489735490575056e-09,352.3,ASK
167,1712603099.8741715,18867799.37005355,347.7,2.491883665655468e-09,352.3,BID
168,1712603100.7840476,18867799.37005355,347.7,0.0,352.3,BID
169,1712603130.794382,18867799.37005355,347.7,0.0,352.3,BID
170,1712603145.0349543,18867806.09536209,347.4,-9.711879632968361e-10,352.3,ASK
171,1712603145.0364647,18867816.62630894,347.6,-1.520752358189233e-09,352.3,ASK
172,1712603160.5420003,18867816.62630894,347.6,-0.0,352.3,ASK
173,1712603166.7049224,18867833.88256433,347.7,2.4919381629191473e-09,352.3,BID
174,1712603190.539888,18867833.88256433,347.7,0.0,352.3,BID
175,1712603208.515144,18869994.88256433,347.4,-3.120650212358089e-07,352.3,ASK
176,1712603208.654811,18871347.82487272,347.4,-1.953752754277145e-07,352.3,ASK
177,1712603208.6957293,18872014.80674823,347.4,-9.631731288506393e-08,352.3,ASK
178,1712603208.6982987,18874009.80674823,347.4,-2.880933444541595e-07,352.3,ASK
179,1712603208.8161774,18875020.32293445,347.4,-1.4592630963048126e-07,352.3,ASK
180,1712603208.8554184,18877015.32293445,347.4,-2.880933444541595e-07,352.3,ASK
181,1712603214.6475031,18879881.36341804,347.4,-4.138782898538957e-07,352.3,ASK
182,1712603215.5249135,18879898.61967343,347.4,-2.491936004326884e-09,352.3,ASK
183,1712603218.8052928,18881985.61967343,347.4,-3.013788520680857e-07,352.3,ASK
184,1712603219.24508,18883985.61967343,347.4,-2.8881538291143815e-07,352.3,ASK
185,1712603220.785046,18883985.61967343,347.4,-0.0,352.3,ASK
186,1712603236.315668,18884002.87592882,347.7,2.489918452887633e-09,352.3,BID
187,1712603238.6252766,18886651.87592882,347.4,-3.822262613351632e-07,352.3,ASK
188,1712603238.7652578,18888008.28954667,347.4,-1.957179713003624e-07,352.3,ASK
189,1712603238.7668865,18889133.87592882,347.4,-1.6241173071318052e-07,352.3,ASK
190,1712603250.825762,18889133.87592882,347.4,-0.0,352.3,ASK
191,1712603280.5412045,18889133.87592882,347.4,-0.0,352.3,ASK
192,1712603284.3462367,18889135.09968421,347.4,-1.7653105623814455e-10,352.3,ASK
193,1712603284.349638,18889151.13218421,347.5,-2.312745001149837e-09,352.3,ASK
194,1712603304.7992482,18889168.3884396,347.7,2.489276056850596e-09,352.3,BID
195,1712603310.5297337,18889168.3884396,347.7,0.0,352.3,BID
196,1712603312.3862507,18890346.33320801,347.7,1.6992241758294209e-07,352.3,BID
197,1712603312.389475,18891328.07638898,347.7,1.416196915424237e-07,352.3,BID
198,1712603312.966436,18892999.7096495,347.7,2.411386107030261e-07,352.3,BID
199,1712603312.973043,18894669.50698548,347.7,2.408737725340208e-07,352.3,BID
200,1712603312.9758265,18895146.50578904,347.7,6.88086505061075e-08,352.3,BID
201,1712603335.3461258,18897159.73558485,347.5,-2.904150374688016e-07,352.3,ASK
202,1712603340.813594,18897159.73558485,347.5,-0.0,352.3,ASK
203,1712603351.3064115,18897176.99184024,347.5,-2.488274541001569e-09,352.3,ASK
204,1712603370.806291,18897176.99184024,347.5,-0.0,352.3,ASK
205,1712603373.7881794,18897194.23817539,347.9,2.486841936707013e-09,352.3,BID
206,1712603400.5707235,18897194.23817539,347.9,0.0,352.3,BID
207,1712603419.5864997,18897211.48451054,347.5,-2.494276440721697e-09,352.3,ASK
208,1712603430.553201,18897211.48451054,347.5,-0.0,352.3,ASK
209,1712603437.6065063,18897228.73580438,347.8,2.494991435299976e-09,352.3,BID
210,1712603453.286841,18901517.55697766,347.8,6.202764960899635e-07,352.3,BID
211,1712603460.7766647,18901517.55697766,347.8,0.0,352.3,BID
212,1712603490.8152678,18901517.55697766,347.8,0.0,352.3,BID
213,1712603515.8771403,18901534.8082715,347.5,-2.4944511379134517e-09,352.3,ASK
214,1712603520.5532117,18901534.8082715,347.5,-0.0,352.3,ASK
215,1712603534.4103248,18901552.05460665,347.9,2.493731973999272e-09,352.3,BID
216,1712603550.5646615,18901552.05460665,347.9,0.0,352.3,BID
217,1712603580.603294,18901552.05460665,347.9,0.0,352.3,BID
218,1712603586.207995,18901569.3009418,347.5,-2.493729810515712e-09,352.3,ASK
219,1712603600.3374896,18903734.8082715,347.7,3.131210275326983e-07,352.3,BID
220,1712603602.627445,18903752.05460665,347.9,2.493729810515712e-09,352.3,BID
221,1712603610.542132,18903752.05460665,347.9,0.0,352.3,BID
222,1712603640.797518,18903752.05460665,347.9,0.0,352.3,BID
223,1712603647.7745175,18903769.3009418,347.5,-2.4934540187401593e-09,352.3,ASK
224,1712603668.437807,18903786.54727695,347.9,2.493454019278757e-09,352.3,BID
225,1712603670.807776,18903786.54727695,347.9,0.0,352.3,BID
226,1712603700.599107,18903786.54727695,347.9,0.0,352.3,BID
227,1712603718.9282732,18903803.7936121,347.5,-2.494945859643602e-09,352.3,ASK
228,1712603730.5281675,18903803.7936121,347.5,-0.0,352.3,ASK
229,1712603736.8984663,18903821.03994725,347.9,2.494943696543168e-09,352.3,BID
230,1712603744.6779964,18903839.71313038,347.9,2.7013588769726743e-09,352.3,BID
231,1712603746.3082452,18903858.38631351,347.9,2.701358876433754e-09,352.3,BID
232,1712603760.7981095,18903858.38631351,347.9,0.0,352.3,BID
233,1712603781.9083953,18903875.63264866,347.5,-2.494936842002558e-09,352.3,ASK
234,1712603786.2084703,18906075.63264866,347.6,3.18262460044928e-07,352.3,BID
235,1712603790.322222,18906738.52505455,347.7,-9.589716720164978e-08,352.3,ASK
236,1712603790.8195517,18906738.52505455,347.7,-0.0,352.3,ASK
237,1712603802.758215,18907406.68590968,347.6,-9.664532815667117e-08,352.3,ASK
238,1712603802.769261,18907533.52505455,347.7,-1.83464964836366e-08,352.3,ASK
239,1712603806.4785497,18907550.7713897,347.9,2.494575530968666e-09,352.3,BID
240,1712603807.623895,18908254.7713897,347.6,-1.0182923842361848e-07,352.3,ASK
241,1712603820.5534227,18908254.7713897,347.6,-0.0,352.3,ASK
242,1712603849.6892416,18908255.59116326,347.6,-1.1856612730848812e-10,352.3,ASK
243,1712603849.6925006,18908272.01772485,347.5,-2.375819239953749e-09,352.3,ASK
244,1712603850.5693414,18908272.01772485,347.5,-0.0,352.3,ASK
245,1712603873.3488832,18908289.25910416,348.0,2.493666428909273e-09,352.3,BID
246,1712603880.818432,18908289.25910416,348.0,0.0,352.3,BID
247,1712603910.8292966,18908289.25910416,348.0,0.0,352.3,BID
248,1712603923.238695,18908306.50048347,347.5,-2.493664264917606e-09,352.3,ASK
249,1712603940.5332544,18908306.50048347,347.5,-0.0,352.3,ASK
250,1712603944.718743,18908323.74186278,348.0,2.493662104577666e-09,352.3,BID
251,1712603970.548943,18908323.74186278,348.0,0.0,352.3,BID
252,1712603994.3289464,18908340.98324209,347.5,-2.493659940054706e-09,352.3,ASK
253,1712604000.5793154,18908340.98324209,347.5,-0.0,352.3,ASK
254,1712604008.079133,18908768.98324209,347.5,-6.190401079768283e-08,352.3,ASK
255,1712604013.619094,18908786.2196684,348.1,2.492999813856058e-09,352.3,BID
256,1712604015.802188,18910795.2196684,347.5,-2.905727983470673e-07,352.3,ASK
257,1712604021.733979,18911835.2196684,347.5,-1.5042096081679938e-07,352.3,ASK
258,1712604030.5517786,18911835.2196684,347.5,-0.0,352.3,ASK
259,1712604037.399294,18911874.57992612,347.5,-5.691892462635007e-09,352.3,ASK
260,1712604057.5593636,18913916.57992612,347.5,-2.952939102117494e-07,352.3,ASK
261,1712604060.5925772,18913933.81635243,347.5,-2.492562058710989e-09,352.3,ASK
262,1712604060.84156,18913933.81635243,347.5,-0.0,352.3,ASK
263,1712604081.17915,18913951.06268758,347.9,2.4937319911285467e-09,352.3,BID
264,1712604090.8318837,18913951.06268758,347.9,0.0,352.3,BID
265,1712604099.388966,18914281.06268758,347.5,-4.771627340081896e-08,352.3,ASK
266,1712604106.2093363,18919842.79793899,348.0,-8.041978176949631e-07,352.3,ASK
267,1712604106.252285,18921991.06884238,348.0,-3.1062873262174805e-07,352.3,ASK
268,1712604106.669167,18922453.33726728,348.0,-6.684159559702222e-08,352.3,ASK
269,1712604106.6890807,18928653.00864906,348.0,-8.964400443884866e-07,352.3,ASK
270,1712604120.5739026,18928653.00864906,348.0,-0.0,352.3,ASK
271,1712604126.8304012,18928670.25498421,347.5,-2.4918864226702887e-09,352.3,ASK
272,1712604146.619655,18928687.5112396,347.7,2.493319776509805e-09,352.3,BID
273,1712604150.557923,18928687.5112396,347.7,0.0,352.3,BID
274,1712604180.789132,18928687.5112396,347.7,0.0,352.3,BID
275,1712604190.8095384,18928704.76749499,347.5,-2.4933154564868823e-09,352.3,ASK
276,1712604210.8297162,18928704.76749499,347.5,-0.0,352.3,ASK
277,1712604212.5293765,18928722.02375038,347.7,2.4933132956743634e-09,352.3,BID
278,1712604238.8995645,18929262.02375038,347.5,-7.802325298107015e-08,352.3,ASK
279,1712604239.651905,18929538.02375038,347.5,-3.9878551523658084e-08,352.3,ASK
280,1712604240.532504,18929538.02375038,347.5,-0.0,352.3,ASK
281,1712604256.1796553,18929555.28000577,347.5,-2.493208985828482e-09,352.3,ASK
282,1712604266.7595966,18929881.71706418,347.6,-4.7164103036385823e-08,352.3,ASK
283,1712604267.8863337,18930325.83867629,347.6,-6.416733926096669e-08,352.3,ASK
284,1712604267.8896174,18930830.00507297,347.6,-7.28426974453684e-08,352.3,ASK
285,1712604268.1678336,18931202.33933847,347.6,-5.3795398560708263e-08,352.3,ASK
286,1712604270.568199,18931202.33933847,347.6,-0.0,352.3,ASK
287,1712604278.7595682,18931219.59559386,347.7,2.493000608827477e-09,352.3,BID
288,1712604300.8196645,18931219.59559386,347.7,0.0,352.3,BID
289,1712604323.102684,18931236.85184925,347.6,-2.493038066804085e-09,352.3,ASK
290,1712604330.7896247,18931236.85184925,347.6,-0.0,352.3,ASK
291,1712604339.959886,18932449.40622663,347.6,-1.7517946579901457e-07,352.3,ASK
292,1712604339.962366,18933573.84479393,347.6,-1.6244924864220214e-07,352.3,ASK
293,1712604340.1000805,18934001.72203119,347.6,-6.181603666528834e-08,352.3,ASK
294,1712604341.011922,18935970.6434643,347.6,-2.8445289653520857e-07,352.3,ASK
295,1712604341.026146,18936474.85572033,347.6,-7.284426604546707e-08,352.3,ASK
296,1712604341.0662415,18940179.59000074,347.6,-5.352282621515206e-07,352.3,ASK
297,1712604343.117355,18940678.04439538,347.6,-7.201241957211704e-08,352.3,ASK
298,1712604343.2559748,18942516.10349959,347.6,-2.655470286440597e-07,352.3,ASK
299,1712604345.1570053,18943893.38686177,347.6,-1.9897809792393293e-07,352.3,ASK
300,1712604347.3796232,18943910.64311716,347.7,2.4930359058507513e-09,352.3,BID
301,1712604351.1567206,18944378.46388816,347.6,-6.758673613525953e-08,352.3,ASK
302,1712604351.1612086,18944749.55167552,347.6,-5.361158358495768e-08,352.3,ASK
303,1712604351.5794609,18945217.37244652,347.6,-6.758673613472132e-08,352.3,ASK
304,1712604352.0666106,18945588.56884433,347.6,-5.3627274692243336e-08,352.3,ASK
305,1712604352.2594874,18946048.72641304,347.6,-6.647962233613838e-08,352.3,ASK
306,1712604360.1457248,18946743.80943432,347.7,1.0041963859527513e-07,352.3,BID
307,1712604360.627767,18946743.80943432,347.7,0.0,352.3,BID
308,1712604363.8204749,18947760.25944651,347.6,-1.467337197402867e-07,352.3,ASK
309,1712604366.7703352,18948224.65477136,347.6,-6.703965037972647e-08,352.3,ASK
310,1712604380.9595644,18948694.93471951,347.6,-6.788914878616103e-08,352.3,ASK
311,1712604380.9794602,18949163.15882769,347.6,-6.759236975868748e-08,352.3,ASK
312,1712604390.5628629,18949163.15882769,347.6,-0.0,352.3,ASK
313,1712604392.1497796,18949591.89175967,347.6,-6.188394979798205e-08,352.3,ASK
314,1712604392.1701057,18949945.0692527,347.6,-5.0978165235097255e-08,352.3,ASK
315,1712604392.5998974,18950898.92904373,347.6,-1.3768154256166573e-07,352.3,ASK
316,1712604392.7797446,18951847.49461332,347.6,-1.3691736675599028e-07,352.3,ASK
317,1712604394.899668,18951864.75086871,347.6,-2.4907935983368638e-09,352.3,ASK
318,1712604402.9070709,18952337.9677088,347.6,-6.830482333176153e-08,352.3,ASK
319,1712604415.681225,18952691.60126743,347.6,-5.104399442327135e-08,352.3,ASK
320,1712604415.74045,18953042.53074465,347.6,-5.0653683285750297e-08,352.3,ASK
321,1712604418.1198645,18953059.78203849,347.8,2.490077440787945e-09,352.3,BID
322,1712604420.5500672,18953059.78203849,347.8,0.0,352.3,BID
323,1712604450.5456972,18953059.78203849,347.8,0.0,352.3,BID
324,1712604462.859996,18953077.03333233,347.6,-2.489590709905136e-09,352.3,ASK
325,1712604480.809873,18953077.03333233,347.6,-0.0,352.3,ASK
326,1712604485.8100245,18953094.27471164,348.0,2.488157758610682e-09,352.3,BID
327,1712604510.8202205,18953094.27471164,348.0,0.0,352.3,BID
328,1712604525.014775,18953196.23817645,347.6,-1.4714656051451734e-08,352.3,ASK
329,1712604525.0187624,18953771.61216954,347.6,-8.3033961477723e-08,352.3,ASK
330,1712604525.0219402,18953772.27471164,347.5,-9.561345427964007e-11,352.3,ASK
331,1712604532.279971,18953789.51609095,347.5,-2.488155604706853e-09,352.3,ASK
332,1712604540.5894592,18953789.51609095,347.5,-0.0,352.3,ASK
333,1712604544.1408317,18956421.51609095,347.5,-3.798186356489061e-07,352.3,ASK
334,1712604552.9547527,18956438.7624261,347.9,2.4887839993029243e-09,352.3,BID
335,1712604569.450283,18957319.42744716,347.5,-1.270870010494035e-07,352.3,ASK
336,1712604570.544628,18957319.42744716,347.5,-0.0,352.3,ASK
337,1712604600.6852417,18957319.42744716,347.5,-0.0,352.3,ASK
338,1712604600.7635117,18957336.67378231,347.5,-2.49016563282254e-09,352.3,ASK
339,1712604621.950752,18957353.91516162,348.0,2.489450068035137e-09,352.3,BID
340,1712604630.5781047,18957353.91516162,348.0,0.0,352.3,BID
341,1712604646.700677,18966286.91516162,348.0,1.289816699091718e-06,352.3,BID
342,1712604646.7055442,18967200.21286551,348.0,1.318690954569809e-07,352.3,BID
343,1712604647.2115717,18967775.51490771,348.0,-8.306662723078767e-08,352.3,ASK
344,1712604649.130381,18968345.17994812,348.0,-8.225271263975566e-08,352.3,ASK
345,1712604649.152538,18968942.14403747,348.0,-8.619436373002436e-08,352.3,ASK
346,1712604650.100788,18969510.04579162,348.0,-8.199811552042568e-08,352.3,ASK
347,1712604650.239993,18969941.9648633,348.0,-6.236386782843112e-08,352.3,ASK
348,1712604650.6200404,18970703.5166673,348.0,-1.0995883063034605e-07,352.3,ASK
349,1712604650.723234,18971474.69626214,348.0,-1.113489666880689e-07,352.3,ASK
350,1712604650.739916,18971852.16058586,348.0,-5.4501263634587867e-08,352.3,ASK
351,1712604651.1201975,18972418.44662463,348.0,-8.176482584404806e-08,352.3,ASK
352,1712604651.124637,18972900.26521604,348.0,-6.956875239407246e-08,352.3,ASK
353,1712604653.7101898,18973822.69238082,348.0,-1.3318727872233722e-07,352.3,ASK
354,1712604653.810078,18974560.74895112,348.0,-1.0656640425903637e-07,352.3,ASK
355,1712604654.190089,18976812.08631941,348.0,-3.250657710635584e-07,352.3,ASK
356,1712604654.530316,18977166.16574987,348.0,-5.112476908243503e-08,352.3,ASK
357,1712604655.4417806,18978072.13956655,348.0,-1.308116151003079e-07,352.3,ASK
358,1712604657.2019982,18980112.13956655,348.0,-2.9455122200236257e-07,352.3,ASK
359,1712604657.770021,18980546.13956655,348.0,-6.26643286024634e-08,352.3,ASK
360,1712604658.0703268,18982362.30957276,348.0,-2.622328895557539e-07,352.3,ASK
361,1712604658.1301644,18983875.61621116,348.0,-2.185030978457365e-07,352.3,ASK
362,1712604660.84227,18983875.61621116,348.0,-0.0,352.3,ASK
363,1712604663.7133825,18984337.98161686,348.0,-6.667110040147525e-08,352.3,ASK
364,1712604664.570717,18985703.27309991,348.0,-1.968691524543282e-07,352.3,ASK
365,1712604664.6901393,18986781.123109,348.0,-1.554213297282985e-07,352.3,ASK
366,1712604668.0903451,18987553.80872923,348.0,-1.1141793899439726e-07,352.3,ASK
367,1712604668.1099658,18988336.69272684,348.0,-1.1288850109472188e-07,352.3,ASK
368,1712604668.7100935,18990419.38131733,348.0,-3.0031472599488457e-07,352.3,ASK
369,1712604668.7302754,18992519.35787004,348.0,-3.0280757569934866e-07,352.3,ASK
370,1712604668.810487,18994070.84465645,348.0,-2.2371771337931785e-07,352.3,ASK
371,1712604668.9563334,18995102.05061813,348.0,-1.486954589567474e-07,352.3,ASK
372,1712604669.1302557,18995119.29199744,348.0,-2.486132649275953e-09,352.3,ASK
373,1712604672.8241756,18995928.29199744,348.0,-1.1665431617541025e-07,352.3,ASK
374,1712604675.2502515,18996705.85089863,348.0,-1.1212064512300525e-07,352.3,ASK
375,1712604684.6564484,18997158.80176093,348.0,-6.531356378569617e-08,352.3,ASK
376,1712604690.8279276,18997158.80176093,348.0,-0.0,352.3,ASK
377,1712604692.3402836,18997176.02828978,348.3,2.482336671421552e-09,352.3,BID
378,1712604712.1382518,19001798.02828978,348.0,-6.660285537254308e-07,352.3,ASK
379,1712604715.9716408,19003370.02828978,348.0,-2.265246400814317e-07,352.3,ASK
380,1712604720.551066,19003370.02828978,348.0,-0.0,352.3,ASK
381,1712604725.6753235,19008248.4330264,348.0,-7.027574948834443e-07,352.3,ASK
382,1712604729.0805926,19009023.4330264,348.0,-1.1164245033758373e-07,352.3,ASK
383,1712604729.4402406,19011068.4330264,348.0,-2.945920141165919e-07,352.3,ASK
384,1712604730.2247353,19013113.4330264,348.0,-2.945920141165919e-07,352.3,ASK
385,1712604734.8404038,19013576.52072009,348.0,-6.67099933482219e-08,352.3,ASK
386,1712604734.9717672,19013944.905181,348.0,-5.3067540492897096e-08,352.3,ASK
387,1712604735.0050037,19014444.89907742,348.0,-7.202650806487936e-08,352.3,ASK
388,1712604735.0193737,19015781.89907742,348.0,-1.926012336791606e-07,352.3,ASK
389,1712604735.0215771,19016509.73565465,348.0,-1.0484833409959753e-07,352.3,ASK
390,1712604735.0275693,19017721.71589989,348.0,-1.745915410830231e-07,352.3,ASK
391,1712604736.140289,19017738.94242874,348.0,-2.481563731586943e-09,352.3,ASK
392,1712604739.0101418,19018048.94242874,348.0,-4.465698013503349e-08,352.3,ASK
393,1712604743.57066,19018731.94242874,348.0,-9.838941107170281e-08,352.3,ASK
394,1712604750.5848198,19018731.94242874,348.0,-0.0,352.3,ASK
395,1712604753.1205385,19018760.63896189,348.3,4.130691532176477e-09,352.3,BID
396,1712604759.9136682,19018777.86549074,348.3,2.479654126932683e-09,352.3,BID
397,1712604759.9965334,19019424.91279073,348.0,-9.313852615162869e-08,352.3,ASK
398,1712604775.9311092,19030224.89844675,348.0,-1.5545922940600312e-06,352.3,ASK
399,1712604775.936025,19042720.57099854,348.0,-1.7986761165077016e-06,352.3,ASK
400,1712604775.9506123,19060034.95554857,348.0,-2.492300421053686e-06,352.3,ASK
401,1712604775.9554412,19061618.74116914,348.0,-2.2797631400642025e-07,352.3,ASK
402,1712604775.9602416,19062274.31764233,348.0,-9.43662487942615e-08,352.3,ASK
403,1712604777.7809331,19062420.7874731,348.0,-2.108344191184013e-08,352.3,ASK
404,1712604780.6123269,19062420.7874731,348.0,-0.0,352.3,ASK
405,1712604781.4942365,19063663.84535475,348.0,-1.7853989504913469e-07,352.3,ASK
406,1712604781.513743,19064586.84340772,348.0,-1.3256983278128493e-07,352.3,ASK
407,1712604781.6304638,19065324.08023379,348.0,-1.0588902375017341e-07,352.3,ASK
408,1712604781.780468,19066473.08023379,348.0,-1.6503039998364706e-07,352.3,ASK
409,1712604782.600118,19066831.08023379,348.0,-5.1419393554521886e-08,352.3,ASK
410,1712604783.540408,19067980.08023379,348.0,-1.6503039998364706e-07,352.3,ASK
411,1712604784.410582,19070727.46023379,348.0,-3.946050655412533e-07,352.3,ASK
412,1712604785.0304916,19072532.46023379,348.0,-2.5925141163662565e-07,352.3,ASK
413,1712604785.2107186,19076765.80074954,348.0,-6.080329665634733e-07,352.3,ASK
414,1712604793.0602624,19077264.6807446,348.0,-7.165392961572087e-08,352.3,ASK
415,1712604793.143499,19077664.80140209,348.0,-5.746916635951315e-08,352.3,ASK
416,1712604793.2202396,19078126.75402889,348.0,-6.635006681865534e-08,352.3,ASK
417,1712604793.8206625,19078230.77036042,348.0,-1.4939823148311833e-08,352.3,ASK
418,1712604794.3807223,19078628.2011022,348.0,-5.708281486655304e-08,352.3,ASK
419,1712604794.390098,19079028.93083341,348.0,-5.755664736889096e-08,352.3,ASK
420,1712604795.5504508,19081657.55152306,348.0,-3.775477143760547e-07,352.3,ASK
421,1712604798.3416152,19081993.55152306,348.0,-4.8259542553964666e-08,352.3,ASK
422,1712604804.4525585,19083581.31152306,348.1,-2.28049319302268e-07,352.3,ASK
423,1712604807.9111,19083581.31301731,348.1,-2.146181523431604e-13,352.3,ASK
424,1712604807.9161322,19083598.53805191,348.0,-2.474024673714514e-09,352.3,ASK
425,1712604809.7834609,19092486.35805191,348.0,-1.2765539508987875e-06,352.3,ASK
426,1712604810.160367,19093010.06616106,348.0,-7.52199814859431e-08,352.3,ASK
427,1712604810.227614,19093968.03799941,348.0,-1.375931032690959e-07,352.3,ASK
428,1712604810.3882167,19094871.45786753,348.0,-1.2975782609996717e-07,352.3,ASK
429,1712604810.5648525,19094871.45786753,348.0,-0.0,352.3,ASK
430,1712604816.3004632,19096132.45786753,348.0,-1.8082361684558054e-07,352.3,ASK
431,1712604816.3403618,19105022.90786753,348.0,-1.274863857561187e-06,352.3,ASK
432,1712604816.4403472,19106171.90786753,348.0,-1.647631528592959e-07,352.3,ASK
433,1712604816.6802454,19106709.90786753,348.0,-7.714758593411766e-08,352.3,ASK
434,1712604818.0110834,19106738.64349971,348.0,-4.1206034443639845e-09,352.3,ASK
435,1712604818.0156476,19108458.84923522,348.0,-2.466723416445726e-07,352.3,ASK
436,1712604829.1704876,19108476.09557037,347.9,2.473072719222149e-09,352.3,BID
437,1712604840.9419086,19108476.09557037,347.9,0.0,352.3,BID
438,1712604870.8204958,19108476.09557037,347.9,0.0,352.3,BID
439,1712604871.2106702,19108493.34190552,347.5,-2.4713948879844352e-09,352.3,ASK
440,1712604884.5403602,19108522.08579744,347.9,4.1189914808637805e-09,352.3,BID
441,1712604892.6108277,19108539.33213259,347.9,2.4713948879844352e-09,352.3,BID
442,1712604899.3207943,19109522.08579744,347.9,1.408283187415962e-07,352.3,BID
443,1712604900.556378,19109522.08579744,347.9,0.0,352.3,BID
444,1712604903.5309358,19111413.08579744,347.9,-2.711270184454625e-07,352.3,ASK
445,1712604930.5499587,19111413.08579744,347.9,-0.0,352.3,ASK
446,1712604942.6041102,19111413.72132488,347.9,-9.111179708731984e-11,352.3,ASK
447,1712604942.6085637,19111430.33213259,347.9,-2.3813929149416404e-09,352.3,ASK
448,1712604960.8171086,19111430.33213259,347.9,-0.0,352.3,ASK
449,1712604960.9106796,19111447.54877534,348.5,2.468245766219722e-09,352.3,BID
450,1712604969.420769,19112274.08911412,348.3,1.1849608086482661e-07,352.3,BID
451,1712604986.2807496,19115329.01178213,347.9,-4.379657549925924e-07,352.3,ASK
452,1712604990.8004775,19115329.01178213,347.9,-0.0,352.3,ASK
453,1712605002.7808154,19115886.65527445,347.9,7.993042255169594e-08,352.3,BID
454,1712605002.783059,19116485.4008056,347.9,8.582182696400158e-08,352.3,BID
455,1712605006.1715324,19116499.8276056,347.6,-2.0678807088364672e-09,352.3,ASK
456,1712605006.175973,19116502.61744835,347.6,-3.9988507478843246e-10,352.3,ASK
457,1712605020.644577,19116502.61744835,347.6,-0.0,352.3,ASK
458,1712605030.7605565,19116519.8340911,348.5,2.467621371545956e-09,352.3,BID
459,1712605050.5818355,19116519.8340911,348.5,0.0,352.3,BID
460,1712605077.100829,19116537.05073385,347.6,-2.467619248943245e-09,352.3,ASK
461,1712605080.7905798,19116537.05073385,347.6,-0.0,352.3,ASK
462,1712605101.471249,19116554.2673766,348.5,2.4676171328922792e-09,352.3,BID
463,1712605110.8276594,19116554.2673766,348.5,0.0,352.3,BID
464,1712605140.541386,19116554.2673766,348.5,0.0,352.3,BID
465,1712605151.2035785,19116571.48401935,347.6,-2.4676150102968603e-09,352.3,ASK
466,1712605170.5510426,19116571.48401935,347.6,-0.0,352.3,ASK
467,1712605177.1510923,19116588.7006621,348.5,2.4676128937192284e-09,352.3,BID
468,1712605200.6067324,19116588.7006621,348.5,0.0,352.3,BID
469,1712605224.660925,19116605.91730485,347.6,-2.467931855132955e-09,352.3,ASK
470,1712605230.5507884,19116605.91730485,347.6,-0.0,352.3,ASK
471,1712605248.7314253,19116606.74687489,347.6,-1.1891520322513604e-10,352.3,ASK
472,1712605248.7358005,19116659.93631954,347.6,-7.624472092999613e-09,352.3,ASK
473,1712605251.7408843,19116677.15296229,348.5,2.4679297374777434e-09,352.3,BID
474,1712605260.8331854,19116677.15296229,348.5,0.0,352.3,BID
475,1712605290.8018465,19116677.15296229,348.5,0.0,352.3,BID
476,1712605299.4110055,19116694.36960504,347.6,-2.467920972224678e-09,352.3,ASK
477,1712605306.2914026,19116869.93140279,347.6,-2.516591933303396e-08,352.3,ASK
478,1712605320.5515988,19116869.93140279,347.6,-0.0,352.3,ASK
479,1712605324.8879616,19116887.14804554,348.5,2.4678972667809917e-09,352.3,BID
480,1712605345.931965,19119188.22145662,348.5,3.298443758637367e-07,352.3,BID
481,1712605345.9348755,19119756.58850465,348.5,8.147183541203179e-08,352.3,BID
482,1712605347.1313634,19123311.35509357,348.5,5.095533941754544e-07,352.3,BID
483,1712605347.231074,19126557.74417179,348.5,-4.653494209096187e-07,352.3,ASK
484,1712605347.2649891,19129541.16351333,347.6,-4.276543659626864e-07,352.3,ASK
485,1712605347.2713544,19129811.74417179,347.6,-3.878603263215173e-08,352.3,ASK
486,1712605350.567393,19129811.74417179,347.6,-0.0,352.3,ASK
487,1712605369.801121,19129828.96081454,347.7,-2.46630380743539e-09,352.3,ASK
488,1712605380.800992,19129828.96081454,347.7,-0.0,352.3,ASK
489,1712605395.781042,19129846.19724085,348.1,2.469135708274268e-09,352.3,BID
490,1712605410.8412666,19129846.19724085,348.1,0.0,352.3,BID
491,1712605439.5212889,19129863.43366716,347.7,-2.4691335855051396e-09,352.3,ASK
492,1712605440.5619426,19129863.43366716,347.7,-0.0,352.3,ASK
493,1712605467.6857722,19129880.67009347,348.1,2.469131465711955e-09,352.3,BID
494,1712605470.5691974,19129880.67009347,348.1,0.0,352.3,BID
495,1712605500.5638528,19129880.67009347,348.1,0.0,352.3,BID
496,1712605518.3273835,19129897.90651978,347.7,-2.47047902338809e-09,352.3,ASK
497,1712605530.5948217,19129897.90651978,347.7,-0.0,352.3,ASK
498,1712605543.0122612,19129915.14294609,348.1,2.470476900750173e-09,352.3,BID
499,1712605560.801344,19129915.14294609,348.1,0.0,352.3,BID
500,1712605590.8412995,19129915.14294609,348.1,0.0,352.3,BID
501,1712605592.9615388,19129932.3793724,347.7,-2.470474776208546e-09,352.3,ASK
502,1712605609.4413562,19130651.39001376,348.0,1.0305486888600488e-07,352.3,BID
503,1712605609.4513066,19130901.39001376,348.0,3.583217791141342e-08,352.3,BID
504,1712605615.1713226,19130918.62644007,348.1,2.470474776208546e-09,352.3,BID
505,1712605620.548301,19130918.62644007,348.1,0.0,352.3,BID
506,1712605628.5017984,19133135.84172383,348.1,3.177747049143457e-07,352.3,BID
507,1712605628.5066872,19134354.96203661,348.1,1.7472619843753257e-07,352.3,BID
508,1712605628.5212276,19135244.71113294,348.1,1.2752020906820196e-07,352.3,BID
509,1712605639.4928083,19136063.561668,348.2,1.1735891821333889e-07,352.3,BID
510,1712605639.4950418,19137703.39198354,348.2,2.3502300315473657e-07,352.3,BID
511,1712605650.5657463,19137703.39198354,348.2,0.0,352.3,BID
512,1712605665.0621066,19137720.62840985,347.8,-2.469515129764544e-09,352.3,ASK
513,1712605680.816022,19137720.62840985,347.8,-0.0,352.3,ASK
514,1712605686.9715629,19137737.83517784,348.7,2.465263774084442e-09,352.3,BID
515,1712605710.814649,19137737.83517784,348.7,0.0,352.3,BID
516,1712605733.3522527,19137755.04194583,347.8,-2.4652616553868627e-09,352.3,ASK
517,1712605740.5869925,19137755.04194583,347.8,-0.0,352.3,ASK
518,1712605754.3720343,19137767.09547746,348.7,1.726941624418449e-09,352.3,BID
519,1712605754.3785102,19137772.24871382,348.7,7.38317917210498e-10,352.3,BID
520,1712605770.551267,19137772.24871382,348.7,0.0,352.3,BID
521,1712605797.0018055,19137789.45548181,348.1,-2.465257421871181e-09,352.3,ASK
522,1712605800.597854,19137789.45548181,348.1,-0.0,352.3,ASK
523,1712605818.2963877,19137806.6622498,348.7,2.47135750327957e-09,352.3,BID
524,1712605830.583279,19137806.6622498,348.7,0.0,352.3,BID
525,1712605860.8016517,19137806.6622498,348.7,0.0,352.3,BID
526,1712605864.4443667,19137823.86901779,348.3,-2.4713553735585276e-09,352.3,ASK
527,1712605882.7123263,19137841.07085265,348.8,2.4706468426748084e-09,352.3,BID
528,1712605890.818081,19137841.07085265,348.8,0.0,352.3,BID
529,1712605920.5742786,19137841.07085265,348.8,0.0,352.3,BID
530,1712605930.9361897,19137858.27268751,348.3,-2.4706425874422837e-09,352.3,ASK
531,1712605936.7725213,19138277.63617184,348.8,6.023178878101577e-08,352.3,BID
532,1712605936.7785058,19140719.51408659,348.8,3.507188400654604e-07,352.3,BID
533,1712605950.614828,19140719.51408659,348.8,0.0,352.3,BID
534,1712605950.6854136,19140736.71592145,348.8,2.4702863718901647e-09,352.3,BID
535,1712605978.801969,19140861.71592145,348.2,-1.7950747636983472e-08,352.3,ASK
536,1712605980.7948935,19140861.71592145,348.2,-0.0,352.3,ASK
537,1712605997.0423558,19140878.91775631,348.2,-2.470268803125466e-09,352.3,ASK
538,1712606010.8121593,19140878.91775631,348.2,-0.0,352.3,ASK
539,1712606017.4620252,19140896.11959117,348.8,2.470266677796549e-09,352.3,BID
540,1712606040.570495,19140896.11959117,348.8,0.0,352.3,BID
541,1712606059.9303546,19140913.32142603,348.4,-2.470264549879902e-09,352.3,ASK
542,1712606070.5385213,19140913.32142603,348.4,-0.0,352.3,ASK
543,1712606081.4120388,19140930.52326089,348.8,2.4702624238728316e-09,352.3,BID
544,1712606100.5759363,19140930.52326089,348.8,0.0,352.3,BID
545,1712606119.7521572,19141213.67549712,348.8,4.07300407848153e-08,352.3,BID
546,1712606122.3821435,19141230.87733198,348.5,-2.474398383025079e-09,352.3,ASK
547,1712606130.5855348,19141230.87733198,348.5,-0.0,352.3,ASK
548,1712606160.819021,19141230.87733198,348.5,-0.0,352.3,ASK
549,1712606176.7922957,19141248.07916684,348.8,2.4743610969616834e-09,352.3,BID
550,1712606190.7820106,19141248.07916684,348.8,0.0,352.3,BID
551,1712606205.212438,19141281.45116684,348.7,4.800319728794629e-09,352.3,BID
552,1712606209.832347,19141851.14197154,348.7,-8.194588305506001e-08,352.3,ASK
553,1712606214.5124617,19142152.43640961,348.7,4.333901580225892e-08,352.3,BID
554,1712606220.5736473,19142152.43640961,348.7,0.0,352.3,BID
555,1712606221.742206,19142169.63824447,348.5,-2.4742467273102116e-09,352.3,ASK
556,1712606229.2207663,19142312.98686832,348.7,2.061872273294341e-08,352.3,BID
557,1712606241.4321804,19142330.18870318,348.8,2.4742467278460435e-09,352.3,BID
558,1712606250.5529492,19142330.18870318,348.8,0.0,352.3,BID
559,1712606280.8426273,19142330.18870318,348.8,0.0,352.3,BID
560,1712606287.372207,19142347.39053804,348.5,-2.474224670032012e-09,352.3,ASK
561,1712606292.135337,19143016.22812313,348.5,-9.620220555672956e-08,352.3,ASK
562,1712606292.138299,19143222.65014148,348.5,-2.9690696043063287e-08,352.3,ASK
563,1712606295.6702185,19143988.53278594,348.5,-1.1016067463516605e-07,352.3,ASK
564,1712606295.6739955,19144012.21525367,348.5,-3.406366028671145e-09,352.3,ASK
565,1712606298.35536,19144676.46522901,348.5,-9.55423470410676e-08,352.3,ASK
566,1712606298.412331,19145140.12640115,348.5,-6.669067107684163e-08,352.3,ASK
567,1712606299.0006194,19145655.87945607,348.5,-7.418330325958444e-08,352.3,ASK
568,1712606301.382465,19145986.29275052,348.5,-4.752497225036515e-08,352.3,ASK
569,1712606301.6023242,19146320.33746041,348.5,-4.804729662711485e-08,352.3,ASK
570,1712606301.622692,19146904.03924218,348.5,-8.395670345907875e-08,352.3,ASK
571,1712606301.6287007,19146914.84524543,348.5,-1.5542806939955343e-09,352.3,ASK
572,1712606301.7022836,19147242.30138088,348.5,-4.709962950034767e-08,352.3,ASK
573,1712606305.6823573,19147259.50814887,348.7,2.474934226427317e-09,352.3,BID
574,1712606306.4272788,19148355.96623972,348.5,-1.5770896999808824e-07,352.3,ASK
575,1712606310.8524172,19148355.96623972,348.5,-0.0,352.3,ASK
576,1712606340.5421612,19148355.96623972,348.5,-0.0,352.3,ASK
577,1712606355.3422384,19148373.17300771,348.4,-2.474186894650244e-09,352.3,ASK
578,1712606370.55995,19148373.17300771,348.4,-0.0,352.3,ASK
579,1712606376.382439,19148390.38965046,348.5,2.475604666789351e-09,352.3,BID
580,1712606381.322662,19148673.38965046,348.5,-4.0692958025152834e-08,352.3,ASK
581,1712606400.7730627,19148673.38965046,348.5,-0.0,352.3,ASK
582,1712606419.8328736,19148673.50203974,348.5,-1.6161911601375314e-11,352.3,ASK
583,1712606419.840921,19148690.60629321,348.4,-2.459642317487001e-09,352.3,ASK
584,1712606430.568575,19148690.60629321,348.4,-0.0,352.3,ASK
585,1712606440.9728982,19148707.80319776,348.9,2.472963684732452e-09,352.3,BID
586,1712606460.826221,19148707.80319776,348.9,0.0,352.3,BID
587,1712606476.6824896,19149119.35246714,348.1,-5.9181901980667984e-08,352.3,ASK
588,1712606490.8024058,19149119.35246714,348.1,-0.0,352.3,ASK
589,1712606516.4434683,19149136.54937169,348.3,-2.47291060604348e-09,352.3,ASK
590,1712606520.5911558,19149136.54937169,348.3,-0.0,352.3,ASK
591,1712606537.2625787,19149153.74627624,348.9,2.4729084760908993e-09,352.3,BID
592,1712606550.6018205,19149153.74627624,348.9,0.0,352.3,BID
593,1712606580.1477666,19149170.94318079,348.3,-2.472906341937134e-09,352.3,ASK
594,1712606580.566187,19149170.94318079,348.3,-0.0,352.3,ASK
595,1712606602.062551,19149188.14008534,348.9,2.4729042125275926e-09,352.3,BID
596,1712606610.5640545,19149188.14008534,348.9,0.0,352.3,BID
597,1712606628.981918,19149288.14008534,348.9,1.4379925593870213e-08,352.3,BID
598,1712606640.8415706,19149288.14008534,348.9,0.0,352.3,BID
599,1712606644.5816038,19149305.33698989,348.0,-2.472889672043525e-09,352.3,ASK
600,1712606667.181074,19149322.53389444,348.9,2.472889671507834e-09,352.3,BID
601,1712606670.796491,19149322.53389444,348.9,0.0,352.3,BID
602,1712606700.5670109,19149322.53389444,348.9,0.0,352.3,BID
603,1712606711.0497687,19149339.73079899,348.1,-2.473231329881269e-09,352.3,ASK
604,1712606730.554833,19149339.73079899,348.1,-0.0,352.3,ASK
605,1712606733.8490424,19149356.94250294,348.6,2.4753576244555742e-09,352.3,BID
606,1712606754.388765,19149672.74143421,348.6,4.5417658509998736e-08,352.3,BID
607,1712606754.3982427,19155194.90498728,348.6,7.941880533934138e-07,352.3,BID
608,1712606754.5386295,19155659.44895732,348.6,-6.680991385656568e-08,352.3,ASK
609,1712606754.7184772,19156123.44895732,348.1,-6.673168102195366e-08,352.3,ASK
610,1712606760.8465357,19156123.44895732,348.1,-0.0,352.3,ASK
611,1712606774.5081642,19156140.66066127,348.1,-2.4745161189883035e-09,352.3,ASK
612,1712606790.810136,19156140.66066127,348.1,-0.0,352.3,ASK
613,1712606798.457464,19156157.86742926,348.7,2.47380434852423e-09,352.3,BID
614,1712606820.532522,19156157.86742926,348.7,0.0,352.3,BID
615,1712606843.486462,19156175.07419725,348.2,-2.473802214583907e-09,352.3,ASK
616,1712606850.5532558,19156175.07419725,348.2,-0.0,352.3,ASK
617,1712606863.8462648,19156192.28096524,348.7,2.4738000831715277e-09,352.3,BID
618,1712606880.8035612,19156192.28096524,348.7,0.0,352.3,BID
619,1712606908.9051895,19156209.48773323,348.2,-2.4737979497741438e-09,352.3,ASK
620,1712606910.8329282,19156209.48773323,348.2,-0.0,352.3,ASK
621,1712606931.0950212,19156226.68956809,348.8,2.473086588887492e-09,352.3,BID
622,1712606940.6205986,19156226.68956809,348.8,0.0,352.3,BID
623,1712606970.676022,19156226.68956809,348.8,0.0,352.3,BID
624,1712606971.0240328,19156233.09817094,348.1,-9.213561352514611e-10,352.3,ASK
625,1712606971.0301044,19156243.89140295,348.2,-1.551728319786632e-09,352.3,ASK
626,1712606995.2936797,19156261.09323781,348.8,2.473084455573674e-09,352.3,BID
627,1712607000.6770923,19156261.09323781,348.8,0.0,352.3,BID
628,1712607030.5476775,19156261.09323781,348.8,0.0,352.3,BID
629,1712607042.5729814,19156278.29507267,348.1,-2.4731458008232583e-09,352.3,ASK
630,1712607060.8023105,19156278.29507267,348.1,-0.0,352.3,ASK
631,1712607062.522668,19156295.49690753,348.8,2.4731436711532006e-09,352.3,BID
632,1712607090.811951,19156295.49690753,348.8,0.0,352.3,BID
633,1712607107.7818506,19156312.69874239,348.3,-2.473141538276494e-09,352.3,ASK
634,1712607114.5119689,19159226.96368858,348.3,-4.189895874552272e-07,352.3,ASK
635,1712607114.518793,19164771.49711509,348.3,-7.971484459723211e-07,352.3,ASK
636,1712607114.6516314,19166895.57275629,348.3,3.0538252117191453e-07,352.3,BID
637,1712607120.545092,19166895.57275629,348.3,0.0,352.3,BID
638,1712607127.6215315,19166912.79928514,348.3,2.4753778934805003e-09,352.3,BID
639,1712607150.5619042,19166912.79928514,348.3,0.0,352.3,BID
640,1712607155.4613109,19169783.88742754,348.3,4.125626266642335e-07,352.3,BID
641,1712607170.461341,19169801.11395639,348.1,-2.4753757598108903e-09,352.3,ASK
642,1712607180.813614,19169801.11395639,348.1,-0.0,352.3,ASK
643,1712607190.0206892,19171233.77871283,348.1,-2.058378132306334e-07,352.3,ASK
644,1712607193.0307157,19171251.00524168,348.3,2.4750179775049107e-09,352.3,BID
645,1712607209.510734,19178338.50595945,348.3,1.0182952030186717e-06,352.3,BID
646,1712607210.2148316,19178769.06874294,348.3,6.18610190647365e-08,352.3,BID
647,1712607210.7941878,19178769.06874294,348.3,0.0,352.3,BID
648,1712607239.1400585,19178786.29527179,348.1,-2.473907854927088e-09,352.3,ASK
649,1712607240.533112,19178786.29527179,348.1,-0.0,352.3,ASK
650,1712607250.0802274,19182262.72443624,348.1,-4.992507825561649e-07,352.3,ASK
651,1712607259.9399428,19182279.95096509,348.3,2.4739057244803156e-09,352.3,BID
652,1712607265.7001595,19183682.50523329,348.1,-2.014211372800177e-07,352.3,ASK
653,1712607265.707029,19187114.95096509,348.1,-4.929343117955891e-07,352.3,ASK
654,1712607266.2996552,19189734.95096509,348.1,-3.762587955694085e-07,352.3,ASK
655,1712607270.5853004,19189734.95096509,348.1,-0.0,352.3,ASK
656,1712607292.98975,19190445.27661645,348.1,-1.019542254831836e-07,352.3,ASK
657,1712607292.9960155,19191239.21141003,348.1,-1.1395478511692472e-07,352.3,ASK
658,1712607300.5853243,19191239.21141003,348.1,-0.0,352.3,ASK
659,1712607303.9398654,19194107.21141003,348.1,-4.119341311617096e-07,352.3,ASK
660,1712607306.529514,19194124.43793888,348.1,-2.4742661068798592e-09,352.3,ASK
661,1712607326.4191618,19194141.65952326,348.4,2.4735559270113904e-09,352.3,BID
662,1712607330.5389612,19194141.65952326,348.4,0.0,352.3,BID
663,1712607330.7190006,19194373.65952326,348.1,-3.3317591270101694e-08,352.3,ASK
664,1712607345.269241,19194623.65952326,348.1,-3.590257679967854e-08,352.3,ASK
665,1712607346.09996,19195097.50906576,348.1,-6.804967836419247e-08,352.3,ASK
666,1712607351.4188824,19195357.50906576,348.1,-3.7338679871665686e-08,352.3,ASK
667,1712607360.8319232,19195357.50906576,348.1,-0.0,352.3,ASK
668,1712607366.029131,19200919.24431717,348.1,-7.986739636288792e-07,352.3,ASK
669,1712607366.0485785,19204651.67767027,348.1,-5.35983322712868e-07,352.3,ASK
670,1712607367.8189335,19204889.40375609,348.2,-3.4137841273744005e-08,352.3,ASK
671,1712607368.5792506,19204906.62534047,348.0,-2.473046708397562e-09,352.3,ASK
672,1712607390.816039,19204906.62534047,348.0,-0.0,352.3,ASK
673,1712607391.4886518,19204923.83704442,348.6,2.470448615501825e-09,352.3,BID
674,1712607420.5456684,19204923.83704442,348.6,0.0,352.3,BID
675,1712607433.7981436,19204941.04874837,348.0,-2.4704464874225922e-09,352.3,ASK
676,1712607440.14782,19205206.66533841,348.0,-3.812473034727368e-08,352.3,ASK
677,1712607450.5391138,19205206.66533841,348.0,-0.0,352.3,ASK
678,1712607455.868251,19205223.87704236,348.6,2.4704115881525382e-09,352.3,BID
679,1712607480.8142116,19205223.87704236,348.6,0.0,352.3,BID
680,1712607500.0475888,19205241.08874631,348.0,-2.4704094601370883e-09,352.3,ASK
681,1712607510.610629,19205298.56001067,348.0,-8.248895959988266e-09,352.3,ASK
682,1712607510.6150782,19206100.68760017,348.0,-1.151300063747889e-07,352.3,ASK
683,1712607510.7871263,19206100.68760017,348.0,-0.0,352.3,ASK
684,1712607521.2706656,19206117.89930412,348.6,2.4703012724429395e-09,352.3,BID
685,1712607540.5652745,19206117.89930412,348.6,0.0,352.3,BID
686,1712607563.509875,19206135.11100807,348.0,-2.470299144617514e-09,352.3,ASK
687,1712607570.5980778,19206135.11100807,348.0,-0.0,352.3,ASK
688,1712607585.1469438,19206152.32765082,348.5,2.47100585857624e-09,352.3,BID
689,1712607600.5892744,19206152.32765082,348.5,0.0,352.3,BID
690,1712607605.7568448,19207044.32765082,348.0,-1.28102125774151e-07,352.3,ASK
691,1712607606.0015397,19212230.32765082,348.0,-7.447731213730347e-07,352.3,ASK
692,1712607608.9196684,19212282.02110661,348.4,7.4238134251272515e-09,352.3,BID
693,1712607614.6313496,19214210.62449077,348.0,-2.7697106870687375e-07,352.3,ASK
694,1712607614.6342762,19214785.33713444,348.0,-8.253577507080725e-08,352.3,ASK
695,1712607628.7465744,19214802.55377719,347.7,-2.472520779442208e-09,352.3,ASK
696,1712607630.5089726,19214802.55377719,347.7,-0.0,352.3,ASK
697,1712607650.576686,19214819.7951565,348.0,2.475003270703351e-09,352.3,BID
698,1712607650.797781,19216237.2987433,347.7,-2.034829087971519e-07,352.3,ASK
699,1712607650.8051972,19219562.62773177,347.5,-4.773516071373346e-07,352.3,ASK
700,1712607650.810089,19219821.33745559,347.6,-3.713782993360124e-08,352.3,ASK
701,1712607650.8134491,19219835.83745559,347.5,-2.0814777507700756e-09,352.3,ASK
702,1712607658.1764245,19220736.51443448,347.5,-1.2929235118551985e-07,352.3,ASK
703,1712607658.1860428,19221089.84803036,347.5,-5.072110471879354e-08,352.3,ASK
704,1712607660.5892007,19221089.84803036,347.5,-0.0,352.3,ASK
705,1712607690.5728853,19221089.84803036,347.5,-0.0,352.3,ASK
706,1712607694.67629,19221107.08940967,347.5,-2.474227157911956e-09,352.3,ASK
707,1712607716.0365334,19221124.33078898,348.0,2.474227157377357e-09,352.3,BID
708,1712607719.845711,19221181.88474581,348.0,8.259290654480874e-09,352.3,BID
709,1712607720.8108509,19221181.88474581,348.0,0.0,352.3,BID
710,1712607741.1658251,19221309.59738948,348.0,1.832734108138781e-08,352.3,BID
711,1712607746.5661027,19221336.36319407,348.0,3.841013826006872e-09,352.3,BID
712,1712607750.8057454,19221336.36319407,348.0,0.0,352.3,BID
713,1712607760.2564533,19221353.60457338,347.5,-2.4741967008050103e-09,352.3,ASK
714,1712607780.550157,19221353.60457338,347.5,-0.0,352.3,ASK
715,1712607782.9454334,19221370.84595269,348.0,2.4741945735337023e-09,352.3,BID
716,1712607793.2358818,19222784.29787136,348.0,2.028349939036403e-07,352.3,BID
717,1712607793.243393,19222801.50463935,348.0,2.4692277356557207e-09,352.3,BID
718,1712607793.3358145,19224935.32138032,348.0,-3.06209712498676e-07,352.3,ASK
719,1712607793.3423476,19225074.05444606,348.0,-1.990865070950308e-08,352.3,ASK
720,1712607793.3555534,19241136.62111108,348.0,-2.305031086337912e-06,352.3,ASK
721,1712607810.5848336,19241136.62111108,348.0,-0.0,352.3,ASK
722,1712607824.3362844,19241153.86249039,347.5,-2.471752613208629e-09,352.3,ASK
723,1712607833.615466,19243913.94151753,347.5,-3.956894878041897e-07,352.3,ASK
724,1712607833.622311,19256191.45647535,347.5,-1.760124821572785e-06,352.3,ASK
725,1712607840.77489,19256191.45647535,347.5,-0.0,352.3,ASK
726,1712607847.1353006,19256208.7028105,347.9,2.4706101220466514e-09,352.3,BID
727,1712607870.78488,19256208.7028105,347.9,0.0,352.3,BID
728,1712607889.9850118,19256225.94914565,347.5,-2.470607998496665e-09,352.3,ASK
729,1712607900.5744786,19256225.94914565,347.5,-0.0,352.3,ASK
730,1712607908.3582857,19256799.86837227,347.5,-8.224328506490373e-08,352.3,ASK
731,1712607908.3850882,19257149.76781289,347.5,-5.0140992153944694e-08,352.3,ASK
732,1712607909.8754902,19257167.0091922,348.0,2.470709479117839e-09,352.3,BID
733,1712607919.1646264,19257399.35114622,348.0,3.3294869157366184e-08,352.3,BID
734,1712607922.1149552,19257527.06378989,348.0,1.8301368681158586e-08,352.3,BID
735,1712607929.824787,19257911.73639611,348.0,5.512402676680269e-08,352.3,BID
736,1712607930.599544,19257911.73639611,348.0,0.0,352.3,BID
737,1712607938.8862066,19259160.73639611,347.5,-1.789681024178884e-07,352.3,ASK
738,1712607950.8852408,19259177.97777542,347.5,-2.4705019520244397e-09,352.3,ASK
739,1712607952.27607,19259269.52196843,347.5,-1.3117286237402498e-08,352.3,ASK
740,1712607952.280868,19259898.97777542,347.5,-9.019416439774362e-08,352.3,ASK
741,1712607953.3544333,19260275.18094785,347.5,-5.390581896994208e-08,352.3,ASK
742,1712607958.3145485,19260613.76380304,347.5,-4.851523707294786e-08,352.3,ASK
743,1712607960.7741826,19260613.76380304,347.5,-0.0,352.3,ASK
744,1712607973.604446,19260631.00518235,348.0,2.4701696105608116e-09,352.3,BID
745,1712607990.805798,19260631.00518235,348.0,0.0,352.3,BID
746,1712608019.7145398,19260648.24656166,347.5,-2.4701674876915674e-09,352.3,ASK
747,1712608020.56418,19260648.24656166,347.5,-0.0,352.3,ASK
748,1712608039.8342474,19260665.48794097,348.0,2.470165366809388e-09,352.3,BID
749,1712608043.9458218,19261105.48794097,347.5,-6.303862016426335e-08,352.3,ASK
750,1712608048.764075,19261107.35919284,347.4,-2.6809349059372423e-10,352.3,ASK
751,1712608048.7713404,19261939.48794097,347.5,-1.192187456389418e-07,352.3,ASK
752,1712608050.5663984,19261939.48794097,347.5,-0.0,352.3,ASK
753,1712608080.832505,19261939.48794097,347.5,-0.0,352.3,ASK
754,1712608083.8738053,19261956.72932028,347.4,-2.4700065770325982e-09,352.3,ASK
755,1712608091.6443062,19262256.72932028,347.4,-4.29781144426087e-08,352.3,ASK
756,1712608105.6939497,19262273.97069959,348.0,2.4700065770325982e-09,352.3,BID
757,1712608110.3538263,19266262.41549795,347.4,-5.713861233066945e-07,352.3,ASK
758,1712608110.8040006,19266262.41549795,347.4,-0.0,352.3,ASK
759,1712608131.0444336,19275220.67890381,347.4,-1.2830881793084649e-06,352.3,ASK
760,1712608131.0524795,19275508.61440626,347.3,-4.124087703832871e-08,352.3,ASK
761,1712608131.0606694,19276560.24221282,347.4,-1.506241942769429e-07,352.3,ASK
762,1712608131.064253,19276848.260646,347.2,-4.125275517061788e-08,352.3,ASK
763,1712608131.0677817,19276865.903746,347.3,-2.527013555186151e-09,352.3,ASK
764,1712608131.0713394,19276968.43863634,347.2,-1.4686027838199542e-08,352.3,ASK
765,1712608131.0753877,19277375.48181423,347.4,-5.83006176932858e-08,352.3,ASK
766,1712608131.0790591,19277390.48181423,347.3,-2.1484434892859067e-09,352.3,ASK
767,1712608131.082731,19278825.20204378,347.1,-2.0549435574120305e-07,352.3,ASK
768,1712608131.0865104,19278841.19686094,347.3,-2.290930719324718e-09,352.3,ASK
769,1712608131.0902746,19279857.95727934,347.1,-1.4563015340503044e-07,352.3,ASK
770,1712608131.0940406,19279888.9567033,347.2,-4.440034038863876e-09,352.3,ASK
771,1712608131.0978093,19280177.058115,347.1,-4.1264640148098526e-08,352.3,ASK
772,1712608131.1015675,19288524.13184771,347.2,-1.195547747708344e-06,352.3,ASK
773,1712608131.1053238,19296262.41549795,347.1,-1.1083510084406371e-06,352.3,ASK
774,1712608140.6101828,19296262.41549795,347.1,-0.0,352.3,ASK
775,1712608150.3134024,19296279.65687726,347.1,-2.4657962272757756e-09,352.3,ASK
776,1712608170.562026,19296279.65687726,347.1,-0.0,352.3,ASK
777,1712608171.9634552,19297185.16186385,347.1,-1.29501754392125e-07,352.3,ASK
778,1712608200.900219,19297185.16186385,347.1,-0.0,352.3,ASK
779,1712608204.4833128,19297202.40324316,348.0,2.465691745090693e-09,352.3,BID
780,1712608226.4631312,19298064.47220867,348.0,1.2328458723322448e-07,352.3,BID
781,1712608230.80317,19298064.47220867,348.0,0.0,352.3,BID
782,1712608260.570412,19298064.47220867,348.0,0.0,352.3,BID
783,1712608280.7928803,19298081.71358798,347.2,-2.4655838479038016e-09,352.3,ASK
784,1712608290.5785923,19298081.71358798,347.2,-0.0,352.3,ASK
785,1712608296.242647,19300938.03542706,347.2,-4.084647078240241e-07,352.3,ASK
786,1712608296.3227992,19301496.83956574,347.2,7.99110821874239e-08,352.3,BID
787,1712608296.3295865,19308081.71358798,347.2,9.41661617662798e-07,352.3,BID
788,1712608299.6525764,19308098.95992313,347.9,2.4662904408087403e-09,352.3,BID
789,1712608320.7951336,19308098.95992313,347.9,0.0,352.3,BID
790,1712608340.9526114,19308127.70381505,347.9,4.108440666051016e-09,352.3,BID
791,1712608344.1106548,19308144.9501502,347.1,-2.4650643990981443e-09,352.3,ASK
792,1712608350.8215225,19308144.9501502,347.1,-0.0,352.3,ASK
793,1712608365.942847,19308162.19648535,347.9,2.465058767093691e-09,352.3,BID
794,1712608380.5561771,19308162.19648535,347.9,0.0,352.3,BID
795,1712608410.573099,19308162.19648535,347.9,0.0,352.3,BID
796,1712608414.1224582,19308179.4428205,347.1,-2.4650566525435675e-09,352.3,ASK
797,1712608433.3123882,19308196.69907589,347.7,2.4664745742084583e-09,352.3,BID
798,1712608440.5966525,19308196.69907589,347.7,0.0,352.3,BID
799,1712608470.5768209,19308196.69907589,347.7,0.0,352.3,BID
800,1712608479.7721286,19308213.95533128,347.2,-2.4664703491484678e-09,352.3,ASK
801,1712608500.6293705,19308213.95533128,347.2,-0.0,352.3,ASK
802,1712608502.1721833,19308231.21158667,347.7,2.466509056380048e-09,352.3,BID
803,1712608530.5725825,19308231.21158667,347.7,0.0,352.3,BID
804,1712608547.3920262,19308248.46784206,347.2,-2.466506941623343e-09,352.3,ASK
805,1712608560.7960382,19308248.46784206,347.2,-0.0,352.3,ASK
806,1712608570.4818828,19308265.72409745,347.7,2.4665048288471475e-09,352.3,BID
807,1712608590.791501,19308265.72409745,347.7,0.0,352.3,BID
808,1712608600.6120238,19308588.16855551,347.3,-4.608822209017932e-08,352.3,ASK
809,1712608600.6204636,19308588.72409745,347.2,-7.940573848507074e-11,352.3,ASK
810,1712608612.7717605,19308605.98035284,347.2,-2.4665027140976927e-09,352.3,ASK
811,1712608620.5331964,19308605.98035284,347.2,-0.0,352.3,ASK
812,1712608637.6516857,19308623.23660823,347.7,2.466461054103362e-09,352.3,BID
813,1712608642.492091,19316156.03660823,347.7,1.0766737864225117e-06,352.3,BID
814,1712608642.6202974,19324791.03660823,347.7,-1.2342127954754497e-06,352.3,ASK
815,1712608642.6242807,19330146.43650418,347.7,-7.654549017337352e-07,352.3,ASK
816,1712608642.6317997,19331373.43650418,347.7,-1.7537685003455437e-07,352.3,ASK
817,1712608642.6368177,19337354.9162099,347.7,-8.549413768005977e-07,352.3,ASK
818,1712608642.7115552,19337822.63666787,347.3,-6.685194834204563e-08,352.3,ASK
819,1712608642.7323115,19341115.87340067,347.3,4.707069964274443e-07,352.3,BID
820,1712608642.7389586,19341453.6358622,347.3,4.827686761481927e-08,352.3,BID
821,1712608642.7445428,19342087.89472156,347.4,9.065551822399605e-08,352.3,BID
822,1712608642.7483928,19342483.98077093,347.4,5.6613140734493566e-08,352.3,BID
823,1712608642.7522984,19344968.13056519,347.4,3.550630529184885e-07,352.3,BID
824,1712608650.5347798,19344968.13056519,347.4,0.0,352.3,BID
825,1712608680.826934,19344968.13056519,347.4,0.0,352.3,BID
826,1712608683.4735062,19344985.38682058,347.5,-2.462012915410534e-09,352.3,ASK
827,1712608706.7364044,19345002.63315573,347.9,2.4605975581233822e-09,352.3,BID
828,1712608710.8019283,19345002.63315573,347.9,0.0,352.3,BID
829,1712608740.547486,19345002.63315573,347.9,0.0,352.3,BID
830,1712608749.4122694,19345019.87949088,347.5,-2.460593346593024e-09,352.3,ASK
831,1712608770.5598936,19345019.87949088,347.5,-0.0,352.3,ASK
832,1712608772.3827302,19345035.97960434,347.9,2.2970560324871673e-09,352.3,BID
833,1712608772.3883955,19345037.12418105,348.4,1.6330051597456744e-10,352.3,BID
834,1712608798.8833194,19362358.53884166,348.0,2.47130308302814e-06,352.3,BID
835,1712608798.8926682,19362958.93862673,348.0,8.566100800426333e-08,352.3,BID
836,1712608798.8964891,19370152.79405002,348.4,1.026370965349872e-06,352.3,BID
837,1712608799.0028706,19375814.746277,348.4,-8.078093082268202e-07,352.3,ASK
838,1712608799.0106757,19375831.79405002,347.5,-2.4322617317821107e-09,352.3,ASK
839,1712608800.6198046,19375831.79405002,347.5,-0.0,352.3,ASK
840,1712608815.3831682,19375849.03874019,347.5,-2.456603506166514e-09,352.3,ASK
841,1712608821.813347,19376044.96122167,348.1,2.7910263978237445e-08,352.3,BID
842,1712608821.8187633,19376164.91634867,348.0,1.7088285299837562e-08,352.3,BID
843,1712608830.5534751,19376164.91634867,348.0,0.0,352.3,BID
844,1712608836.9031909,19376182.15277498,348.1,2.4553857190801637e-09,352.3,BID
845,1712608860.817546,19376182.15277498,348.1,0.0,352.3,BID
1046,1712608873.8832166,19376466.06999476,348.1,4.044490885263469e-08,352.3,BID
846,1712608873.8832166,19376466.06999476,348.1,4.0444908852634693e-08,352.3,BID
847,1712608881.7233825,19376609.74815567,348.1,2.0467409925316995e-08,352.3,BID
848,1712608884.373471,19376626.98458198,347.7,-2.4553836209459222e-09,352.3,ASK
849,1712608890.747753,19376833.5802935,348.1,2.9430214652556897e-08,352.3,BID
850,1712608890.7779686,19376833.5802935,348.1,0.0,352.3,BID
851,1712608906.3843777,19376850.77719805,348.9,2.449674491332658e-09,352.3,BID
852,1712608920.5919414,19376850.77719805,348.9,0.0,352.3,BID
853,1712608950.0637853,19376867.9741026,348.2,-2.449672397618654e-09,352.3,ASK
854,1712608950.5730646,19376867.9741026,348.2,-0.0,352.3,ASK
855,1712608971.2741675,19376885.17100715,348.9,2.449670307578186e-09,352.3,BID
856,1712608977.2040546,19381865.35048437,348.9,7.094182419897359e-07,352.3,BID
857,1712608977.284166,19385276.42393328,348.9,-4.859017110707806e-07,352.3,ASK
858,1712608977.3494277,19385977.41145849,348.2,-9.985450124147545e-08,352.3,ASK
859,1712608977.3576522,19387561.42393328,348.2,-2.2563992930275965e-07,352.3,ASK
860,1712608980.836618,19387561.42393328,348.2,-0.0,352.3,ASK
861,1712608982.38416,19387921.27362429,348.5,5.123277013876525e-08,352.3,BID
862,1712609010.814768,19387921.27362429,348.5,0.0,352.3,BID
863,1712609018.216635,19387938.47052884,348.2,-2.4483259247836756e-09,352.3,ASK
864,1712609038.3946855,19387955.68223279,348.6,2.4504329172550557e-09,352.3,BID
865,1712609040.566089,19387955.68223279,348.6,0.0,352.3,BID
866,1712609070.559177,19387955.68223279,348.6,0.0,352.3,BID
867,1712609082.364776,19387972.89393674,348.2,-2.450428735039717e-09,352.3,ASK
868,1712609100.5905845,19387972.89393674,348.2,-0.0,352.3,ASK
869,1712609102.9449215,19387987.33003674,348.5,2.0554354931859408e-09,352.3,BID
870,1712609102.949884,19387990.10978186,348.6,3.9578464972244894e-10,352.3,BID
871,1712609130.590042,19387990.10978186,348.6,0.0,352.3,BID
872,1712609148.6749525,19388007.32562698,348.2,-2.4512180483274056e-09,352.3,ASK
873,1712609160.592837,19388007.32562698,348.2,-0.0,352.3,ASK
874,1712609168.0650158,19388024.53733093,348.6,2.4506263305639224e-09,352.3,BID
875,1712609190.5537353,19388024.53733093,348.6,0.0,352.3,BID
876,1712609216.6848264,19388041.74903488,348.2,-2.450624237554624e-09,352.3,ASK
877,1712609220.8153355,19388041.74903488,348.2,-0.0,352.3,ASK
878,1712609236.2350187,19388058.96073883,348.6,2.450622145890301e-09,352.3,BID
879,1712609250.8276412,19388058.96073883,348.6,0.0,352.3,BID
880,1712609278.0049615,19388076.17244278,348.2,-2.4506200523577422e-09,352.3,ASK
881,1712609280.5826068,19388076.17244278,348.2,-0.0,352.3,ASK
882,1712609301.4633863,19388093.38414673,348.6,2.4506179617613822e-09,352.3,BID
883,1712609301.5174935,19388645.38414673,348.2,-7.8594258803964e-08,352.3,ASK
884,1712609305.2906828,19390714.38414673,348.2,-2.945860896112346e-07,352.3,ASK
885,1712609310.5670726,19390714.38414673,348.2,-0.0,352.3,ASK
886,1712609320.7852929,19391067.55963346,348.2,-5.0278868681549815e-08,352.3,ASK
887,1712609323.5850885,19394581.36235371,348.2,-5.002329781739513e-07,352.3,ASK
888,1712609340.8237357,19394581.36235371,348.2,-0.0,352.3,ASK
889,1712609348.095155,19394598.57405766,348.2,-2.449827870274237e-09,352.3,ASK
890,1712609370.4339454,19394615.78576161,348.6,2.449827869743997e-09,352.3,BID
891,1712609370.8101227,19394615.78576161,348.6,0.0,352.3,BID
892,1712609400.5872347,19394615.78576161,348.6,0.0,352.3,BID
893,1712609413.5052245,19394632.99746556,348.2,-2.457716500449254e-09,352.3,ASK
894,1712609430.5713253,19394632.99746556,348.2,-0.0,352.3,ASK
895,1712609435.4083705,19394650.20916951,348.6,2.4577143977260283e-09,352.3,BID
896,1712609460.7857718,19394650.20916951,348.6,0.0,352.3,BID
897,1712609472.7050295,19396038.20916951,348.2,-1.9819680089843162e-07,352.3,ASK
898,1712609472.94495,19396857.20916951,348.2,-1.169475359768123e-07,352.3,ASK
899,1712609473.0252447,19397571.9622941,348.2,-1.0206180311677737e-07,352.3,ASK
900,1712609473.0849783,19399704.9622941,348.2,-3.045776486429067e-07,352.3,ASK
901,1712609478.6254027,19399722.17399805,348.2,-2.457712291526369e-09,352.3,ASK
902,1712609482.6153932,19399994.17399805,348.2,-3.883971890804998e-08,352.3,ASK
903,1712609483.7652948,19400552.17399805,348.2,-7.967854099519078e-08,352.3,ASK
904,1712609484.1056054,19401288.17399805,348.2,-1.050957099864882e-07,352.3,ASK
905,1712609484.229621,19403430.17399805,348.2,-3.058627864008936e-07,352.3,ASK
906,1712609490.826374,19403430.17399805,348.2,-0.0,352.3,ASK
907,1712609502.130205,19403447.3906408,348.5,2.4573447771631397e-09,352.3,BID
908,1712609508.8357337,19404577.3906408,348.2,-1.612857767189179e-07,352.3,ASK
909,1712609511.5050976,19406467.3906408,348.2,-2.697611663705795e-07,352.3,ASK
910,1712609512.1685376,19408967.3906408,348.5,3.568269396436237e-07,352.3,BID
911,1712609513.225042,19410125.3906408,348.2,-1.652822384429265e-07,352.3,ASK
912,1712609514.255207,19410633.81429154,348.2,-7.256770213462222e-08,352.3,ASK
913,1712609514.2597334,19411138.9242928,348.2,-7.209474237299043e-08,352.3,ASK
914,1712609514.315035,19411979.9242928,348.2,-1.20036582496115e-07,352.3,ASK
915,1712609514.781483,19414135.9242928,348.2,-3.0772755274866106e-07,352.3,ASK
916,1712609520.5716732,19414135.9242928,348.2,-0.0,352.3,ASK
917,1712609539.585442,19414678.9242928,348.2,-7.746158845410549e-08,352.3,ASK
918,1712609539.968462,19415915.9242928,348.2,-1.764640606219678e-07,352.3,ASK
919,1712609540.8074188,19418890.9242928,348.2,-4.2439820561871793e-07,352.3,ASK
920,1712609545.4953158,19418908.14093555,348.2,-2.4560377448236247e-09,352.3,ASK
921,1712609550.551032,19418908.14093555,348.2,-0.0,352.3,ASK
922,1712609555.7988293,19418966.34815324,348.3,-8.301574566143334e-09,352.3,ASK
923,1712609568.1655617,19418983.55985719,348.6,2.454751307686073e-09,352.3,BID
924,1712609580.7996628,19418983.55985719,348.6,0.0,352.3,BID
925,1712609581.055227,19419356.78514702,348.2,-5.322958365740984e-08,352.3,ASK
926,1712609593.645546,19419939.78514702,348.2,-8.314776119936014e-08,352.3,ASK
927,1712609610.8421383,19419939.78514702,348.2,-0.0,352.3,ASK
928,1712609615.4054928,19419956.99685097,348.2,-2.454625548093693e-09,352.3,ASK
929,1712609640.545243,19419956.99685097,348.2,-0.0,352.3,ASK
930,1712609649.5096793,19420456.25325093,348.2,-7.120076375671049e-08,352.3,ASK
931,1712609649.6251538,19420850.51177721,348.2,-5.62266366361158e-08,352.3,ASK
932,1712609670.5832202,19420850.51177721,348.2,-0.0,352.3,ASK
933,1712609670.8455205,19420867.72348116,348.6,2.454514542242004e-09,352.3,BID
934,1712609700.8232026,19420867.72348116,348.6,0.0,352.3,BID
935,1712609713.02575,19420884.93518511,348.2,-2.454623174570164e-09,352.3,ASK
936,1712609716.2155976,19421749.19162121,348.2,-1.232547273154052e-07,352.3,ASK
937,1712609716.223735,19422383.30955811,348.2,-9.043384594354413e-08,352.3,ASK
938,1712609716.2950811,19423153.09536311,348.2,-1.097819299034591e-07,352.3,ASK
939,1712609719.9320393,19423576.36247001,348.2,-6.036364863836162e-08,352.3,ASK
940,1712609719.9382536,19425012.31881693,348.2,-2.04786913447692e-07,352.3,ASK
941,1712609719.9436865,19425016.41435411,348.1,-5.840793276450399e-10,352.3,ASK
942,1712609730.8424373,19425016.41435411,348.1,-0.0,352.3,ASK
943,1712609731.790138,19425033.62605806,348.6,2.454117587924801e-09,352.3,BID
944,1712609760.5591624,19425033.62605806,348.6,0.0,352.3,BID
945,1712609765.19564,19425405.55574882,348.1,-5.3031263913153664e-08,352.3,ASK
946,1712609768.4252312,19425761.58421085,348.1,-5.0764001367960106e-08,352.3,ASK
947,1712609768.585297,19426148.09776229,348.1,-5.511069070760664e-08,352.3,ASK
948,1712609771.037513,19426531.49728339,348.1,-5.466667946345335e-08,352.3,ASK
949,1712609773.6856112,19426887.52574542,348.1,-5.0764001367960106e-08,352.3,ASK
950,1712609773.8535335,19426951.15474548,348.1,-9.072484338737391e-09,352.3,ASK
951,1712609773.8572743,19427274.03929686,348.1,-4.603820636886924e-08,352.3,ASK
952,1712609776.2764857,19427433.79404612,348.1,-2.277848872976686e-08,352.3,ASK
953,1712609776.283408,19427657.43881796,348.1,-3.188819073315531e-08,352.3,ASK
954,1712609779.3852017,19427674.65052191,348.1,-2.4541154884157702e-09,352.3,ASK
955,1712609790.56791,19427674.65052191,348.1,-0.0,352.3,ASK
956,1712609807.7756257,19429955.06140205,348.1,-3.251077394009612e-07,352.3,ASK
957,1712609820.8052173,19429955.06140205,348.1,-0.0,352.3,ASK
958,1712609827.4740548,19431234.75756047,348.3,-1.824197783766855e-07,352.3,ASK
959,1712609829.1767912,19436023.75756047,348.3,-6.826685482312942e-07,352.3,ASK
960,1712609833.4051833,19436051.41591529,348.9,3.942678833404397e-09,352.3,BID
961,1712609834.6751895,19436068.61281984,348.9,2.4514065277766803e-09,352.3,BID
962,1712609850.8007443,19436068.61281984,348.9,0.0,352.3,BID
963,1712609856.1392226,19436140.26658883,348.3,-1.0211094384314793e-08,352.3,ASK
964,1712609880.55291,19436157.46349338,348.3,-2.450662651322443e-09,352.3,ASK
965,1712609880.5876632,19436157.46349338,348.3,-0.0,352.3,ASK
966,1712609889.4353244,19436200.45575477,348.9,6.1266296111763436e-09,352.3,BID
967,1712609900.1753304,19436217.65265932,348.9,2.45065184319644e-09,352.3,BID
968,1712609910.570974,19436217.65265932,348.9,0.0,352.3,BID
969,1712609940.6362188,19436217.65265932,348.9,0.0,352.3,BID
970,1712609947.9651284,19436234.84956387,348.3,-2.450644509895471e-09,352.3,ASK
971,1712609968.8859804,19436252.04646842,348.9,2.450644509895471e-09,352.3,BID
972,1712609970.5617032,19436252.04646842,348.9,0.0,352.3,BID
973,1712609976.2752645,19436411.36782515,348.3,-2.2704047691397804e-08,352.3,ASK
974,1712609976.282327,19439848.42692128,348.1,-4.897971950460618e-07,352.3,ASK
975,1712610000.7432358,19439848.42692128,348.1,-0.0,352.3,ASK
976,1712610013.825205,19439865.62382583,348.1,-2.4608552838077793e-09,352.3,ASK
977,1712610030.6276095,19439865.62382583,348.1,-0.0,352.3,ASK
978,1712610035.4651868,19439882.82073038,348.9,2.460853175782567e-09,352.3,BID
979,1712610058.3250313,19439911.48223797,348.9,4.101421959993001e-09,352.3,BID
980,1712610060.8225658,19439911.48223797,348.9,0.0,352.3,BID
981,1712610082.3853576,19439928.67914252,348.2,-2.4608475414806794e-09,352.3,ASK
982,1712610090.802569,19439928.67914252,348.2,-0.0,352.3,ASK
983,1712610100.415188,19439945.87604707,348.9,2.4608454328631558e-09,352.3,BID
984,1712610120.5814404,19439945.87604707,348.9,0.0,352.3,BID
985,1712610147.6677775,19439963.07295162,348.3,-2.460843319477139e-09,352.3,ASK
986,1712610150.5720987,19439963.07295162,348.3,-0.0,352.3,ASK
987,1712610162.479709,19439977.41479274,348.7,2.0522875824703142e-09,352.3,BID
988,1712610165.7254038,19439994.62156073,348.7,2.462252648499925e-09,352.3,BID
989,1712610180.7752018,19439994.62156073,348.7,0.0,352.3,BID
990,1712610207.3455672,19442110.62156073,348.3,-3.027947145577484e-07,352.3,ASK
991,1712610210.8165646,19442110.62156073,348.3,-0.0,352.3,ASK
992,1712610211.461663,19442127.82832872,348.3,-2.4619891226368515e-09,352.3,ASK
993,1712610231.0823483,19442145.03509671,348.7,2.461989122103827e-09,352.3,BID
994,1712610240.5935652,19442145.03509671,348.7,0.0,352.3,BID
995,1712610242.4849725,19442179.4486327,348.7,4.923969796775976e-09,352.3,BID
996,1712610270.5311236,19442179.4486327,348.7,0.0,352.3,BID
997,1712610272.495188,19442196.65540069,348.3,-2.461980670663037e-09,352.3,ASK
998,1712610290.5773494,19442322.92552289,348.3,-1.806699551586526e-08,352.3,ASK
999,1712610290.5853326,19443322.92552289,348.3,-1.430821100118441e-07,352.3,ASK
1000,1712610293.9478688,19443340.15205174,348.3,2.464808095959602e-09,352.3,BID
1201,1712610300.8469589,19443340.15205174,348.3,0.0,352.3,BID
1202,1712610302.395123,19443818.28858358,348.2,-6.846422217630568e-08,352.3,ASK
1203,1712610330.8321972,19443818.28858358,348.2,-0.0,352.3,ASK
1204,1712610335.134863,19443835.51511243,348.3,-2.466602538360865e-09,352.3,ASK
1205,1712610358.8151183,19443852.72188042,348.7,2.463773054627439e-09,352.3,BID
1206,1712610360.590494,19443852.72188042,348.7,0.0,352.3,BID
1207,1712610382.893881,19443870.38749556,348.7,2.5294693232010635e-09,352.3,BID
1208,1712610390.5680106,19443870.38749556,348.7,0.0,352.3,BID
1209,1712610400.68482,19443887.59426355,348.2,-2.463766648186684e-09,352.3,ASK
1210,1712610410.3503995,19444708.90412876,348.7,1.175999963949201e-07,352.3,BID
1211,1712610420.8055923,19444708.90412876,348.7,0.0,352.3,BID
1212,1712610424.5047176,19444726.11089675,348.7,2.463663506908326e-09,352.3,BID
1213,1712610444.1946714,19444754.7888434,348.7,4.106105844491618e-09,352.3,BID
1214,1712610450.8212605,19444754.7888434,348.7,0.0,352.3,BID
1215,1712610459.715226,19450490.3781752,348.7,8.212192878566808e-07,352.3,BID
1216,1712610459.717773,19455088.31121222,348.7,6.583301341573984e-07,352.3,BID
1217,1712610462.585468,19456342.30689723,348.7,-1.795465790604878e-07,352.3,ASK
1218,1712610462.9505122,19456593.30689723,348.7,-3.5938075292325895e-08,352.3,ASK
1219,1712610465.8349197,19459459.18089723,348.7,-4.103346437858421e-07,352.3,ASK
1220,1712610469.0645947,19459476.38766522,348.7,-2.463657862967317e-09,352.3,ASK
1221,1712610480.5597868,19459476.38766522,348.7,-0.0,352.3,ASK
1222,1712610490.2047122,19459493.57964229,349.0,2.4597321988724288e-09,352.3,BID
1223,1712610500.1647518,19459741.57964229,348.7,-3.54824568971802e-08,352.3,ASK
1224,1712610510.611231,19459741.57964229,348.7,-0.0,352.3,ASK
1225,1712610525.6844685,19460456.57964229,348.7,-1.0229685891726024e-07,352.3,ASK
1226,1712610526.5787036,19460485.25758894,348.7,-4.1030263815676405e-09,352.3,ASK
1227,1712610526.5804424,19460728.57964229,348.7,-3.4812701765977515e-08,352.3,ASK
1228,1712610537.4245045,19460745.77161936,348.2,-2.4596996546783722e-09,352.3,ASK
1229,1712610540.825513,19460745.77161936,348.2,-0.0,352.3,ASK
1230,1712610557.6079686,19460762.96359643,349.0,2.459576436015334e-09,352.3,BID
1231,1712610570.8246384,19460762.96359643,349.0,0.0,352.3,BID
1232,1712610586.6654038,19461049.82532907,348.6,-4.1039942615457975e-08,352.3,ASK
1233,1712610586.6685226,19463917.61999497,348.5,-4.102817320335146e-07,352.3,ASK
1234,1712610586.671168,19468667.88328423,348.5,-6.795975573524641e-07,352.3,ASK
1235,1712610600.593168,19468667.88328423,348.5,-0.0,352.3,ASK
1236,1712610603.404944,19468685.0752613,348.7,-2.458870804775238e-09,352.3,ASK
1237,1712610623.1145997,19468702.26723837,349.0,2.458870805308045e-09,352.3,BID
1238,1712610630.584645,19468702.26723837,349.0,0.0,352.3,BID
1239,1712610653.8246918,19469702.26723837,349.0,1.4302407318361204e-07,352.3,BID
1240,1712610653.826822,19477298.25577705,349.0,1.0864092206578656e-06,352.3,BID
1241,1712610660.814993,19477298.25577705,349.0,0.0,352.3,BID
1242,1712610669.374316,19477315.44775412,348.7,-2.4578120076030947e-09,352.3,ASK
1243,1712610669.455087,19477315.44775418,349.0,8.521242847856606e-18,352.3,BID
1244,1712610669.4586816,19477936.59723718,349.0,8.880122697538696e-08,352.3,BID
1245,1712610672.583595,19478289.59723718,349.0,-5.046584434197173e-08,352.3,ASK
1246,1712610689.8042626,19478306.77936776,349.2,2.4564043265112462e-09,352.3,BID
1247,1712610690.9015684,19478306.77936776,349.2,0.0,352.3,BID
1248,1712610720.563789,19478306.77936776,349.2,0.0,352.3,BID
1249,1712610725.294925,19478318.32461318,349.2,1.6504567757404655e-09,352.3,BID
1250,1712610725.305071,19478671.32461318,349.2,5.046330507774618e-08,352.3,BID
1251,1712610727.5145626,19478710.72054186,349.3,5.631866197861824e-09,352.3,BID
1252,1712610732.1345556,19478727.90267244,349.2,-2.4562807288639434e-09,352.3,ASK
1253,1712610750.5223916,19478727.90267244,349.2,-0.0,352.3,ASK
1254,1712610753.0844274,19479722.19511878,349.2,-1.421366239091327e-07,352.3,ASK
1255,1712610753.944709,19479739.37233034,349.3,2.455525905219444e-09,352.3,BID
1256,1712610758.4046435,19479794.51117946,349.3,7.882238156936654e-09,352.3,BID
1257,1712610772.5995543,19480343.30847184,349.3,7.84519631388232e-08,352.3,BID
1258,1712610780.841535,19480343.30847184,349.3,0.0,352.3,BID
1259,1712610801.254684,19480360.4856834,349.3,-2.455327887050175e-09,352.3,ASK
1260,1712610810.7976947,19480360.4856834,349.3,-0.0,352.3,ASK
1261,1712610819.9245636,19480377.65306537,349.5,2.453920730699323e-09,352.3,BID
1262,1712610840.588098,19480377.65306537,349.5,0.0,352.3,BID
1263,1712610841.6454444,19480389.2130594,349.5,1.6523943325798926e-09,352.3,BID
1264,1712610865.5151534,19480406.38044137,349.5,-2.453918626640054e-09,352.3,ASK
1265,1712610870.5412123,19480406.38044137,349.5,-0.0,352.3,ASK
1266,1712610883.8352234,19480423.53800499,349.7,2.4525116640967962e-09,352.3,BID
1267,1712610893.4080443,19485851.47828263,349.7,7.758727951296001e-07,352.3,BID
1268,1712610893.4107068,19511587.82372158,349.7,3.678767497571216e-06,352.3,BID
1269,1712610893.50493,19513615.62538823,349.7,-2.89855095413289e-07,352.3,ASK
1270,1712610900.6354363,19513615.62538823,349.7,-0.0,352.3,ASK
1271,1712610930.5934384,19513615.62538823,349.7,-0.0,352.3,ASK
1272,1712610933.1453562,19513632.78295185,349.4,-2.4494690760300623e-09,352.3,ASK
1273,1712610934.3078525,19513661.37889122,349.7,4.0824484604046595e-09,352.3,BID
1274,1712610939.1052282,19514805.21646628,349.7,1.632979384651152e-07,352.3,BID
1275,1712610949.8701982,19514849.21716628,349.6,6.281681732764561e-09,352.3,BID
1276,1712610949.945892,19514992.19727132,349.4,-2.041230057831484e-08,352.3,ASK
1277,1712610949.949076,19515091.21716628,349.6,-1.4136399315879085e-08,352.3,ASK
1278,1712610953.4754002,19515108.3747299,349.7,2.449469076561896e-09,352.3,BID
1279,1712610960.8354714,19515108.3747299,349.7,0.0,352.3,BID
1280,1712610974.395412,19517231.70999499,349.4,-3.031115987918376e-07,352.3,ASK
1281,1712610974.4551914,19518377.49896486,349.4,-1.635643377877109e-07,352.3,ASK
1282,1712610974.5353086,19518998.64844886,349.4,-8.86706947691056e-08,352.3,ASK
1283,1712610974.638101,19524464.25988772,349.7,7.802301637652162e-07,352.3,BID
1284,1712610974.6414175,19529771.02988772,349.7,7.575551376966057e-07,352.3,BID
1285,1712610974.644169,19535776.43880967,349.7,8.572876500757166e-07,352.3,BID
1286,1712610974.6997,19542926.43880967,349.7,-1.020680985709045e-06,352.3,ASK
1287,1712610974.7029123,19544741.06373734,349.7,-2.590423999812837e-07,352.3,ASK
1288,1712610974.741267,19546130.13573546,349.7,-1.9829361905752374e-07,352.3,ASK
1289,1712610974.7472742,19546557.40684041,349.7,-6.099405490431132e-08,352.3,ASK
1290,1712610974.8157356,19547066.004333,349.7,-7.260360700230317e-08,352.3,ASK
1291,1712610974.817777,19547877.38804046,349.7,-1.1582712200259417e-07,352.3,ASK
1292,1712610974.8752873,19548263.1417963,349.7,-5.5067345978932633e-08,352.3,ASK
1293,1712610974.999153,19548723.56349202,349.7,-6.572638744471779e-08,352.3,ASK
1294,1712610975.0356214,19549585.42406872,349.7,-1.2303282559025868e-07,352.3,ASK
1295,1712610975.1352594,19550121.99585496,349.7,-7.65970097458523e-08,352.3,ASK
1296,1712610975.195599,19551026.43858905,349.7,-1.291115386504741e-07,352.3,ASK
1297,1712610975.199185,19552050.07588171,349.7,-1.4612687005282984e-07,352.3,ASK
1298,1712610975.22022,19552452.07588171,349.7,-5.7386539336368667e-08,352.3,ASK
1299,1712610975.2351792,19553169.17313502,349.7,-1.0236748690337821e-07,352.3,ASK
1300,1712610976.685431,19554022.07890453,349.7,-1.217545037117057e-07,352.3,ASK
1301,1712610976.7653675,19554383.68509569,349.7,-5.16202186900341e-08,352.3,ASK
1302,1712610976.7912395,19554739.70957936,349.7,-5.0823415514460027e-08,352.3,ASK
1303,1712610976.805651,19558492.59051659,349.7,-5.357334565399215e-07,352.3,ASK
1304,1712610976.9295156,19561327.59051659,349.7,-4.047035796482716e-07,352.3,ASK
1305,1712610981.4759123,19564162.59051659,349.7,-4.047035796482716e-07,352.3,ASK
1306,1712610984.595282,19573333.56551631,349.8,1.309180391976133e-06,352.3,BID
1307,1712610984.5985096,19574844.75094248,349.8,2.157256266252369e-07,352.3,BID
1308,1712610984.7152092,19575481.63224733,349.8,-9.091645286893397e-08,352.3,ASK
1309,1712610984.9591122,19576585.65595293,349.8,-1.576022383328234e-07,352.3,ASK
1310,1712610985.4394395,19577412.09159434,349.8,-1.1797582448914265e-07,352.3,ASK
1311,1712610985.5594263,19577879.9907187,349.8,-6.679380971549244e-08,352.3,ASK
1312,1712610985.5994887,19578352.77680853,349.8,-6.749143667095273e-08,352.3,ASK
1313,1712610985.777482,19578753.78670154,349.8,-5.72451990038957e-08,352.3,ASK
1314,1712610985.780131,19579520.08500798,349.8,-1.0939106444243405e-07,352.3,ASK
1315,1712610990.823377,19579520.08500798,349.8,-0.0,352.3,ASK
1316,1712610995.1686244,19579520.61287034,349.7,-7.511219152440126e-11,352.3,ASK
1317,1712610995.1755424,19579873.08500798,349.8,-5.015503429299672e-08,352.3,ASK
1318,1712610995.562525,19580707.08500798,349.7,-1.1867405713340117e-07,352.3,ASK
1319,1712610998.3854442,19580724.2425716,349.7,-2.44143607341562e-09,352.3,ASK
1320,1712611016.0223925,19580752.9699496,349.9,4.087763187067445e-09,352.3,BID
1321,1712611016.0243556,19580777.30792227,350.0,3.463172613003486e-09,352.3,BID
1322,1712611018.4556794,19580790.12724608,350.0,1.8241260988475918e-09,352.3,BID
1323,1712611018.4598775,19580794.45077941,350.0,6.15217315340363e-10,352.3,BID
1324,1712611020.6323185,19580794.45077941,350.0,0.0,352.3,BID
1325,1712611020.8054535,19581057.79582913,350.0,3.7470316021157625e-08,352.3,BID
1326,1712611020.8087535,19581079.92037689,350.0,3.1480135939825403e-09,352.3,BID
1327,1712611046.35541,19581224.49180546,350.0,2.0570491535482228e-08,352.3,BID
1328,1712611050.5911863,19581224.49180546,350.0,0.0,352.3,BID
1329,1712611059.3734412,19581241.6346626,349.4,-2.439136482189786e-09,352.3,ASK
1330,1712611080.778809,19581241.6346626,349.4,-0.0,352.3,ASK
1331,1712611082.044849,19581258.77751974,350.0,2.439134404005862e-09,352.3,BID
1332,1712611088.8563683,19581274.93868627,350.0,2.2994566755351623e-09,352.3,BID
1333,1712611088.8600297,19582633.23455374,350.0,1.932621939131754e-07,352.3,BID
1334,1712611088.8635385,19657344.25906276,350.0,1.0630096764571116e-05,352.3,BID
1335,1712611088.915933,19664087.25906276,350.0,-9.594131917552406e-07,352.3,ASK
1336,1712611088.9195125,19690849.95567199,350.0,-3.807872486109656e-06,352.3,ASK
1337,1712611088.935896,19692878.29173044,350.0,-2.8859741536295025e-07,352.3,ASK
1338,1712611088.9395242,19693967.14619254,350.0,-1.549253054780802e-07,352.3,ASK
1339,1712611089.1560545,19694435.22814476,349.6,6.660002962836084e-08,352.3,BID
1340,1712611089.1597269,19695924.38377672,349.7,2.1188129287831786e-07,352.3,BID
1341,1712611089.89571,19696302.92377672,349.8,-5.3859746345272294e-08,352.3,ASK
1342,1712611092.9360166,19701442.92377672,349.8,-7.313337988464981e-07,352.3,ASK
1343,1712611099.9767852,19702625.68312472,349.8,-1.6828635935700793e-07,352.3,ASK
1344,1712611110.806188,19702625.68312472,349.8,-0.0,352.3,ASK
1345,1712611129.3859515,19702642.82598182,349.5,-2.4244795760281542e-09,352.3,ASK
1346,1712611129.3906093,19702642.82598186,349.8,-5.795462921652253e-18,352.3,ASK
1347,1712611140.5545256,19702642.82598186,349.8,-0.0,352.3,ASK
1348,1712611149.7755518,19702659.96394244,350.1,2.423785017614062e-09,352.3,BID
1349,1712611170.5708454,19702659.96394244,350.1,0.0,352.3,BID
1350,1712611172.1054227,19703130.35505857,349.8,-6.652635049263384e-08,352.3,ASK
1351,1712611172.2057676,19703596.29398249,349.8,-6.589668702909611e-08,352.3,ASK
1352,1712611172.3660908,19704078.86563576,349.8,-6.824901628085043e-08,352.3,ASK
1353,1712611172.4453917,19704566.04483063,349.8,-6.890065045721866e-08,352.3,ASK
1354,1712611172.665582,19705051.24343271,349.8,-6.862053970325638e-08,352.3,ASK
1355,1712611176.906556,19705622.50878546,350.1,8.079276537748663e-08,352.3,BID
1356,1712611193.0661318,19712600.29703419,350.0,9.868527928766218e-07,352.3,BID
1357,1712611196.256927,19712617.43499477,349.8,-2.4237829608715e-09,352.3,ASK
1358,1712611199.2058256,19725676.10562714,350.0,1.8468582200323288e-06,352.3,BID
1359,1712611199.209472,19725858.89148084,350.0,2.5850989424561773e-08,352.3,BID
1360,1712611199.3651812,19727733.63450641,350.0,-2.651406613045072e-07,352.3,ASK
1361,1712611199.3673248,19728843.04003667,349.4,-1.569007122232899e-07,352.3,ASK
1362,1712611199.3731327,19729293.3990295,349.8,-6.36932526509764e-08,352.3,ASK
1363,1712611199.375246,19729376.2561724,349.5,-1.1718298114697433e-08,352.3,ASK
1364,1712611199.3773663,19734890.48396716,350.0,-7.798647516721403e-07,352.3,ASK
1365,1712611199.3794603,19735142.63450641,349.5,-3.566107984609653e-08,352.3,ASK
1366,1712611199.6056678,19736997.8831207,349.6,2.623836108561979e-07,352.3,BID
1367,1712611199.6093209,19737906.35575277,349.6,1.284832273855135e-07,352.3,BID
1368,1712611200.6354182,19737906.35575277,349.6,0.0,352.3,BID
1369,1712611205.8664968,19738204.55575276,349.5,-4.210741998005941e-08,352.3,ASK
1370,1712611214.9056222,19738221.71331638,349.7,2.4227388905867437e-09,352.3,BID
1371,1712611230.546584,19738221.71331638,349.7,0.0,352.3,BID
1372,1712611240.406564,19738236.0018878,349.7,2.0175905892882117e-09,352.3,BID
1373,1712611243.436123,19738250.29045922,349.7,2.017590589814234e-09,352.3,BID
1374,1712611246.0031214,19738264.57903064,349.7,2.017590589814234e-09,352.3,BID
1375,1712611249.5356777,19738278.86760206,349.7,2.017590589814234e-09,352.3,BID
1376,1712611251.92672,19738293.15617348,349.7,2.0175905892882117e-09,352.3,BID
1377,1712611260.8272188,19738293.15617348,349.7,0.0,352.3,BID
1378,1712611260.9600155,19738310.3137371,349.4,-2.4226926380651995e-09,352.3,ASK
1379,1712611273.2757845,19738367.99174682,349.7,8.144285085790994e-09,352.3,BID
1380,1712611282.398352,19738385.14931044,349.7,2.422692637539179e-09,352.3,BID
1381,1712611285.2260754,19739298.10974411,349.7,1.2891238931647498e-07,352.3,BID
1382,1712611285.2306972,19741010.96571237,349.7,2.418597206187897e-07,352.3,BID
1383,1712611285.2351396,19742864.28497865,349.7,2.6169350387115534e-07,352.3,BID
1384,1712611285.3081815,19744075.53354151,349.9,-1.710314494868166e-07,352.3,ASK
1385,1712611285.4459548,19744971.35121748,349.9,-1.2649178731290748e-07,352.3,ASK
1386,1712611285.5255957,19748033.27246384,349.9,-4.3235124898108587e-07,352.3,ASK
1387,1712611290.8219836,19748033.27246384,349.9,-0.0,352.3,ASK
1388,1712611301.0666494,19748302.27246384,349.9,-3.796523510151523e-08,352.3,ASK
1389,1712611310.5921257,19748385.14931044,349.9,-1.1696799128823462e-08,352.3,ASK
1390,1712611310.5943897,19748385.97101815,349.4,-1.1597147367493747e-10,352.3,ASK
1391,1712611310.598967,19748671.76695984,349.9,-4.033572534293096e-08,352.3,ASK
1392,1712611320.5907722,19748671.76695984,349.9,-0.0,352.3,ASK
1393,1712611329.1505055,19748688.92452346,349.5,-2.42145129564888e-09,352.3,ASK
1394,1712611350.1501632,19748706.0673806,350.0,2.419375765703269e-09,352.3,BID
1395,1712611350.5913937,19748706.0673806,350.0,0.0,352.3,BID
1396,1712611380.786234,19748706.0673806,350.0,0.0,352.3,BID
1397,1712611393.4461503,19748723.21023774,350.0,-2.419371670042268e-09,352.3,ASK
1398,1712611394.365931,19748822.63730288,350.1,1.4032143104274893e-08,352.3,BID
1399,1712611394.3687618,19753022.03057478,350.1,5.926604316519543e-07,352.3,BID
1400,1712611407.0760343,19753164.84691296,350.1,2.0155671820488145e-08,352.3,BID
1401,1712611410.8266108,19753164.84691296,350.1,0.0,352.3,BID
1402,1712611416.676043,19753181.98487354,350.1,2.4181478847638862e-09,352.3,BID
1403,1712611439.315962,19753239.11140881,350.1,8.060492950089011e-09,352.3,BID
1404,1712611440.6254466,19753239.11140881,350.1,0.0,352.3,BID
1405,1712611447.9260075,19753350.11140881,350.0,-1.5661923673683605e-08,352.3,ASK
1406,1712611447.9301407,19753432.96855167,350.0,-1.169101123661928e-08,352.3,ASK
1407,1712611461.5558815,19753450.10651225,349.6,-2.41813901364643e-09,352.3,ASK
1408,1712611470.59667,19753450.10651225,349.6,-0.0,352.3,ASK
1409,1712611471.169452,19754575.66677509,349.6,-1.588131104464367e-07,352.3,ASK
1410,1712611471.1713436,19760103.10651225,349.6,-7.799048406777065e-07,352.3,ASK
1411,1712611483.616068,19760120.23468809,350.3,2.4167332227286915e-09,352.3,BID
1412,1712611500.8010314,19760120.23468809,350.3,0.0,352.3,BID
1413,1712611526.0361795,19760137.36286393,349.9,-2.4160276123667783e-09,352.3,ASK
1414,1712611527.256332,19760148.89619409,350.3,1.6268424832514723e-09,352.3,BID
1415,1712611527.2616043,19762145.00306324,350.3,2.815623424913317e-07,352.3,BID
1416,1712611530.7764094,19762200.8409165,350.3,7.876250017797533e-09,352.3,BID
1417,1712611530.8720937,19762200.8409165,350.3,0.0,352.3,BID
1418,1712611534.366166,19765055.53689137,350.3,4.026298762603615e-07,352.3,BID
1419,1712611536.8163004,19766491.83763208,349.9,-2.025776456036867e-07,352.3,ASK
1420,1712611536.9760053,19766982.35493297,349.9,-6.9183171132909e-08,352.3,ASK
1421,1712611537.062272,19767575.27481098,349.9,-8.362615816771922e-08,352.3,ASK
1422,1712611537.128631,19768374.7361451,349.9,-1.1275702241684796e-07,352.3,ASK
1423,1712611537.177934,19769175.24388954,349.9,-1.1290460943162973e-07,352.3,ASK
1424,1712611548.5961034,19769192.37206538,350.3,2.4157792562297047e-09,352.3,BID
1425,1712611549.1854484,19769519.71497896,349.9,-4.616885228733673e-08,352.3,ASK
1426,1712611560.57974,19769519.71497896,349.9,-0.0,352.3,ASK
1427,1712611564.8861716,19769771.86551821,349.9,-3.5550779842469283e-08,352.3,ASK
1428,1712611570.186621,19770330.86551821,349.9,-7.881357696523277e-08,352.3,ASK
1429,1712611570.6507611,19770885.52859181,349.9,-7.82021124171514e-08,352.3,ASK
1430,1712611570.657245,19771437.2913246,349.9,-7.779319249947539e-08,352.3,ASK
1431,1712611571.6060843,19772042.2913246,349.9,-8.52991307047689e-08,352.3,ASK
1432,1712611590.5821817,19772042.2913246,349.9,-0.0,352.3,ASK
1433,1712611591.855847,19772059.41950044,349.9,-2.4146061419007407e-09,352.3,ASK
1434,1712611595.356402,19772087.98481195,349.9,-4.0269306704240675e-09,352.3,ASK
1435,1712611595.360836,19772091.95074278,349.8,-5.590881966478597e-10,352.3,ASK
1436,1712611595.364511,19773655.41950044,349.9,-2.204064986386734e-07,352.3,ASK
1437,1712611612.336305,19773672.54767628,350.3,2.4146061419007407e-09,352.3,BID
1438,1712611620.813727,19773672.54767628,350.3,0.0,352.3,BID
1439,1712611622.899515,19773689.54767628,349.9,-2.396344137308543e-09,352.3,ASK
1440,1712611650.805405,19773689.54767628,349.9,-0.0,352.3,ASK
1441,1712611659.6760683,19773706.67585212,349.9,-2.4144099612371507e-09,352.3,ASK
1442,1712611679.1558254,19773723.80402796,350.3,2.4144099612371507e-09,352.3,BID
1443,1712611680.5905223,19773723.80402796,350.3,0.0,352.3,BID
1444,1712611680.8359623,19774156.92188338,350.0,-6.105275345297759e-08,352.3,ASK
1445,1712611710.5880914,19774156.92188338,350.0,-0.0,352.3,ASK
1446,1712611722.1362293,19774174.05005922,350.0,-2.4143542889984703e-09,352.3,ASK
1447,1712611731.8602078,19775189.05005922,350.0,-1.4307242205610642e-07,352.3,ASK
1448,1712611736.7832394,19775617.38667745,350.0,-6.037749500044499e-08,352.3,ASK
1449,1712611736.900801,19775971.33213725,350.0,-4.9891462274934985e-08,352.3,ASK
1450,1712611737.8712556,19776513.33213725,350.0,-7.639926379744795e-08,352.3,ASK
1451,1712611739.0525188,19777053.33213725,350.0,-7.611734769487435e-08,352.3,ASK
1452,1712611740.8261724,19777053.33213725,350.0,-0.0,352.3,ASK
1453,1712611743.0074534,19777070.46031309,350.3,2.414009337834642e-09,352.3,BID
1454,1712611743.5919292,19777807.46031309,350.0,-1.038712410840593e-07,352.3,ASK
1455,1712611770.8025577,19777807.46031309,350.0,-0.0,352.3,ASK
1456,1712611775.6262348,19780662.15628796,350.3,4.023199233338301e-07,352.3,BID
1457,1712611786.9550247,19781042.43747504,350.0,-5.3594042720485454e-08,352.3,ASK
1458,1712611787.029627,19781795.13284736,350.0,-1.0607936787364085e-07,352.3,ASK
1459,1712611788.0562153,19781848.00181681,350.3,7.450964979196916e-09,352.3,BID
1460,1712611789.8002284,19781865.12999265,350.0,-2.4139195386715404e-09,352.3,ASK
1461,1712611800.9260955,19781865.12999265,350.0,-0.0,352.3,ASK
1462,1712611808.2059555,19781882.25816849,350.3,2.4150377240849543e-09,352.3,BID
1463,1712611829.5600176,19782204.25816849,350.0,-4.5401340716575904e-08,352.3,ASK
1464,1712611830.798697,19782204.25816849,350.0,-0.0,352.3,ASK
1465,1712611842.2178006,19783140.4411885,350.0,-1.319976798469273e-07,352.3,ASK
1466,1712611851.5861762,19783157.56936434,350.0,-2.414997305586477e-09,352.3,ASK
1467,1712611860.6005085,19783157.56936434,350.0,-0.0,352.3,ASK
1468,1712611872.5866172,19783174.69754018,350.3,2.41488369874244e-09,352.3,BID
1469,1712611880.0861666,19785182.33773949,350.0,-2.830551038013002e-07,352.3,ASK
1470,1712611890.576728,19785182.33773949,350.0,-0.0,352.3,ASK
1471,1712611896.0888944,19786181.49143949,350.0,-1.4085556745135788e-07,352.3,ASK
1472,1712611919.176293,19786198.61961533,350.1,-2.414642439211689e-09,352.3,ASK
1473,1712611920.8634624,19786198.61961533,350.1,-0.0,352.3,ASK
1474,1712611929.0960546,19786752.91991533,350.1,-7.813849698014005e-08,352.3,ASK
1475,1712611939.0059235,19786770.04809117,350.3,2.4145213634847824e-09,352.3,BID
1476,1712611946.7167351,19790748.04799559,350.1,-5.607699175328785e-07,352.3,ASK
1477,1712611946.7213397,19790748.04809117,350.1,-1.3473670893929872e-14,352.3,ASK
1478,1712611950.8210092,19790748.04809117,350.1,-0.0,352.3,ASK
1479,1712611963.0168016,19791511.85756017,350.1,-1.076483747683352e-07,352.3,ASK
1480,1712611963.6359892,19792484.33390103,350.1,-1.3705708274522352e-07,352.3,ASK
1481,1712611963.6457424,19792772.20756017,350.1,-4.0571808550335444e-08,352.3,ASK
1482,1712611964.3519344,19792877.90076496,350.1,-1.4895994592266278e-08,352.3,ASK
1483,1712611964.3545425,19793575.4967033,350.1,-9.831649390997937e-08,352.3,ASK
1484,1712611964.385934,19794415.9889483,350.1,-1.1845575088004377e-07,352.3,ASK
1485,1712611964.506044,19797743.9889483,350.1,-4.69035545864975e-07,352.3,ASK
1486,1712611964.551031,19826254.95951288,350.0,-4.018226755377689e-06,352.3,ASK
1487,1712611964.5535789,19850544.0417009,350.1,-3.423210012805846e-06,352.3,ASK
1488,1712611964.6258156,19850824.0332039,350.0,-3.946092771853409e-08,352.3,ASK
1489,1712611964.71261,19851104.0246529,350.0,-3.9460920107726536e-08,352.3,ASK
1490,1712611964.8864038,19852820.0246529,350.0,-2.4184645333662774e-07,352.3,ASK
1491,1712611965.426632,19853800.22258587,350.0,-1.381453342992631e-07,352.3,ASK
1492,1712611965.4765396,19854783.74490186,350.0,-1.386138600808567e-07,352.3,ASK
1493,1712611965.4901614,19855758.4607042,350.0,-1.373727038505277e-07,352.3,ASK
1494,1712611965.545923,19856369.7278222,350.0,-8.614964133419556e-08,352.3,ASK
1495,1712611968.0757327,19858856.7278222,350.0,-3.5050823394416854e-07,352.3,ASK
1496,1712611968.231032,19859409.15310717,350.0,-7.785669924452437e-08,352.3,ASK
1497,1712611969.586029,19861125.15310717,350.0,-2.4184645333662774e-07,352.3,ASK
1498,1712611972.2995112,19861510.87638398,350.0,-5.436235808018917e-08,352.3,ASK
1499,1712611980.3916645,19861908.62829923,350.0,-5.60576282115717e-08,352.3,ASK
1500,1712611980.6095612,19861908.62829923,350.0,-0.0,352.3,ASK
1501,1712611981.665907,19862174.29581987,350.0,-3.731117506030387e-08,352.3,ASK
1502,1712611984.3483455,19862865.33991587,350.0,-9.705238780385705e-08,352.3,ASK
1503,1712611988.7020063,19863279.75581228,350.0,-5.8201860811887786e-08,352.3,ASK
1504,1712611988.7073364,19863332.55586508,350.0,-7.4154040675526315e-09,352.3,ASK
1505,1712611989.1564112,19863936.12095027,350.0,-8.47665627300437e-08,352.3,ASK
1506,1712611989.1832745,19864542.0394176,350.0,-8.50970790561377e-08,352.3,ASK
1507,1712611989.1930432,19865150.62109364,350.0,-8.547110839262307e-08,352.3,ASK
1508,1712611989.4958086,19865613.06102063,350.0,-6.494650542602983e-08,352.3,ASK
1509,1712611993.195863,19866119.20457231,350.0,-7.108437876269468e-08,352.3,ASK
1510,1712611993.216652,19866529.64223461,350.0,-5.7643145207904063e-08,352.3,ASK
1511,1712611993.5962925,19869677.19033948,350.0,-4.420514712060055e-07,352.3,ASK
1512,1712611993.600755,19873632.28033946,350.0,-5.55465173205186e-07,352.3,ASK
1513,1712611994.496077,19873883.94810531,349.9,-3.5345005840012045e-08,352.3,ASK
1514,1712611994.501156,19874046.5724559,349.9,-2.2839470927253083e-08,352.3,ASK
1515,1712611995.4456067,19878075.73886078,349.9,-5.65868694509623e-07,352.3,ASK
1516,1712612006.6712804,19878431.75125059,349.9,-4.999949021928632e-08,352.3,ASK
1517,1712612010.6248224,19878431.75125059,349.9,-0.0,352.3,ASK
