,time,acc_trade_volume,trade_price,dev,high,ask_bid
0,1712601588.421779,10128753.08787774,671.6,0.0,681.0,ASK
1,1712601600.396807,10128753.08787774,671.6,-0.0,681.0,ASK
2,1712601602.65654,10128762.00715825,672.7,1.2391446392074019e-09,681.0,BID
3,1712601630.397024,10128762.00715825,672.7,0.0,681.0,BID
4,1712601642.9363077,10128770.92643876,671.4,-1.239143606291245e-09,681.0,ASK
5,1712601660.6061924,10128770.92643876,671.4,-0.0,681.0,ASK
6,1712601667.3661897,10128779.84571927,672.7,1.2391425753729283e-09,681.0,BID
7,1712601690.6065488,10128779.84571927,672.7,0.0,681.0,BID
8,1712601712.245962,10128788.76499978,672.1,-1.2391415424602127e-09,681.0,ASK
9,1712601720.3958368,10128788.76499978,672.1,-0.0,681.0,ASK
10,1712601737.506156,10128797.68428029,672.7,1.2391405102117267e-09,681.0,BID
11,1712601750.3757458,10128797.68428029,672.7,0.0,681.0,BID
12,1712601778.7765086,10128806.6035608,672.0,-1.239139477561228e-09,681.0,ASK
13,1712601780.5955486,10128806.6035608,672.0,-0.0,681.0,ASK
14,1712601804.206276,10128812.54798046,672.9,8.25846763005299e-10,681.0,BID
15,1712601804.208005,10128815.52107397,672.7,4.1304614943874627e-10,681.0,BID
16,1712601810.6289115,10128815.52107397,672.7,0.0,681.0,BID
17,1712601840.376967,10128815.52107397,672.7,0.0,681.0,BID
18,1712601848.1452436,10128824.43858714,672.7,-1.238891880001658e-09,681.0,ASK
19,1712601860.4053495,10129567.71196308,672.7,-1.0326145107873445e-07,681.0,ASK
20,1712601870.4054964,10129567.71196308,672.7,-0.0,681.0,ASK
21,1712601873.2451742,10129597.43406146,672.9,4.1289401307401525e-09,681.0,BID
22,1712601873.5254302,10129606.35069097,672.9,1.238682038652784e-09,681.0,BID
23,1712601900.385165,10129606.35069097,672.9,0.0,681.0,BID
24,1712601910.4355595,10129615.26732048,672.7,-1.2386784281758467e-09,681.0,ASK
25,1712601915.3777804,10129815.26732048,672.8,2.7783557156583007e-08,681.0,BID
26,1712601915.3791378,10130849.56129606,672.9,1.4368182893624917e-07,681.0,BID
27,1712601930.3952563,10130849.56129606,672.9,0.0,681.0,BID
28,1712601960.5950906,10130849.56129606,672.9,0.0,681.0,BID
29,1712601969.9950063,10131028.85811814,672.7,-2.4904623366263623e-08,681.0,ASK
30,1712601971.9411466,10131037.77474765,672.9,1.238534498652816e-09,681.0,BID
31,1712601973.5447423,10131037.77474766,672.7,-1.5523468414720137e-18,681.0,ASK
32,1712601990.6150775,10131037.77474766,672.7,-0.0,681.0,ASK
33,1712602011.2647526,10131046.69137717,671.6,-1.238512717239281e-09,681.0,ASK
34,1712602020.5900629,10131046.69137717,671.6,-0.0,681.0,ASK
35,1712602036.5549276,10131055.61198377,672.6,1.239064101245389e-09,681.0,BID
36,1712602050.3551908,10131055.61198377,672.6,0.0,681.0,BID
37,1712602071.2545002,10132787.61554484,671.6,-2.4057351068549685e-07,681.0,ASK
38,1712602080.6048102,10132787.61554484,671.6,-0.0,681.0,ASK
39,1712602080.7768452,10132796.53615144,671.3,-1.238862906565744e-09,681.0,ASK
40,1712602088.7645402,10132820.37629866,671.3,-3.3108369644982754e-09,681.0,ASK
41,1712602095.2445102,10141694.7590166,671.3,-1.232443494120021e-06,681.0,ASK
42,1712602103.074474,10141704.7590166,671.1,-1.3887653184358412e-09,681.0,ASK
43,1712602106.204517,10141713.69956197,671.1,1.2416319338872318e-09,681.0,BID
44,1712602110.615197,10141713.69956197,671.1,0.0,681.0,BID
45,1712602140.3743205,10141713.69956197,671.1,0.0,681.0,BID
46,1712602147.134351,10141722.64010734,670.1,-1.2405995578007639e-09,681.0,ASK
47,1712602170.38426,10141722.64010734,670.1,-0.0,681.0,ASK
48,1712602172.344351,10141765.50052374,671.1,5.947351893706351e-09,681.0,BID
49,1712602172.3459766,10142020.39241798,671.8,3.5369040181714346e-08,681.0,BID
50,1712602174.3242767,10142029.32364751,671.8,1.2393058518286187e-09,681.0,BID
51,1712602200.414523,10142029.32364751,671.8,0.0,681.0,BID
52,1712602213.6843956,10142030.25487704,670.0,-1.2921585540801962e-10,681.0,ASK
53,1712602213.686283,10142038.25487704,670.0,-1.1100666485228054e-09,681.0,ASK
54,1712602230.394478,10142038.25487704,670.0,-0.0,681.0,ASK
55,1712602239.8542426,10142047.19142753,671.4,1.240019801938743e-09,681.0,BID
56,1712602260.424254,10142047.19142753,671.4,0.0,681.0,BID
57,1712602282.1440437,10142056.12797802,670.0,-1.2400187693035335e-09,681.0,ASK
58,1712602290.40422,10142056.12797802,670.0,-0.0,681.0,ASK
59,1712602307.5377316,10142065.06452851,671.4,1.2400177393396591e-09,681.0,BID
60,1712602320.5940056,10142065.06452851,671.4,0.0,681.0,BID
61,1712602335.1143355,10142437.14370695,671.9,5.1628914094616834e-08,681.0,BID
62,1712602346.8737378,10142446.08025744,670.0,-1.240016706966341e-09,681.0,ASK
63,1712602350.6341383,10142446.08025744,670.0,-0.0,681.0,ASK
64,1712602367.593859,10142448.20715646,670.0,-2.9511349429859187e-10,681.0,ASK
65,1712602367.5959396,10151173.034652,670.0,-1.2105954745597577e-06,681.0,ASK
66,1712602374.6035974,10151181.96588153,671.8,1.239234363852096e-09,681.0,BID
67,1712602380.3736172,10151181.96588153,671.8,0.0,681.0,BID
68,1712602410.3897643,10151181.96588153,671.8,0.0,681.0,BID
69,1712602421.1838176,10151190.89711106,670.1,-1.2382287621036963e-09,681.0,ASK
70,1712602439.7734516,10151198.45911952,670.1,-1.048399477586537e-09,681.0,ASK
71,1712602440.5835335,10151198.45911952,670.1,-0.0,681.0,ASK
72,1712602444.2134614,10151205.90291883,671.7,1.0320093389844087e-09,681.0,BID
73,1712602445.9537182,10151214.835478,671.7,1.2384112062648158e-09,681.0,BID
74,1712602470.6134846,10151214.835478,671.7,0.0,681.0,BID
75,1712602483.1157274,10151514.835478,671.7,4.1591976971912734e-08,681.0,BID
76,1712602493.765587,10151523.76803717,670.0,-1.238409317639237e-09,681.0,ASK
77,1712602500.4034476,10151523.76803717,670.0,-0.0,681.0,ASK
78,1712602530.3748326,10151523.76803717,670.0,-0.0,681.0,ASK
79,1712602548.924345,10151532.70591889,671.3,1.2391925556343655e-09,681.0,BID
80,1712602560.6047049,10151532.70591889,671.3,0.0,681.0,BID
81,1712602561.4647093,10151849.59018972,669.6,-4.393438121948444e-08,681.0,ASK
82,1712602561.4749296,10151857.21196972,669.7,-1.056720761940717e-09,681.0,ASK
83,1712602561.477016,10152586.70835963,669.6,-1.0114093832620333e-07,681.0,ASK
84,1712602590.6056256,10152586.70835963,669.6,-0.0,681.0,ASK
85,1712602591.435455,10152595.64624135,669.7,-1.239070281612584e-09,681.0,ASK
86,1712602615.9063723,10152604.58279184,671.4,1.2388857316207755e-09,681.0,BID
87,1712602620.4208767,10152604.58279184,671.4,0.0,681.0,BID
88,1712602650.3871648,10152604.58279184,671.4,0.0,681.0,BID
89,1712602661.367447,10152613.51934233,670.4,-1.238883672841809e-09,681.0,ASK
90,1712602680.59763,10152613.51934233,670.4,-0.0,681.0,ASK
91,1712602684.747765,10152622.45589282,671.4,1.2388826441490047e-09,681.0,BID
92,1712602694.584388,10157051.05589282,671.4,6.139411044199394e-07,681.0,BID
93,1712602694.9035096,10157656.05589282,671.4,8.387173557650153e-08,681.0,BID
94,1712602695.084092,10158297.36918962,671.4,8.890588305941196e-08,681.0,BID
95,1712602710.5881534,10158297.36918962,671.4,0.0,681.0,BID
96,1712602727.3788424,10158306.30574011,670.9,-1.2382275787481955e-09,681.0,ASK
97,1712602740.369257,10158306.30574011,670.9,-0.0,681.0,ASK
98,1712602750.1490874,10158315.23829928,671.7,1.2376735224947195e-09,681.0,BID
99,1712602751.8392496,10158345.01349654,671.7,4.125578412100957e-09,681.0,BID
100,1712602770.3994625,10158345.01349654,671.7,0.0,681.0,BID
101,1712602794.2401018,10158353.94605571,671.1,-1.2376690637964663e-09,681.0,ASK
102,1712602800.4806745,10158353.94605571,671.1,-0.0,681.0,ASK
103,1712602818.2403717,10158362.87861488,671.7,1.2380391694019404e-09,681.0,BID
104,1712602830.400721,10158362.87861488,671.7,0.0,681.0,BID
105,1712602860.6013737,10158362.87861488,671.7,0.0,681.0,BID
106,1712602868.0714514,10158371.81117405,670.6,-1.238038139860677e-09,681.0,ASK
107,1712602890.615715,10158371.81117405,670.6,-0.0,681.0,ASK
108,1712602920.382121,10158371.81117405,670.6,-0.0,681.0,ASK
109,1712602926.272102,10158380.74373322,671.7,1.238037112007135e-09,681.0,BID
110,1712602950.4130497,10158380.74373322,671.7,0.0,681.0,BID
111,1712602970.8025188,10158389.67629239,670.7,-1.2380360824692935e-09,681.0,ASK
112,1712602980.6026723,10158389.67629239,670.7,-0.0,681.0,ASK
113,1712602997.9828432,10158398.60885156,671.7,1.238035054465895e-09,681.0,BID
114,1712603010.6230483,10158398.60885156,671.7,0.0,681.0,BID
115,1712603040.3944504,10158398.60885156,671.7,0.0,681.0,BID
116,1712603070.4319928,10158398.60885156,671.7,0.0,681.0,BID
117,1712603077.853885,10158407.54141073,670.7,-1.2380340249314755e-09,681.0,ASK
118,1712603095.3441584,10158467.09180525,671.7,8.253560173782492e-09,681.0,BID
119,1712603100.593923,10158467.09180525,671.7,0.0,681.0,BID
120,1712603101.0740058,10158476.02436442,671.7,1.2380278404893574e-09,681.0,BID
121,1712603130.6041358,10158476.02436442,671.7,0.0,681.0,BID
122,1712603144.534612,10158484.95692359,671.0,-1.238026810966935e-09,681.0,ASK
123,1712603160.3950367,10158484.95692359,671.0,-0.0,681.0,ASK
124,1712603167.5547438,10158493.88948276,671.7,1.2380257827772791e-09,681.0,BID
125,1712603190.3848605,10158493.88948276,671.7,0.0,681.0,BID
126,1712603214.4612403,10158502.82204193,671.1,-1.2380247530001232e-09,681.0,ASK
127,1712603215.0951824,10159065.4027886,671.7,7.797193130166016e-08,681.0,BID
128,1712603220.6055276,10159065.4027886,671.7,0.0,681.0,BID
129,1712603237.4154005,10159074.33534777,671.7,1.237958887911657e-09,681.0,BID
130,1712603250.6256237,10159074.33534777,671.7,0.0,681.0,BID
131,1712603280.3758595,10159074.33534777,671.7,0.0,681.0,BID
132,1712603283.2661643,10159083.26790694,670.7,-1.237957858503911e-09,681.0,ASK
133,1712603307.3258235,10159092.20046611,671.7,1.237957858503911e-09,681.0,BID
134,1712603310.366809,10159092.20046611,671.7,0.0,681.0,BID
135,1712603340.616393,10159092.20046611,671.7,0.0,681.0,BID
136,1712603344.116396,10160346.07890746,671.7,1.737739499946641e-07,681.0,BID
137,1712603350.286173,10160355.01146663,671.4,-1.237955801226091e-09,681.0,ASK
138,1712603352.4499433,10161007.21334221,671.7,9.03881049198639e-08,681.0,BID
139,1712603355.8867302,10161573.57539546,671.7,7.849163672849082e-08,681.0,BID
140,1712603355.889596,10161725.64289037,671.7,2.107490517811148e-08,681.0,BID
141,1712603355.966117,10161725.64289038,671.7,1.5488544711158781e-18,681.0,BID
142,1712603370.6162271,10161725.64289038,671.7,0.0,681.0,BID
143,1712603374.6864398,10161734.56217089,672.7,1.2358125662550895e-09,681.0,BID
144,1712603377.797588,10161764.33736816,671.9,-4.125507984118336e-09,681.0,ASK
145,1712603400.4166803,10161764.33736816,671.9,-0.0,681.0,ASK
146,1712603418.0866473,10165867.02758485,671.9,-5.685293723000993e-07,681.0,ASK
147,1712603418.6267364,10165875.94686536,671.9,-1.235987286648122e-09,681.0,ASK
148,1712603430.4066446,10165875.94686536,671.9,-0.0,681.0,ASK
149,1712603441.1465745,10165884.86614587,672.7,1.2355143007176823e-09,681.0,BID
150,1712603460.5866618,10165884.86614587,672.7,0.0,681.0,BID
151,1712603478.6042242,10165893.78542638,671.4,-1.2355132738449542e-09,681.0,ASK
152,1712603490.6179235,10165893.78542638,671.4,-0.0,681.0,ASK
153,1712603505.3170462,10165902.70470689,672.7,1.23551224895837e-09,681.0,BID
154,1712603520.397906,10165902.70470689,672.7,0.0,681.0,BID
155,1712603546.187426,10165911.6239874,671.4,-1.2355112220890532e-09,681.0,ASK
156,1712603550.4174054,10165911.6239874,671.4,-0.0,681.0,ASK
157,1712603553.740621,10165943.61655056,672.7,4.4316509578020014e-09,681.0,BID
158,1712603567.8074586,10165952.53583107,672.7,1.2355101972058735e-09,681.0,BID
159,1712603580.4272623,10165952.53583107,672.7,0.0,681.0,BID
160,1712603610.3875318,10165952.53583107,672.7,0.0,681.0,BID
161,1712603612.1378226,10165962.53583107,672.7,1.3852075687597555e-09,681.0,BID
162,1712603640.6074462,10165962.53583107,672.7,0.0,681.0,BID
163,1712603646.6978626,10165971.45511158,672.2,-1.235504335810226e-09,681.0,ASK
164,1712603669.247958,10165980.37439209,672.7,1.235504335810226e-09,681.0,BID
165,1712603670.617839,10165980.37439209,672.7,0.0,681.0,BID
166,1712603700.4378755,10165980.37439209,672.7,0.0,681.0,BID
167,1712603717.927802,10165989.2936726,672.2,-1.235587764618503e-09,681.0,ASK
168,1712603730.380658,10165989.2936726,672.2,-0.0,681.0,ASK
169,1712603730.618956,10166511.16780062,672.2,-7.229515328467684e-08,681.0,ASK
170,1712603730.7179904,10167098.03012468,672.2,-8.1297959406157e-08,681.0,ASK
171,1712603734.6761253,10167604.39130357,672.2,-7.014614651272659e-08,681.0,ASK
172,1712603735.9379866,10167604.39130359,672.2,-2.838351822471568e-18,681.0,ASK
173,1712603739.428088,10167613.31721849,672.2,1.2365057995454614e-09,681.0,BID
174,1712603757.208422,10167616.69636663,672.6,4.681129407962711e-10,681.0,BID
175,1712603757.210965,10167625.36443663,672.6,1.200786579871902e-09,681.0,BID
176,1712603760.608386,10167625.36443663,672.6,0.0,681.0,BID
177,1712603780.9047458,10167634.29035153,671.1,-1.2363174450854542e-09,681.0,ASK
178,1712603790.6281705,10167634.29035153,671.1,-0.0,681.0,ASK
179,1712603820.388362,10167634.29035153,671.1,-0.0,681.0,ASK
180,1712603843.8989627,10167643.20963204,672.7,1.235397498667536e-09,681.0,BID
181,1712603850.4185998,10167643.20963204,672.7,0.0,681.0,BID
182,1712603873.1386688,10167655.26401901,672.7,1.6696354736636259e-09,681.0,BID
183,1712603880.6286488,10167655.26401901,672.7,0.0,681.0,BID
184,1712603885.3499377,10167664.18329952,671.1,-1.235395084437937e-09,681.0,ASK
185,1712603909.5714104,10167673.10390612,672.6,1.235578759234038e-09,681.0,BID
186,1712603910.618669,10167673.10390612,672.6,0.0,681.0,BID
187,1712603940.3786623,10167673.10390612,672.6,0.0,681.0,BID
188,1712603954.909103,10167682.02451272,671.0,-1.2355767080235963e-09,681.0,ASK
189,1712603970.3888152,10167682.02451272,671.0,-0.0,681.0,ASK
190,1712603981.718835,10167690.94511932,672.6,1.235575683642429e-09,681.0,BID
191,1712604000.4191582,10167690.94511932,672.6,0.0,681.0,BID
192,1712604024.839043,10167699.86572592,671.0,-1.236085736534172e-09,681.0,ASK
193,1712604030.40903,10167699.86572592,671.0,-0.0,681.0,ASK
194,1712604051.008994,10167708.78633252,672.6,1.2360847113087894e-09,681.0,BID
195,1712604060.629743,10167708.78633252,672.6,0.0,681.0,BID
196,1712604073.8210552,10169760.11070247,671.0,-2.842417222518501e-07,681.0,ASK
197,1712604077.349658,10171811.43507243,671.0,-2.842417222531406e-07,681.0,ASK
198,1712604077.4889307,10174240.64520701,671.0,-3.366034560305213e-07,681.0,ASK
199,1712604090.639523,10174240.64520701,671.0,-0.0,681.0,ASK
200,1712604093.3391805,10174249.56581361,671.0,-1.2353334491941586e-09,681.0,ASK
201,1712604117.719232,10174258.49438503,672.0,1.236436424428452e-09,681.0,BID
202,1712604120.4097006,10174258.49438503,672.0,0.0,681.0,BID
203,1712604124.4873085,10175001.87826846,671.0,-1.0294428324515857e-07,681.0,ASK
204,1712604124.4919014,10175815.89438503,671.0,-1.127254807889603e-07,681.0,ASK
205,1712604142.1795783,10175815.96323735,671.0,-9.534714058816336e-12,681.0,ASK
206,1712604142.183155,10176239.49438503,671.0,-5.865086855083812e-08,681.0,ASK
207,1712604142.3193743,10176294.41673987,670.1,-7.605683388007256e-09,681.0,ASK
208,1712604142.322097,10177266.99438503,671.0,-1.3468318430494506e-07,681.0,ASK
209,1712604150.3892548,10177266.99438503,671.0,-0.0,681.0,ASK
210,1712604155.6295738,10177275.92295645,670.1,-1.2360888303342163e-09,681.0,ASK
211,1712604180.5991642,10177275.92295645,670.1,-0.0,681.0,ASK
212,1712604183.9694743,10177284.85285673,671.9,1.236271776222732e-09,681.0,BID
213,1712604210.660634,10177284.85285673,671.9,0.0,681.0,BID
214,1712604222.3335378,10177293.78275701,670.1,-1.2362707495710576e-09,681.0,ASK
215,1712604240.393235,10177293.78275701,670.1,-0.0,681.0,ASK
216,1712604270.3993902,10177293.78275701,670.1,-0.0,681.0,ASK
217,1712604279.1499355,10177302.71265729,671.9,1.236269725156406e-09,681.0,BID
218,1712604300.6333008,10177302.71265729,671.9,0.0,681.0,BID
219,1712604321.970122,10177311.64255757,670.0,-1.2362686985081391e-09,681.0,ASK
220,1712604330.5995195,10177311.64255757,670.0,-0.0,681.0,ASK
221,1712604347.9496262,10177320.57245785,671.9,1.236267674249723e-09,681.0,BID
222,1712604360.4198425,10177320.57245785,671.9,0.0,681.0,BID
223,1712604390.3996332,10177320.57245785,671.9,0.0,681.0,BID
224,1712604420.4095445,10177320.57245785,671.9,0.0,681.0,BID
225,1712604430.6900203,10177329.50235813,670.2,-1.236266647346995e-09,681.0,ASK
226,1712604450.3904226,10177329.50235813,670.2,-0.0,681.0,ASK
227,1712604455.7807505,10177338.43225841,671.9,1.23626562330204e-09,681.0,BID
228,1712604480.6203165,10177338.43225841,671.9,0.0,681.0,BID
229,1712604496.8401382,10177347.36215869,670.0,-1.236264596144853e-09,681.0,ASK
230,1712604510.6305006,10177347.36215869,670.0,-0.0,681.0,ASK
231,1712604521.8903518,10177356.28674592,672.3,1.2355280289013227e-09,681.0,BID
232,1712604540.4305131,10177356.28674592,672.3,0.0,681.0,BID
233,1712604565.0275867,10177365.21133315,670.1,-1.2355270023585195e-09,681.0,ASK
234,1712604570.400322,10177365.21133315,670.1,-0.0,681.0,ASK
235,1712604591.0401647,10177374.13592038,672.3,1.2355259794336415e-09,681.0,BID
236,1712604600.5000648,10177374.13592038,672.3,0.0,681.0,BID
237,1712604630.399954,10177374.13592038,672.3,0.0,681.0,BID
238,1712604634.5233505,10177383.06050761,670.2,-1.2360383069574518e-09,681.0,ASK
239,1712604658.1501222,10177391.98907903,672.0,1.2365901094867541e-09,681.0,BID
240,1712604660.6301224,10177391.98907903,672.0,0.0,681.0,BID
241,1712604690.6201532,10177391.98907903,672.0,0.0,681.0,BID
242,1712604720.3903997,10177391.98907903,672.0,0.0,681.0,BID
243,1712604735.6501763,10177400.91765045,670.3,-1.2365880575154987e-09,681.0,ASK
244,1712604750.420325,10177400.91765045,670.3,-0.0,681.0,ASK
245,1712604760.5402975,10177409.84489341,672.1,1.2364030439462507e-09,681.0,BID
246,1712604780.4504526,10177409.84489341,672.1,0.0,681.0,BID
247,1712604806.4004817,10177418.77213637,670.8,-1.236402016254912e-09,681.0,ASK
248,1712604810.4108355,10177418.77213637,670.8,-0.0,681.0,ASK
249,1712604830.0707564,10177427.69937933,672.1,1.2364009910685183e-09,681.0,BID
250,1712604840.6504302,10177427.69937933,672.1,0.0,681.0,BID
251,1712604870.620515,10177427.69937933,672.1,0.0,681.0,BID
252,1712604870.746206,10177436.62662229,670.9,-1.236399963380592e-09,681.0,ASK
253,1712604889.550727,10183316.84432988,671.3,-8.143948800085737e-07,681.0,ASK
254,1712604900.3903644,10183316.84432988,671.3,-0.0,681.0,ASK
255,1712604930.39071,10183316.84432988,671.3,-0.0,681.0,ASK
256,1712604960.620765,10183316.84432988,671.3,-0.0,681.0,ASK
257,1712604990.623429,10183316.84432988,671.3,-0.0,681.0,ASK
258,1712604992.471032,10183325.77157284,672.1,1.236851531460388e-09,681.0,BID
259,1712605020.484089,10183325.77157284,672.1,0.0,681.0,BID
260,1712605041.9409995,10183814.83847089,672.1,6.775917736023035e-08,681.0,BID
261,1712605043.280708,10183823.76571385,672.0,-1.236850503539578e-09,681.0,ASK
262,1712605050.410936,10183823.76571385,672.0,-0.0,681.0,ASK
263,1712605064.740907,10183823.76571386,672.1,1.2902677641500372e-18,681.0,BID
264,1712605064.743503,10183832.68499436,672.7,1.2356900201533595e-09,681.0,BID
265,1712605080.6106417,10183832.68499436,672.7,0.0,681.0,BID
266,1712605101.940771,10184077.97060393,672.7,3.398219484706198e-08,681.0,BID
267,1712605110.620699,10184077.97060393,672.7,0.0,681.0,BID
268,1712605114.2941215,10184086.88988444,672.7,-1.2356607472934643e-09,681.0,ASK
269,1712605139.8707547,10184095.80651395,672.9,1.2352934825655683e-09,681.0,BID
270,1712605140.3809965,10184095.80651395,672.9,0.0,681.0,BID
271,1712605143.7509897,10185328.14837575,672.7,-1.7072609529241442e-07,681.0,ASK
272,1712605170.3808186,10185328.14837575,672.7,-0.0,681.0,ASK
273,1712605170.840911,10185328.14837576,672.7,-1.5481042666567465e-18,681.0,ASK
274,1712605186.6210258,10185337.06500527,672.2,-1.2351495751734475e-09,681.0,ASK
275,1712605200.445927,10185337.06500527,672.2,-0.0,681.0,ASK
276,1712605230.3913677,10185337.06500527,672.2,-0.0,681.0,ASK
277,1712605255.4010954,10185345.98296008,672.8,1.235332132751818e-09,681.0,BID
278,1712605260.621111,10185345.98296008,672.8,0.0,681.0,BID
279,1712605279.8314104,10186736.96404504,672.8,1.9268119639147541e-07,681.0,BID
280,1712605289.7411146,10186745.30606798,671.3,-1.155551989803336e-09,681.0,ASK
281,1712605289.8810878,10187034.60531932,671.3,4.0074251523466046e-08,681.0,BID
282,1712605290.020979,10187034.60531933,671.3,1.5481016946410645e-18,681.0,BID
283,1712605290.6111102,10187034.60531933,671.3,0.0,681.0,BID
284,1712605298.4113574,10187043.52327414,671.3,-1.235136802365519e-09,681.0,ASK
285,1712605303.890806,10187058.38874165,672.7,2.058867352022861e-09,681.0,BID
286,1712605320.3981848,10187058.38874165,672.7,0.0,681.0,BID
287,1712605327.201025,10187067.30802216,672.7,1.235317676709029e-09,681.0,BID
288,1712605350.4210289,10187067.30802216,672.7,0.0,681.0,BID
289,1712605368.752343,10187075.6500451,671.0,-1.1553667162336407e-09,681.0,ASK
290,1712605368.7612524,10187076.22730267,671.0,-7.994993392947428e-11,681.0,ASK
291,1712605380.611199,10187076.22730267,671.0,-0.0,681.0,ASK
292,1712605396.5514865,10187085.14525748,672.8,1.235132017405488e-09,681.0,BID
293,1712605410.6211154,10187085.14525748,672.8,0.0,681.0,BID
294,1712605439.0211585,10187094.06321229,671.2,-1.2351309910155608e-09,681.0,ASK
295,1712605440.4012191,10187094.06321229,671.2,-0.0,681.0,ASK
296,1712605470.0415492,10187102.9824928,672.7,1.2353135755710463e-09,681.0,BID
297,1712605470.3958745,10187102.9824928,672.7,0.0,681.0,BID
298,1712605500.4111547,10187102.9824928,672.7,0.0,681.0,BID
299,1712605517.771811,10187111.90177331,671.2,-1.235339107563459e-09,681.0,ASK
300,1712605530.4213452,10187111.90177331,671.2,-0.0,681.0,ASK
301,1712605543.6813483,10187120.82105382,672.7,1.235338083528996e-09,681.0,BID
302,1712605560.621564,10187120.82105382,672.7,0.0,681.0,BID
303,1712605590.611375,10187120.82105382,672.7,0.0,681.0,BID
304,1712605592.4418924,10187129.74033433,671.4,-1.2353370569491663e-09,681.0,ASK
305,1712605617.121322,10187138.65961484,672.7,1.2353370569491663e-09,681.0,BID
306,1712605620.394961,10187138.65961484,672.7,0.0,681.0,BID
307,1712605650.4017518,10187138.65961484,672.7,0.0,681.0,BID
308,1712605664.5521104,10187147.57889535,671.8,-1.2353350057784927e-09,681.0,ASK
309,1712605680.621426,10187147.57889535,671.8,-0.0,681.0,ASK
310,1712605710.621488,10187147.57889535,671.8,-0.0,681.0,ASK
311,1712605740.4116302,10187147.57889535,671.8,-0.0,681.0,ASK
312,1712605756.611714,10187156.49817586,672.7,1.2353339803192434e-09,681.0,BID
313,1712605767.4317856,10187919.02063881,672.7,1.0561052635791961e-07,681.0,BID
314,1712605770.4017687,10187919.02063881,672.7,0.0,681.0,BID
315,1712605788.591729,10188606.87499995,672.7,9.526203317519493e-08,681.0,BID
316,1712605796.5021098,10188615.79428046,672.2,-1.2352451970689736e-09,681.0,ASK
317,1712605800.441833,10188615.79428046,672.2,-0.0,681.0,ASK
318,1712605819.071663,10188624.71356097,672.7,1.2412419412482496e-09,681.0,BID
319,1712605830.412036,10188624.71356097,672.7,0.0,681.0,BID
320,1712605849.2518437,10189150.19867613,672.7,7.312850168308826e-08,681.0,BID
321,1712605860.6115966,10189150.19867613,672.7,0.0,681.0,BID
322,1712605863.9720974,10189159.11795664,672.3,-1.2411798467983654e-09,681.0,ASK
323,1712605879.8026652,10189439.180205,672.8,3.897260749998549e-08,681.0,BID
324,1712605885.0721498,10189448.09815981,672.8,1.2409953663733747e-09,681.0,BID
325,1712605890.632197,10189448.09815981,672.8,0.0,681.0,BID
326,1712605920.4150195,10189448.09815981,672.8,0.0,681.0,BID
327,1712605925.9216304,10189780.88382844,672.8,4.6308146167724025e-08,681.0,BID
328,1712605926.0421152,10190028.13653564,672.8,3.440597232603126e-08,681.0,BID
329,1712605927.8417587,10190203.04983512,672.8,2.4339721936570026e-08,681.0,BID
330,1712605929.9518683,10190211.96778993,672.2,-1.240960755782792e-09,681.0,ASK
331,1712605945.9016252,10190818.06778993,672.8,8.434067340658135e-08,681.0,BID
332,1712605950.4420998,10190818.06778993,672.8,0.0,681.0,BID
333,1712605951.7247567,10190826.98574474,672.8,1.2408016120536062e-09,681.0,BID
334,1712605956.742533,10190850.82184167,672.2,-3.316440610576368e-09,681.0,ASK
335,1712605980.612028,10190850.82184167,672.2,-0.0,681.0,ASK
336,1712605986.081928,10192292.78290872,672.2,-2.0062695678189089e-07,681.0,ASK
337,1712605996.0018408,10192301.70086353,672.2,-1.240797810096866e-09,681.0,ASK
338,1712606007.52204,10193710.29805137,672.8,1.9598488030316736e-07,681.0,BID
339,1712606008.281991,10194308.29805137,672.8,8.320260712791682e-08,681.0,BID
340,1712606010.6119175,10194308.29805137,672.8,0.0,681.0,BID
341,1712606019.7620268,10194317.21600618,672.8,1.240396501086477e-09,681.0,BID
342,1712606028.311823,10197469.81600618,672.8,4.384944858607873e-07,681.0,BID
343,1712606040.4122434,10197469.81600618,672.8,0.0,681.0,BID
344,1712606052.4021802,10197717.28969832,672.8,3.441088437687116e-08,681.0,BID
345,1712606052.6619482,10198849.84061176,672.8,1.5747968277500785e-07,681.0,BID
346,1712606058.9422295,10198858.75856657,672.4,-1.2400296338194268e-09,681.0,ASK
347,1712606062.3825915,10199098.39870695,672.8,3.3321639530256574e-08,681.0,BID
348,1712606062.4122882,10199278.40335134,672.8,2.502940394131453e-08,681.0,BID
349,1712606064.4621043,10199517.04451168,672.8,3.318273269774092e-08,681.0,BID
350,1712606064.4640765,10199694.09064259,672.8,2.46180266171372e-08,681.0,BID
351,1712606067.4821708,10200888.09064259,672.8,1.6602409569581814e-07,681.0,BID
352,1712606070.371915,10200888.09064259,672.8,0.0,681.0,BID
353,1712606074.288312,10201966.53392128,672.8,1.4990815037931134e-07,681.0,BID
354,1712606074.4417012,10202867.17206958,672.8,1.2519248961927429e-07,681.0,BID
355,1712606100.412949,10202867.17206958,672.8,0.0,681.0,BID
356,1712606103.112215,10203160.57257192,672.8,4.0778468706685874e-08,681.0,BID
357,1712606108.2018812,10203380.85093189,672.8,3.0615537932392655e-08,681.0,BID
358,1712606110.7319913,10203529.48351215,672.8,2.0657800428293933e-08,681.0,BID
359,1712606115.8524525,10203538.40146696,672.8,1.2394680249158144e-09,681.0,BID
360,1712606123.455727,10203708.75065588,672.8,2.3676098078106282e-08,681.0,BID
361,1712606130.412059,10203708.75065588,672.8,0.0,681.0,BID
362,1712606154.5322952,10203717.66861069,672.2,-1.239370491851017e-09,681.0,ASK
363,1712606160.353267,10205523.76861069,672.8,2.510022861778519e-07,681.0,BID
364,1712606160.4328191,10205523.84496602,672.8,1.0611462573514924e-11,681.0,BID
365,1712606160.4349704,10205738.79333956,672.9,2.987239530956464e-08,681.0,BID
366,1712606160.6119428,10205738.79333956,672.9,0.0,681.0,BID
367,1712606177.652254,10205747.70996907,672.9,1.2389511362286483e-09,681.0,BID
368,1712606190.6023452,10205747.70996907,672.9,0.0,681.0,BID
369,1712606220.4020152,10205747.70996907,672.9,0.0,681.0,BID
370,1712606220.67135,10205756.62659858,672.3,-1.2389501033280642e-09,681.0,ASK
371,1712606241.1722977,10206206.97983228,672.9,6.25757955740708e-08,681.0,BID
372,1712606241.492187,10206587.75418844,672.9,5.2907932014041766e-08,681.0,BID
373,1712606243.212584,10206852.10718287,672.9,3.67313870555574e-08,681.0,BID
374,1712606244.062124,10206861.02381238,672.9,1.2389501033280642e-09,681.0,BID
375,1712606244.1343389,10207055.16040972,672.9,2.6974941267385964e-08,681.0,BID
376,1712606250.3920023,10207055.16040972,672.9,0.0,681.0,BID
377,1712606254.953774,10207655.36040972,672.9,8.338654866754966e-08,681.0,BID
378,1712606262.1022367,10207803.97090162,672.9,2.0646644477381435e-08,681.0,BID
379,1712606280.622208,10207803.97090162,672.9,0.0,681.0,BID
380,1712606286.401683,10207812.88753113,672.2,-1.238711953377203e-09,681.0,ASK
381,1712606308.202671,10207821.80416064,672.9,1.238711953377203e-09,681.0,BID
382,1712606310.6526716,10207821.80416064,672.9,0.0,681.0,BID
383,1712606340.382638,10207821.80416064,672.9,0.0,681.0,BID
384,1712606352.3824255,10207851.52625902,672.9,4.129032966728842e-09,681.0,BID
385,1712606354.292378,10207860.44288853,672.2,-1.238709889449378e-09,681.0,ASK
386,1712606370.4073844,10207860.44288853,672.2,-0.0,681.0,ASK
387,1712606372.5327735,10208009.05338043,672.9,2.064509028216685e-08,681.0,BID
388,1712606377.3128695,10208017.97000994,672.9,1.238705416376264e-09,681.0,BID
389,1712606383.2252388,10210749.38610007,672.9,3.794505425427479e-07,681.0,BID
390,1712606383.227523,10211068.20977694,672.9,4.429124423797542e-08,681.0,BID
391,1712606383.2952137,10211068.20977752,672.9,8.047441521749551e-17,681.0,BID
392,1712606384.9254344,10211076.20977752,672.9,1.1113665000767456e-09,681.0,BID
393,1712606400.5135703,10211076.20977752,672.9,0.0,681.0,BID
394,1712606419.3427656,10211085.12640703,672.6,-1.238590770902216e-09,681.0,ASK
395,1712606430.4024832,10211085.12640703,672.6,-0.0,681.0,ASK
396,1712606441.602607,10211093.12640703,673.7,1.1112627143909163e-09,681.0,BID
397,1712606441.605729,10211094.03244829,673.7,1.2585623385455634e-10,681.0,BID
398,1712606460.6329134,10211094.03244829,673.7,0.0,681.0,BID
399,1712606482.383388,10211102.93848955,672.2,-1.237117917173212e-09,681.0,ASK
400,1712606490.6124868,10211102.93848955,672.2,-0.0,681.0,ASK
401,1712606504.642935,10211111.85379415,673.0,1.2384036365945355e-09,681.0,BID
402,1712606520.41511,10211111.85379415,673.0,0.0,681.0,BID
403,1712606548.5926874,10211120.76909875,672.2,-1.238402604453275e-09,681.0,ASK
404,1712606550.4367435,10211120.76909875,672.2,-0.0,681.0,ASK
405,1712606570.4125872,10211129.67910766,673.4,1.237665963373453e-09,681.0,BID
406,1712606580.4024782,10211129.67910766,673.4,0.0,681.0,BID
407,1712606610.392826,10211129.67910766,673.4,0.0,681.0,BID
408,1712606612.48264,10211138.58911657,672.3,-1.2376649315899854e-09,681.0,ASK
409,1712606637.1717806,10211147.49515783,673.7,1.237113796422666e-09,681.0,BID
410,1712606640.627119,10211147.49515783,673.7,0.0,681.0,BID
411,1712606670.600717,10211147.49515783,673.7,0.0,681.0,BID
412,1712606677.570681,10211156.40119909,672.2,-1.2371117357225444e-09,681.0,ASK
413,1712606699.580076,10211165.30856251,673.6,1.2372953932359862e-09,681.0,BID
414,1712606700.3901107,10211165.30856251,673.6,0.0,681.0,BID
415,1712606730.3890636,10211165.30856251,673.6,0.0,681.0,BID
416,1712606746.218759,10217114.73438404,673.6,8.264245631259359e-07,681.0,BID
417,1712606748.178517,10217123.64174746,672.2,-1.237306614804706e-09,681.0,ASK
418,1712606760.628132,10217123.64174746,672.2,-0.0,681.0,ASK
419,1712606768.8982096,10217132.55043342,673.5,1.23680079608374e-09,681.0,BID
420,1712606790.6101146,10217132.55043342,673.5,0.0,681.0,BID
421,1712606814.1571655,10217141.45911938,672.2,-1.2367997658476715e-09,681.0,ASK
422,1712606820.3670385,10217141.45911938,672.2,-0.0,681.0,ASK
423,1712606835.3906069,10217150.36780534,673.5,1.236798737601891e-09,681.0,BID
424,1712606850.3782456,10217150.36780534,673.5,0.0,681.0,BID
425,1712606875.7858598,10217159.2764913,672.2,-1.236797707369252e-09,681.0,ASK
426,1712606880.5959349,10217159.2764913,672.2,-0.0,681.0,ASK
427,1712606900.3952374,10217168.18782354,673.3,1.237164063373075e-09,681.0,BID
428,1712606910.6250403,10217168.18782354,673.3,0.0,681.0,BID
429,1712606940.4043746,10217168.18782354,673.3,0.0,681.0,BID
430,1712606942.6744597,10217177.09915578,672.4,-1.2371630328378403e-09,681.0,ASK
431,1712606965.1823266,10217186.01048802,673.3,1.2371630328378403e-09,681.0,BID
432,1712606970.3836956,10217186.01048802,673.3,0.0,681.0,BID
433,1712607000.4904077,10217186.01048802,673.3,0.0,681.0,BID
434,1712607003.7740169,10217215.71492883,673.3,4.123921737297672e-09,681.0,BID
435,1712607009.2390492,10217224.62626107,672.3,-1.237176520827269e-09,681.0,ASK
436,1712607028.1929965,10217959.43053198,672.3,-1.020142181726236e-07,681.0,ASK
437,1712607030.385556,10217959.43053198,672.3,-0.0,681.0,ASK
438,1712607031.6230035,10217968.35511921,672.3,1.2389272938164512e-09,681.0,BID
439,1712607047.2633076,10232818.15522766,672.2,-2.0614760312660616e-06,681.0,ASK
440,1712607047.2672915,10232826.15522766,672.2,-1.1105744272439503e-09,681.0,ASK
441,1712607047.2705262,10238859.22917498,672.1,-8.375222054458889e-07,681.0,ASK
442,1712607047.3026466,10248859.22917498,672.1,1.388218034054938e-06,681.0,BID
443,1712607060.6153133,10248859.22917498,672.1,0.0,681.0,BID
444,1712607060.9025035,10249066.18160097,671.9,2.86469135358966e-08,681.0,BID
445,1712607065.4444995,10253352.18160097,671.2,-5.932796913515774e-07,681.0,ASK
446,1712607065.448417,10253633.59362888,671.1,-3.8953812660120144e-08,681.0,ASK
447,1712607065.4518647,10253641.93565182,670.3,-1.1547253372369086e-09,681.0,ASK
448,1712607065.455224,10253649.93565182,671.0,-1.107381598416383e-09,681.0,ASK
449,1712607065.4585185,10255947.21252137,670.3,-3.179952664759561e-07,681.0,ASK
450,1712607065.4604316,10258227.21252137,670.9,-3.156037555486692e-07,681.0,ASK
451,1712607065.4624913,10258240.7417141,671.4,-1.8727473836795877e-09,681.0,ASK
452,1712607065.4643908,10264173.9542738,671.0,-8.21291301013095e-07,681.0,ASK
453,1712607065.466309,10268459.9542738,670.4,-5.932796913515774e-07,681.0,ASK
454,1712607065.4682412,10268468.29629674,670.7,-1.1547253372369086e-09,681.0,ASK
455,1712607070.122398,10268502.68153044,671.8,4.759696882116485e-09,681.0,BID
456,1712607073.5536835,10268511.60611767,670.0,-1.2353654588939835e-09,681.0,ASK
457,1712607090.2530727,10269741.40611767,671.4,1.7023223621666165e-07,681.0,BID
458,1712607090.6120722,10269741.40611767,671.4,0.0,681.0,BID
459,1712607096.192116,10269750.34266816,671.4,1.2346272823568568e-09,681.0,BID
460,1712607113.37608,10271836.74266816,671.4,2.8824615992816064e-07,681.0,BID
461,1712607114.161657,10274821.81729502,671.4,4.124023668962448e-07,681.0,BID
462,1712607114.2622027,10275578.28240844,671.4,1.0450928108852693e-07,681.0,BID
463,1712607114.267967,10276454.05320399,671.4,1.2099193289625908e-07,681.0,BID
464,1712607114.4419465,10278798.58226395,671.4,-3.2390792675125124e-07,681.0,ASK
465,1712607114.5618012,10281783.6568908,671.4,-4.124023668947008e-07,681.0,ASK
466,1712607114.5670495,10281783.65689081,671.4,-1.2866667742883017e-18,681.0,ASK
467,1712607120.3734937,10281783.65689081,671.4,-0.0,681.0,ASK
468,1712607150.4111445,10281783.65689081,671.4,-0.0,681.0,ASK
469,1712607154.011003,10281805.56996403,672.4,3.024018250625422e-09,681.0,BID
470,1712607161.2212868,10281834.05327746,671.8,3.930715640903017e-09,681.0,BID
471,1712607169.890942,10281842.98982795,671.4,-1.2332497364759975e-09,681.0,ASK
472,1712607180.611013,10281842.98982795,671.4,-0.0,681.0,ASK
473,1712607193.660751,10281851.92105748,671.8,1.232508659454433e-09,681.0,BID
474,1712607210.6104574,10281851.92105748,671.8,0.0,681.0,BID
475,1712607238.66038,10281860.85228701,671.4,-1.2325076389389491e-09,681.0,ASK
476,1712607240.3801544,10281860.85228701,671.4,-0.0,681.0,ASK
477,1712607270.4115326,10281860.85228701,671.4,-0.0,681.0,ASK
478,1712607271.909839,10281890.60533669,672.2,4.1059106750556616e-09,681.0,BID
479,1712607300.3998847,10281890.60533669,672.2,0.0,681.0,BID
480,1712607330.3899834,10281890.60533669,672.2,0.0,681.0,BID
481,1712607359.73917,10281899.52594329,672.6,1.2314327632293431e-09,681.0,BID
482,1712607360.618982,10281899.52594329,672.6,0.0,681.0,BID
483,1712607390.6183505,10281899.52594329,672.6,0.0,681.0,BID
484,1712607403.3486972,10281908.44654989,671.4,-1.231431743281623e-09,681.0,ASK
485,1712607407.938568,10282205.80010326,672.6,4.104772478051095e-08,681.0,BID
486,1712607416.288051,10282441.8036715,672.6,3.257875820394683e-08,681.0,BID
487,1712607420.378701,10282441.8036715,672.6,0.0,681.0,BID
488,1712607425.78834,10282450.7242781,672.6,1.23136974633215e-09,681.0,BID
489,1712607450.37806,10282450.7242781,672.6,0.0,681.0,BID
490,1712607469.4382434,10282459.6448847,671.5,-1.2313687264888158e-09,681.0,ASK
491,1712607480.1534605,10282471.46895236,672.6,1.6321521381534723e-09,681.0,BID
492,1712607480.61755,10282471.46895236,672.6,0.0,681.0,BID
493,1712607491.387534,10282480.38955896,672.6,1.2313663565400158e-09,681.0,BID
494,1712607510.6058366,10282480.38955896,672.6,0.0,681.0,BID
495,1712607533.9771483,10282489.31016556,671.4,-1.231365336702296e-09,681.0,ASK
496,1712607540.377189,10282489.31016556,671.4,-0.0,681.0,ASK
497,1712607556.4706285,10282498.23608046,672.2,1.232097054902271e-09,681.0,BID
498,1712607564.726982,10283951.95216915,671.4,-2.006650670020504e-07,681.0,ASK
499,1712607570.419123,10283951.95216915,671.4,-0.0,681.0,ASK
500,1712607597.276834,10283960.87808405,670.3,-1.231930060941159e-09,681.0,ASK
501,1712607598.1767886,10283978.75118503,671.4,2.4667959110441997e-09,681.0,BID
502,1712607600.417152,10283978.75118503,671.4,0.0,681.0,BID
503,1712607601.9267173,10283986.75118503,671.4,-1.1041351095864302e-09,681.0,ASK
504,1712607621.356529,10283995.67975645,672.0,1.2322936478800658e-09,681.0,BID
505,1712607630.349458,10283995.67975645,672.0,0.0,681.0,BID
506,1712607634.886919,10284003.67975645,670.3,-1.1041333767400272e-09,681.0,ASK
507,1712607634.8907988,10285564.61816338,670.3,-2.154355242660231e-07,681.0,ASK
508,1712607635.008118,10285564.61816339,670.3,1.2853804239305061e-18,681.0,BID
509,1712607635.0140796,10289998.58417893,670.3,6.119612336360968e-07,681.0,BID
510,1712607635.0266695,10290864.38417893,672.1,1.1949483469779229e-07,681.0,BID
511,1712607660.4205835,10290864.38417893,672.1,0.0,681.0,BID
512,1712607690.3872006,10290864.38417893,672.1,0.0,681.0,BID
513,1712607694.1261334,10290873.31275035,671.0,-1.231508897109497e-09,681.0,ASK
514,1712607718.2363105,10290882.24132177,672.0,1.231508897109497e-09,681.0,BID
515,1712607720.605929,10290882.24132177,672.0,0.0,681.0,BID
516,1712607722.2460864,10292515.8883088,672.0,2.2532691706726821e-07,681.0,BID
517,1712607722.2518127,10300882.24132177,672.0,1.153960767825278e-06,681.0,BID
518,1712607733.670775,10300982.24132177,671.1,-1.3792876848925464e-08,681.0,ASK
519,1712607735.1907225,10300998.55985962,671.1,-2.2507958291865352e-09,681.0,ASK
520,1712607750.5955188,10300998.55985962,671.1,-0.0,681.0,ASK
521,1712607759.2755516,10301007.48843104,671.0,-1.230353221775702e-09,681.0,ASK
522,1712607778.5357091,10301037.29469035,671.8,4.1072894471896584e-09,681.0,BID
523,1712607780.3883564,10301037.29469035,671.8,0.0,681.0,BID
524,1712607783.7155478,10301046.22591988,671.8,1.230715096260445e-09,681.0,BID
525,1712607810.4142983,10301046.22591988,671.8,0.0,681.0,BID
526,1712607823.3751366,10301055.15714941,671.0,-1.230714078712934e-09,681.0,ASK
527,1712607839.4550536,10301212.36640057,671.0,-2.1663270220354738e-08,681.0,ASK
528,1712607840.585095,10301212.36640057,671.0,-0.0,681.0,ASK
529,1712607870.605283,10301212.36640057,671.0,-0.0,681.0,ASK
530,1712607881.1947703,10301221.29630085,671.9,1.2305120066664938e-09,681.0,BID
531,1712607900.416289,10301221.29630085,671.9,0.0,681.0,BID
532,1712607921.8352609,10301230.22620113,671.1,-1.2307030278950031e-09,681.0,ASK
533,1712607930.4046876,10301230.22620113,671.1,-0.0,681.0,ASK
534,1712607944.7166324,10301239.15610141,671.9,1.230702011427687e-09,681.0,BID
535,1712607960.584447,10301239.15610141,671.9,0.0,681.0,BID
536,1712607983.434855,10301248.08600169,671.2,-1.2307009940070579e-09,681.0,ASK
537,1712607990.6042764,10301248.08600169,671.2,-0.0,681.0,ASK
538,1712608006.254141,10301257.01723122,671.8,1.230883171647007e-09,681.0,BID
539,1712608020.3943405,10301257.01723122,671.8,0.0,681.0,BID
540,1712608046.4341726,10301411.49194384,671.4,2.128936070263617e-08,681.0,BID
541,1712608050.3937824,10301411.49194384,671.4,0.0,681.0,BID
542,1712608051.2239256,10301420.42317337,671.2,-1.230864560241372e-09,681.0,ASK
543,1712608075.734185,10301429.35972386,671.4,1.231597872701403e-09,681.0,BID
544,1712608080.6039894,10301429.35972386,671.4,0.0,681.0,BID
545,1712608098.8437295,10302456.32879262,671.2,-1.415323318493427e-07,681.0,ASK
546,1712608098.9341156,10302603.03865958,671.2,-2.021890454906265e-08,681.0,ASK
547,1712608110.6036017,10302603.03865958,671.2,-0.0,681.0,ASK
548,1712608117.9537854,10302611.97521007,671.0,-1.231462140131007e-09,681.0,ASK
549,1712608140.4039536,10302611.97521007,671.0,-0.0,681.0,ASK
550,1712608140.8535073,10302620.91176056,671.4,1.2314611223043443e-09,681.0,BID
551,1712608170.393347,10302620.91176056,671.4,0.0,681.0,BID
552,1712608182.5063272,10302665.42343359,671.0,-6.133725711674884e-09,681.0,ASK
553,1712608182.5113895,10302673.42343359,671.0,-1.102403085563901e-09,681.0,ASK
554,1712608183.943281,10302682.35998408,670.9,-1.2314601041294387e-09,681.0,ASK
555,1712608190.8936512,10302889.60928247,670.9,-2.8559033253261348e-08,681.0,ASK
556,1712608200.6730263,10302889.60928247,670.9,-0.0,681.0,ASK
557,1712608206.7638645,10302898.55249308,670.9,1.2328627947347647e-09,681.0,BID
558,1712608230.6147318,10302898.55249308,670.9,0.0,681.0,BID
559,1712608250.7831402,10303397.12883532,671.0,6.873098946177734e-08,681.0,BID
560,1712608250.7892015,10303901.95479722,670.9,6.959252761859307e-08,681.0,BID
561,1712608260.402701,10303901.95479722,670.9,0.0,681.0,BID
562,1712608280.222965,10303909.95479722,670.3,-1.102733610680327e-09,681.0,ASK
563,1712608280.22621,10303910.89800783,670.2,-1.3001375535402607e-10,681.0,ASK
564,1712608290.3933496,10303910.89800783,670.2,-0.0,681.0,ASK
565,1712608302.582754,10303919.83988562,671.0,1.2325626292119228e-09,681.0,BID
566,1712608320.6026824,10303919.83988562,671.0,0.0,681.0,BID
567,1712608350.612638,10303919.83988562,671.0,0.0,681.0,BID
568,1712608360.083153,10304669.83988562,670.0,-1.0338110507636162e-07,681.0,ASK
569,1712608380.3827822,10304669.83988562,670.0,-0.0,681.0,ASK
570,1712608410.393188,10304669.83988562,670.0,-0.0,681.0,ASK
571,1712608413.602642,10304678.78176341,670.0,-1.232476241935995e-09,681.0,ASK
572,1712608413.8822231,10304688.17073509,671.0,1.2941000539814491e-09,681.0,BID
573,1712608427.5559134,10304837.42446644,670.0,-2.057192932347607e-08,681.0,ASK
574,1712608440.402133,10304837.42446644,670.0,-0.0,681.0,ASK
575,1712608469.152115,10304846.36634423,671.0,1.232457166835481e-09,681.0,BID
576,1712608470.401966,10304846.36634423,671.0,0.0,681.0,BID
577,1712608500.4568515,10304846.36634423,671.0,0.0,681.0,BID
578,1712608514.8819563,10304855.30822202,670.1,-1.2324561476204255e-09,681.0,ASK
579,1712608530.4051692,10304855.30822202,670.1,-0.0,681.0,ASK
580,1712608536.9638317,10304864.25009981,671.0,1.232455129774107e-09,681.0,BID
581,1712608556.5723886,10306347.62280193,670.1,-2.0445261488374085e-07,681.0,ASK
582,1712608556.5796802,10306807.63564654,670.1,-6.340337045869294e-08,681.0,ASK
583,1712608560.601537,10306807.63564654,670.1,-0.0,681.0,ASK
584,1712608571.542321,10306926.8784547,670.9,1.643222141428996e-08,681.0,BID
585,1712608583.3417585,10306935.82033249,670.1,-1.2322329368910163e-09,681.0,ASK
586,1712608590.5916803,10306935.82033249,670.1,-0.0,681.0,ASK
587,1712608592.1918223,10306950.72346214,671.0,2.053697225060006e-09,681.0,BID
588,1712608592.1969,10310701.93251485,671.0,5.16928175688624e-07,681.0,BID
589,1712608592.2915568,10315361.13971452,671.0,-6.420531204841898e-07,681.0,ASK
590,1712608602.5747497,10315370.08025989,671.1,1.232034723281737e-09,681.0,BID
591,1712608605.9223611,10324078.15982629,670.0,-1.2000002187985118e-06,681.0,ASK
592,1712608605.928741,10325370.08025989,670.1,-1.7803061985921797e-07,681.0,ASK
593,1712608620.3725607,10325370.08025989,670.1,-0.0,681.0,ASK
594,1712608650.3718,10325370.08025989,670.1,-0.0,681.0,ASK
595,1712608651.82156,10325379.02080526,670.0,-1.2299399147646087e-09,681.0,ASK
596,1712608655.2714968,10325412.39386843,671.2,4.591091568538921e-09,681.0,BID
597,1712608657.0016425,10325449.01080526,671.2,5.0373473090018515e-09,681.0,BID
598,1712608657.007589,10325499.0088863,671.2,6.878174986182893e-09,681.0,BID
599,1712608671.3117185,10325507.94943167,671.1,1.2299399147646087e-09,681.0,BID
600,1712608680.6311302,10325507.94943167,671.1,0.0,681.0,BID
601,1712608710.6018095,10325507.94943167,671.1,0.0,681.0,BID
602,1712608723.79233,10327017.20947037,671.0,-2.076244186872972e-07,681.0,ASK
603,1712608724.3320198,10327026.15001574,670.3,-1.2299242591571271e-09,681.0,ASK
604,1712608740.3725634,10327026.15001574,670.3,-0.0,681.0,ASK
605,1712608741.6121058,10327035.09189353,671.0,1.2299351927211222e-09,681.0,BID
606,1712608770.3624682,10327035.09189353,671.0,0.0,681.0,BID
607,1712608779.102105,10337035.09189353,671.0,1.3754763893962524e-06,681.0,BID
608,1712608779.1422443,10338431.63966783,671.0,1.920918490213508e-07,681.0,BID
609,1712608779.262616,10340115.69331941,671.0,2.316376036225641e-07,681.0,BID
610,1712608786.0930018,10340124.6351972,670.3,-1.2299341776730315e-09,681.0,ASK
611,1712608792.6928496,10341522.3308227,671.0,1.922497332438713e-07,681.0,BID
612,1712608800.4364862,10341522.3308227,671.0,0.0,681.0,BID
613,1712608801.8426929,10341659.07471712,671.0,1.87890704779914e-08,681.0,BID
614,1712608809.6930742,10341800.77471712,671.1,1.947005603482549e-08,681.0,BID
615,1712608809.7134042,10342224.06827262,671.1,5.8161956561046144e-08,681.0,BID
616,1712608827.33454,10342863.66321159,671.1,8.788249330433079e-08,681.0,BID
617,1712608827.346938,10343714.15916817,671.1,1.1686100163652541e-07,681.0,BID
618,1712608830.372914,10343714.15916817,671.1,0.0,681.0,BID
619,1712608839.65319,10343723.09305738,671.6,1.2272983413592124e-09,681.0,BID
620,1712608858.6109996,10343985.13617362,671.6,3.5998328883128463e-08,681.0,BID
621,1712608859.3230178,10345210.94108704,671.6,1.683956787442913e-07,681.0,BID
622,1712608860.5930803,10345210.94108704,671.6,0.0,681.0,BID
623,1712608883.8535218,10345219.87497625,671.1,-1.2271288809220771e-09,681.0,ASK
624,1712608890.5832405,10345219.87497625,671.1,-0.0,681.0,ASK
625,1712608895.1938207,10355210.94108704,671.1,-1.372338003143118e-06,681.0,ASK
626,1712608895.296054,10357426.92708374,671.1,3.043801095882377e-07,681.0,BID
627,1712608895.3145783,10360114.12941253,671.1,3.691047418804104e-07,681.0,BID
628,1712608895.3183105,10361353.11783855,671.1,1.7018312997108386e-07,681.0,BID
629,1712608895.3222582,10361944.16792576,672.3,8.118457904738382e-08,681.0,BID
630,1712608895.3259473,10362554.1605486,672.7,8.378645969074944e-08,681.0,BID
631,1712608895.3289864,10362562.1605486,672.6,1.0988521048107743e-09,681.0,BID
632,1712608895.332007,10363308.31783855,672.3,1.0248956357270693e-07,681.0,BID
633,1712608895.3393142,10364536.71783855,672.7,1.687287406937456e-07,681.0,BID
634,1712608909.4466074,10364545.63314315,673.0,1.224575153000345e-09,681.0,BID
635,1712608920.3937445,10364545.63314315,673.0,0.0,681.0,BID
636,1712608948.934201,10364554.54844775,671.7,-1.222396749414255e-09,681.0,ASK
637,1712608950.3873074,10364554.54844775,671.7,-0.0,681.0,ASK
638,1712608966.4442334,10365188.68229666,671.7,-8.694739594462322e-08,681.0,ASK
639,1712608966.5240724,10367064.95869966,671.7,2.572601156582972e-07,681.0,BID
640,1712608966.529941,10367538.28707224,671.7,6.48990264330511e-08,681.0,BID
641,1712608973.774054,10367547.20370175,672.9,1.222577406695748e-09,681.0,BID
642,1712608980.6139696,10367547.20370175,672.9,0.0,681.0,BID
643,1712609010.614046,10367547.20370175,672.9,0.0,681.0,BID
644,1712609017.144244,10367556.12033126,672.0,-1.2222405333295951e-09,681.0,ASK
645,1712609039.3451269,10367565.03696077,672.9,1.2222405333295951e-09,681.0,BID
646,1712609040.387517,10367565.03696077,672.9,0.0,681.0,BID
647,1712609070.404297,10367565.03696077,672.9,0.0,681.0,BID
648,1712609081.3443618,10367573.95359028,672.0,-1.2222385242245507e-09,681.0,ASK
649,1712609100.4244552,10367573.95359028,672.0,-0.0,681.0,ASK
650,1712609130.396445,10367573.95359028,672.0,-0.0,681.0,ASK
651,1712609152.4046247,10367886.90024195,672.0,-4.289682991878222e-08,681.0,ASK
652,1712609160.4246256,10367886.90024195,672.0,-0.0,681.0,ASK
653,1712609169.2846422,10367916.66214672,672.0,-4.0794638907398225e-09,681.0,ASK
654,1712609170.9153397,10367925.57745132,673.0,1.2220206830923947e-09,681.0,BID
655,1712609190.3863058,10367925.57745132,673.0,0.0,681.0,BID
656,1712609208.4448657,10370006.07745132,673.0,2.8517309101933125e-07,681.0,BID
657,1712609215.6248045,10370014.99275592,672.0,-1.222016327791275e-09,681.0,ASK
658,1712609220.6150155,10370014.99275592,672.0,-0.0,681.0,ASK
659,1712609239.4049282,10370023.90806052,673.0,1.2217808387269702e-09,681.0,BID
660,1712609250.6046655,10370023.90806052,673.0,0.0,681.0,BID
661,1712609276.9549446,10370032.82336512,672.0,-1.221779833852848e-09,681.0,ASK
662,1712609280.3846562,10370032.82336512,672.0,-0.0,681.0,ASK
663,1712609304.0637302,10370041.73999463,672.9,1.2219604002745302e-09,681.0,BID
664,1712609310.3956742,10370041.73999463,672.9,0.0,681.0,BID
665,1712609326.27884,10370164.89541545,672.9,1.6877557086935943e-08,681.0,BID
666,1712609326.2874656,10371762.83999463,672.9,2.189867135158209e-07,681.0,BID
667,1712609340.6080315,10371762.83999463,672.9,0.0,681.0,BID
668,1712609347.1154172,10371771.75662414,672.0,-1.2217654853614987e-09,681.0,ASK
669,1712609370.595239,10371771.75662414,672.0,-0.0,681.0,ASK
670,1712609372.5951157,10371780.67325365,672.9,1.2217644822605968e-09,681.0,BID
671,1712609390.8756902,10371957.28617535,672.9,2.4199659142412733e-08,681.0,BID
672,1712609390.9203663,10372134.5124061,672.9,2.42836952922912e-08,681.0,BID
673,1712609399.027671,10372396.41726659,672.9,3.588643622798971e-08,681.0,BID
674,1712609399.049844,10372661.30790725,672.9,3.629555047428714e-08,681.0,BID
675,1712609400.4251406,10372661.30790725,672.9,0.0,681.0,BID
676,1712609412.4952,10372670.22453676,672.0,-1.2216651210698452e-09,681.0,ASK
677,1712609413.3150425,10372994.22453676,672.9,4.439115685839619e-08,681.0,BID
678,1712609430.3956015,10372994.22453676,672.9,0.0,681.0,BID
679,1712609436.0951164,10373003.14116627,672.9,1.2216276271576275e-09,681.0,BID
680,1712609448.4355876,10373127.14116627,672.0,-1.6988686767533972e-08,681.0,ASK
681,1712609460.5953324,10373127.14116627,672.0,-0.0,681.0,ASK
682,1712609466.2850256,10373749.73751138,672.0,-8.529810358251058e-08,681.0,ASK
683,1712609478.0740595,10373758.65414089,672.0,-1.2216126765354971e-09,681.0,ASK
684,1712609490.6153429,10373758.65414089,672.0,-0.0,681.0,ASK
685,1712609520.3967931,10373758.65414089,672.0,-0.0,681.0,ASK
686,1712609536.5854237,10373767.5707704,672.9,1.2215416545775952e-09,681.0,BID
687,1712609539.175426,10373782.4318196,672.9,2.035902759840841e-09,681.0,BID
688,1712609539.180176,10378374.28002043,672.9,6.290643614296278e-07,681.0,BID
689,1712609550.375742,10378374.28002043,672.9,0.0,681.0,BID
690,1712609569.5753026,10378382.28002043,673.0,1.0955010489622518e-09,681.0,BID
691,1712609580.5955312,10378382.28002043,673.0,0.0,681.0,BID
692,1712609581.7854269,10378391.19664994,673.1,-1.2210212224516335e-09,681.0,ASK
693,1712609593.505234,10378399.19664994,673.1,-1.095500241280372e-09,681.0,ASK
694,1712609601.3953536,10378414.04887035,673.3,2.0338263801488476e-09,681.0,BID
695,1712609601.3989844,10378422.04887035,673.3,1.095500241280372e-09,681.0,BID
696,1712609604.3526654,10378430.04887035,673.5,1.095500241280372e-09,681.0,BID
697,1712609604.3583963,10378430.95742141,673.6,1.2441473838965084e-10,681.0,BID
698,1712609610.5951235,10378430.95742141,673.6,0.0,681.0,BID
699,1712609634.615425,10379916.1888851,672.6,-2.033830156008618e-07,681.0,ASK
700,1712609640.3660665,10379916.1888851,672.6,-0.0,681.0,ASK
701,1712609650.00518,10379925.09743616,672.6,-1.219742649438888e-09,681.0,ASK
702,1712609670.3868651,10379925.09743616,672.6,-0.0,681.0,ASK
703,1712609673.7759554,10379932.1888851,673.6,9.709475272334767e-10,681.0,BID
704,1712609673.784712,10379934.00479958,673.6,2.4863151224422843e-10,681.0,BID
705,1712609695.7361898,10380369.4947803,673.7,5.962644918866835e-08,681.0,BID
706,1712609695.7445822,10380382.52447153,673.6,1.784000221578772e-09,681.0,BID
707,1712609695.7495518,10380390.52447153,673.7,1.0953445879988254e-09,681.0,BID
708,1712609695.8152184,10381713.33333332,673.7,-1.811164409648512e-07,681.0,ASK
709,1712609700.617335,10381713.33333332,673.7,-0.0,681.0,ASK
710,1712609712.0251207,10381722.24069674,672.5,-1.2193829111297491e-09,681.0,ASK
711,1712609730.6153452,10381722.24069674,672.5,-0.0,681.0,ASK
712,1712609734.4061,10381731.14541624,673.8,1.2190199694624667e-09,681.0,BID
713,1712609746.788348,10381740.06204575,673.1,-1.2206504015253995e-09,681.0,ASK
714,1712609756.4654307,10381745.99852542,673.8,8.126799802366179e-10,681.0,BID
715,1712609756.4717407,10381776.26204575,673.8,4.142953141788424e-09,681.0,BID
716,1712609760.3754115,10381776.26204575,673.8,0.0,681.0,BID
717,1712609778.8556771,10381785.16676525,673.0,-1.219013896212069e-09,681.0,ASK
718,1712609790.384966,10381785.16676525,673.0,-0.0,681.0,ASK
719,1712609794.155368,10382069.24693988,673.8,3.88891976234435e-08,681.0,BID
720,1712609795.9157734,10382918.04693988,673.8,1.1619660184195929e-07,681.0,BID
721,1712609800.1897895,10383919.1410758,673.8,1.370449301577775e-07,681.0,BID
722,1712609801.5354197,10383928.0457953,673.8,1.2190128961383359e-09,681.0,BID
723,1712609808.5052829,10384636.35993614,673.8,9.696476932431893e-08,681.0,BID
724,1712609813.6452713,10384958.15993614,673.8,4.4052858709545086e-08,681.0,BID
725,1712609819.125894,10385342.43973146,673.8,5.260603955330857e-08,681.0,BID
726,1712609820.6050875,10385342.43973146,673.8,0.0,681.0,BID
727,1712609825.0257978,10385352.43973146,673.8,1.368502445893267e-09,681.0,BID
728,1712609836.337463,10385557.47369869,673.8,2.8058948564609683e-08,681.0,BID
729,1712609836.3407657,10385842.73973146,673.8,3.9038726357639176e-08,681.0,BID
730,1712609847.3552792,10385851.64445096,673.1,-1.218613041556712e-09,681.0,ASK
731,1712609850.605333,10385851.64445096,673.1,-0.0,681.0,ASK
732,1712609869.2353148,10385860.54917046,673.8,1.2185558269989451e-09,681.0,BID
733,1712609880.3950534,10385860.54917046,673.8,0.0,681.0,BID
734,1712609910.3855429,10385860.54917046,673.8,0.0,681.0,BID
735,1712609910.975316,10385869.45388996,673.0,-1.218554826488765e-09,681.0,ASK
736,1712609934.9251423,10386492.05023508,673.0,-8.519839185391736e-08,681.0,ASK
737,1712609935.8055985,10386500.95495458,673.8,1.218554826488765e-09,681.0,BID
738,1712609940.4470308,10386500.95495458,673.8,0.0,681.0,BID
739,1712609947.1265843,10386574.93553173,673.8,1.0123179364254942e-08,681.0,BID
740,1712609947.134236,10387135.85495458,673.8,7.675376626035728e-08,681.0,BID
741,1712609953.6891782,10387157.51569004,674.4,2.963960524092414e-09,681.0,BID
742,1712609953.696279,10387165.51569004,674.0,1.0946850921349661e-09,681.0,BID
743,1712609970.4129777,10387165.51569004,674.0,0.0,681.0,BID
744,1712609972.4577594,10387254.48366157,674.4,1.217324310574518e-08,681.0,BID
745,1712609980.3557353,10387263.38838107,673.4,-1.218408303532898e-09,681.0,ASK
746,1712610000.5522754,10387263.38838107,673.4,-0.0,681.0,ASK
747,1712610004.9251704,10387272.28517822,674.4,1.2176595068023576e-09,681.0,BID
748,1712610023.1153772,10388707.83462911,674.0,-1.9647637310543818e-07,681.0,ASK
749,1712610023.1850648,10389636.61304969,674.0,-1.2711719222296908e-07,681.0,ASK
750,1712610023.2154405,10393627.71097194,674.0,-5.462413321858884e-07,681.0,ASK
751,1712610023.295229,10395392.90209431,674.0,-2.415927569379881e-07,681.0,ASK
752,1712610023.299734,10396645.72447772,674.0,-1.714674460605373e-07,681.0,ASK
753,1712610025.1518528,10397272.28517822,674.0,-8.575418554091812e-08,681.0,ASK
754,1712610030.408177,10397272.28517822,674.0,-0.0,681.0,ASK
755,1712610051.3777442,10397281.18197537,673.0,-1.216536290027724e-09,681.0,ASK
756,1712610060.6153915,10397281.18197537,673.0,-0.0,681.0,ASK
757,1712610072.0333197,10397290.07877252,674.4,1.216535294015093e-09,681.0,BID
758,1712610090.595658,10397290.07877252,674.4,0.0,681.0,BID
759,1712610110.7351398,10397298.97556967,673.1,-1.216534295677459e-09,681.0,ASK
760,1712610120.4146898,10397298.97556967,673.1,-0.0,681.0,ASK
761,1712610136.445289,10397307.87764682,674.0,1.217255278374397e-09,681.0,BID
762,1712610150.3941414,10397307.87764682,674.0,0.0,681.0,BID
763,1712610180.595542,10397307.87764682,674.0,0.0,681.0,BID
764,1712610204.495227,10398402.37764682,673.1,-1.496599935572798e-07,681.0,ASK
765,1712610210.3844352,10398411.27972397,673.1,-1.2172542794477043e-09,681.0,ASK
766,1712610210.6090734,10398411.27972397,673.1,-0.0,681.0,ASK
767,1712610224.1883173,10398784.57972397,673.1,-5.1039198229255054e-08,681.0,ASK
768,1712610233.6353042,10398793.4831221,673.9,1.2173112833564259e-09,681.0,BID
769,1712610240.385292,10398793.4831221,673.9,0.0,681.0,BID
770,1712610270.3680222,10398793.4831221,673.9,0.0,681.0,BID
771,1712610272.0357378,10398793.54759648,673.1,-8.814907559478435e-12,681.0,ASK
772,1712610272.040939,10398802.38652023,672.7,-1.208453558585097e-09,681.0,ASK
773,1712610296.6046607,10398811.28331738,674.4,1.216365983257026e-09,681.0,BID
774,1712610300.5988796,10398811.28331738,674.4,0.0,681.0,BID
775,1712610330.6351955,10398811.28331738,674.4,0.0,681.0,BID
776,1712610334.584543,10398820.18011453,673.3,-1.2182797269371476e-09,681.0,ASK
777,1712610360.391384,10398820.18011453,673.3,-0.0,681.0,ASK
778,1712610361.2751408,10398829.07691168,674.4,1.2182787276224091e-09,681.0,BID
779,1712610390.399092,10398829.07691168,674.4,0.0,681.0,BID
780,1712610398.1131415,10398858.71093153,674.4,4.057917217255815e-09,681.0,BID
781,1712610400.195462,10398867.60772868,673.8,-1.218277726676688e-09,681.0,ASK
782,1712610420.59509,10398867.60772868,673.8,-0.0,681.0,ASK
783,1712610425.204826,10398876.50452583,674.4,1.2182733923715131e-09,681.0,BID
784,1712610450.623847,10398876.50452583,674.4,0.0,681.0,BID
785,1712610452.264937,10401842.10357684,674.4,4.0609079735136614e-07,681.0,BID
786,1712610468.5467942,10401851.00037399,673.8,-1.2182723914345598e-09,681.0,ASK
787,1712610480.3827603,10401851.00037399,673.8,-0.0,681.0,ASK
788,1712610490.9046395,10401859.89717114,674.4,1.217937838164853e-09,681.0,BID
789,1712610510.42792,10401859.89717114,674.4,0.0,681.0,BID
790,1712610516.3674152,10401946.89717114,674.4,1.1909960752824772e-08,681.0,BID
791,1712610536.9245143,10401955.79396829,673.8,-1.2179368377792087e-09,681.0,ASK
792,1712610540.5952797,10401955.79396829,673.8,-0.0,681.0,ASK
793,1712610558.3145294,10401964.69076544,674.4,1.217926055816747e-09,681.0,BID
794,1712610570.61482,10401964.69076544,674.4,0.0,681.0,BID
795,1712610583.1844766,10401992.69349441,674.4,3.8334273172373935e-09,681.0,BID
796,1712610600.417866,10401992.69349441,674.4,0.0,681.0,BID
797,1712610602.9151182,10402000.8488918,673.8,-1.116458787331022e-09,681.0,ASK
798,1712610602.9233012,10402001.59029156,673.8,-1.0149625293010628e-10,681.0,ASK
799,1712610606.8046892,10402881.55762742,674.4,1.204658973181476e-07,681.0,BID
800,1712610606.8117552,10409404.89338497,674.4,8.930325746372649e-07,681.0,BID
801,1712610622.7045617,10411274.35456185,674.4,2.559257701922044e-07,681.0,BID
802,1712610630.412399,10411274.35456185,674.4,0.0,681.0,BID
803,1712610655.4645867,10411315.35456185,673.8,-5.608018384040285e-09,681.0,ASK
804,1712610658.7776785,10411324.251359,674.4,1.2169122433749163e-09,681.0,BID
805,1712610660.5944998,10411324.251359,674.4,0.0,681.0,BID
806,1712610675.2344956,10411655.3341314,674.4,4.528560328187761e-08,681.0,BID
1007,1712610675.3143008,10412058.97141168,674.4,5.520963115113813e-08,681.0,BID
807,1712610675.3143008,10412058.97141168,674.4,5.5209631151138134e-08,681.0,BID
808,1712610675.743347,10412290.09835644,674.4,3.161361448173949e-08,681.0,BID
809,1712610675.748521,10412520.19826153,674.4,3.1473135680100005e-08,681.0,BID
810,1712610678.292172,10412751.94408771,674.4,3.169826527258046e-08,681.0,BID
811,1712610678.3843458,10414028.81228136,674.4,1.7465042364492018e-07,681.0,BID
812,1712610678.3910282,10414147.69424996,674.4,1.6260712172775726e-08,681.0,BID
813,1712610683.3642132,10415037.11121656,674.4,1.2165472582539228e-07,681.0,BID
814,1712610688.7448082,10415111.240201,674.5,1.0139385256217632e-08,681.0,BID
815,1712610688.75305,10416171.87177995,674.5,1.4507351308143017e-07,681.0,BID
816,1712610688.844292,10416171.87177996,674.5,1.2738658775862473e-18,681.0,BID
817,1712610690.6420536,10416171.87177996,674.5,0.0,681.0,BID
818,1712610697.6543298,10416180.76857711,674.2,-1.2163627102339416e-09,681.0,ASK
819,1712610720.3844829,10416180.76857711,674.2,-0.0,681.0,ASK
820,1712610721.494449,10416189.66273661,674.6,1.2160010955987772e-09,681.0,BID
821,1712610749.434687,10416204.48633577,674.6,2.026668491815765e-09,681.0,BID
822,1712610750.3702905,10416204.48633577,674.6,0.0,681.0,BID
823,1712610764.3945236,10416347.14947457,674.6,1.9504727074909136e-08,681.0,BID
824,1712610766.9350088,10416356.04363407,674.6,-1.215998435596236e-09,681.0,ASK
825,1712610780.6244807,10416356.04363407,674.6,-0.0,681.0,ASK
826,1712610789.2156117,10416364.93515748,674.8,1.21562104046187e-09,681.0,BID
827,1712610810.6048827,10416364.93515748,674.8,0.0,681.0,BID
828,1712610811.6368735,10416800.61980479,674.8,5.956538215368027e-08,681.0,BID
829,1712610811.6453955,10416808.34984789,674.8,1.0568262484568404e-09,681.0,BID
830,1712610811.649719,10416823.16905359,674.8,2.0260334077709563e-09,681.0,BID
831,1712610824.024783,10417000.83231159,674.9,2.4289540434176493e-08,681.0,BID
832,1712610825.7849634,10417008.83231159,675.0,1.093733874193208e-09,681.0,BID
833,1712610825.7933254,10417846.77631726,675.0,1.1456096795980662e-07,681.0,BID
834,1712610828.9350328,10417855.66784067,674.9,-1.2156200435420924e-09,681.0,ASK
835,1712610840.4054437,10417855.66784067,674.9,-0.0,681.0,ASK
836,1712610851.9450643,10417864.55672955,675.0,1.2150927162756055e-09,681.0,BID
837,1712610853.924978,10418214.70878679,674.9,-4.786506166796837e-08,681.0,ASK
838,1712610858.3454812,10421262.12280871,675.0,4.16575190895318e-07,681.0,BID
839,1712610858.3536944,10421706.56725316,675.0,6.07546358838007e-08,681.0,BID
840,1712610858.3598506,10422056.56725316,675.0,4.7844275757936086e-08,681.0,BID
841,1712610858.3635402,10422609.73435862,675.0,7.561679866820959e-08,681.0,BID
842,1712610870.375143,10422609.73435862,675.0,0.0,681.0,BID
843,1712610872.29976,10422639.35959932,675.1,4.047933442217637e-09,681.0,BID
844,1712610880.7851143,10422683.79746039,675.1,6.071900165998791e-09,681.0,BID
845,1712610880.7922,10423639.35959932,675.1,1.3056609319801777e-07,681.0,BID
846,1712610894.735078,10423648.2484882,675.0,-1.2145599398823335e-09,681.0,ASK
847,1712610897.7176378,10423799.8057865,675.0,-2.0708485119236816e-08,681.0,ASK
848,1712610900.4356806,10423799.8057865,675.0,-0.0,681.0,ASK
849,1712610918.5451002,10423808.69335871,675.1,1.214300106777041e-09,681.0,BID
850,1712610930.4050114,10423808.69335871,675.1,0.0,681.0,BID
851,1712610933.17531,10424108.69335871,675.0,-4.0988666508544443e-08,681.0,ASK
852,1712610960.6158383,10424108.69335871,675.0,-0.0,681.0,ASK
853,1712610964.1056983,10424253.2215997,675.0,-1.9746186578684522e-08,681.0,ASK
854,1712610964.1124718,10425289.39335871,675.0,-1.4156707879945278e-07,681.0,ASK
855,1712610964.6254597,10425298.28093092,675.0,-1.214265515817309e-09,681.0,ASK
856,1712610988.995334,10425307.16850313,675.1,1.214265515817309e-09,681.0,BID
857,1712610989.295184,10425314.87106571,675.1,1.0523634467193216e-09,681.0,BID
858,1712610990.630746,10425314.87106571,675.1,0.0,681.0,BID
859,1712610995.2194445,10425326.60467941,675.1,1.602927938803834e-09,681.0,BID
860,1712611020.3309476,10425475.08277889,675.1,2.0283580152636363e-08,681.0,BID
861,1712611020.342769,10425514.26784605,675.1,5.3530685893041365e-09,681.0,BID
862,1712611020.415855,10425514.26784605,675.1,0.0,681.0,BID
863,1712611022.5786772,10425709.12801816,675.1,-2.6619341513397083e-08,681.0,ASK
864,1712611025.2854648,10425718.01559037,675.1,-1.2141081336893963e-09,681.0,ASK
865,1712611050.420671,10425718.01559037,675.1,-0.0,681.0,ASK
866,1712611060.0056393,10425888.50652204,675.1,-2.3289885306992294e-08,681.0,ASK
867,1712611060.025258,10426917.80652204,675.1,-1.406073549571839e-07,681.0,ASK
868,1712611060.0864916,10427825.01708294,675.1,-1.239293474765997e-07,681.0,ASK
869,1712611060.1854382,10430707.62351256,675.1,-3.937779709043426e-07,681.0,ASK
870,1712611060.1988769,10432620.29014626,675.1,-2.612795067323248e-07,681.0,ASK
871,1712611060.355445,10433212.29014626,675.1,-8.087006133755294e-08,681.0,ASK
872,1712611060.4989486,10435661.42541893,675.1,-3.345637157514034e-07,681.0,ASK
873,1712611065.7556772,10435766.60431193,675.2,1.4367945149183813e-08,681.0,BID
874,1712611065.7645893,10435809.44199678,675.3,5.851834799526697e-09,681.0,BID
875,1712611080.5956955,10435809.44199678,675.3,0.0,681.0,BID
876,1712611082.8157847,10435818.32562129,675.4,1.212417705156233e-09,681.0,BID
877,1712611101.915398,10435824.24803765,675.4,8.082784726462528e-10,681.0,BID
878,1712611101.9272158,10435845.30037765,675.4,2.873177464994936e-09,681.0,BID
879,1712611101.933731,10435966.32029348,675.5,1.651653426483681e-08,681.0,BID
880,1712611103.2455578,10435966.32029349,675.1,-1.2710487451351977e-18,681.0,ASK
881,1712611110.605549,10435966.32029349,675.1,-0.0,681.0,ASK
882,1712611125.3655274,10436929.83937809,675.0,-1.314970822589431e-07,681.0,ASK
883,1712611128.34561,10436938.7230026,675.0,-1.212400170878375e-09,681.0,ASK
884,1712611140.385364,10436938.7230026,675.0,-0.0,681.0,ASK
885,1712611169.7763188,10436961.89913725,675.0,-3.162699273423496e-09,681.0,ASK
886,1712611170.4056432,10436961.89913725,675.0,-0.0,681.0,ASK
887,1712611183.1819985,10436970.78144665,675.5,1.2121095231518071e-09,681.0,BID
888,1712611193.7860713,10437015.5480379,675.0,-6.108998135484647e-09,681.0,ASK
889,1712611200.425742,10437015.5480379,675.0,-0.0,681.0,ASK
890,1712611208.3957293,10437237.33519548,675.0,-3.031446375715718e-08,681.0,ASK
1091,1712611208.403041,10437377.07371591,675.0,-1.9099835893488442e-08,681.0,ASK
891,1712611208.403041,10437377.07371591,675.0,-1.909983589348844e-08,681.0,ASK
892,1712611214.8759468,10437391.87756491,675.5,2.0234298003895874e-09,681.0,BID
893,1712611225.65577,10437400.75987431,675.0,-1.2140578801319158e-09,681.0,ASK
894,1712611230.375487,10437400.75987431,675.0,-0.0,681.0,ASK
895,1712611232.716734,10438733.62052597,675.0,-1.8217249537190508e-07,681.0,ASK
896,1712611232.7259066,10439178.06497041,675.0,-6.074570015785412e-08,681.0,ASK
897,1712611260.6155992,10439178.06497041,675.0,-0.0,681.0,ASK
898,1712611266.425883,10446708.95385929,675.0,1.0291367690015705e-06,681.0,BID
899,1712611283.1956887,10446717.84274817,675.0,1.21471482551181e-09,681.0,BID
900,1712611290.6157534,10446717.84274817,675.0,0.0,681.0,BID
901,1712611296.1058517,10446732.65756298,675.0,2.023117657834729e-09,681.0,BID
902,1712611311.4758592,10446880.80571112,675.0,2.023117658419765e-08,681.0,BID
1102,1712611311.4758592,10446880.80571112,675.0,2.0231176584197652e-08,681.0,BID
903,1712611317.5157516,10447621.54645186,675.0,1.0115588292632993e-07,681.0,BID
904,1712611317.5991936,10449238.87384116,675.0,2.2086294306234225e-07,681.0,BID
905,1712611317.6958787,10449238.87384117,675.0,1.2718182238834125e-18,681.0,BID
906,1712611320.4062011,10449238.87384117,675.0,0.0,681.0,BID
907,1712611328.1757245,10449247.76273005,675.0,-1.213588574988981e-09,681.0,ASK
908,1712611350.4063177,10449247.76273005,675.0,-0.0,681.0,ASK
909,1712611350.8757255,10449256.64503945,675.5,1.2126892934935372e-09,681.0,BID
910,1712611380.5957727,10449256.64503945,675.5,0.0,681.0,BID
911,1712611386.2894907,10449266.64503945,675.3,1.365284911326996e-09,681.0,BID
912,1712611392.9324026,10449275.52734885,675.0,-1.2126883000937007e-09,681.0,ASK
913,1712611410.6288304,10449275.52734885,675.0,-0.0,681.0,ASK
914,1712611417.4360185,10449284.40965825,675.5,1.2126861893630576e-09,681.0,BID
915,1712611440.3976853,10449284.40965825,675.5,0.0,681.0,BID
916,1712611461.0762427,10449293.29196765,675.0,-1.21268519622261e-09,681.0,ASK
917,1712611470.3856752,10449293.29196765,675.0,-0.0,681.0,ASK
918,1712611484.1357849,10449302.17427705,675.5,1.212684203310484e-09,681.0,BID
919,1712611485.1563888,10449426.89825464,675.5,1.7028318942049458e-08,681.0,BID
920,1712611485.1639977,10449618.56754386,675.5,2.6168230450168174e-08,681.0,BID
921,1712611485.2391078,10449643.70532024,675.5,3.432011085363592e-09,681.0,BID
922,1712611485.2465055,10450005.23099825,675.5,4.93583885779555e-08,681.0,BID
923,1712611485.255966,10450745.20435921,675.7,1.010271051526339e-07,681.0,BID
924,1712611485.2618,10451755.66860566,675.7,1.3795669285542804e-07,681.0,BID
925,1712611486.517688,10452658.63380201,675.8,1.2328005932889236e-07,681.0,BID
926,1712611498.2425127,10453252.22652245,675.8,8.104204468650099e-08,681.0,BID
927,1712611498.2482476,10453764.76785126,675.8,6.997625786641323e-08,681.0,BID
928,1712611498.5057786,10453764.76785127,675.8,1.5258196357994065e-18,681.0,BID
929,1712611498.5258036,10453839.76785127,675.9,1.0239602242739191e-08,681.0,BID
930,1712611498.5343354,10453922.53443726,675.9,1.1299958926880682e-08,681.0,BID
931,1712611500.597479,10453922.53443726,675.9,0.0,681.0,BID
932,1712611516.246093,10453922.53443727,675.9,1.5254381104752161e-18,681.0,BID
933,1712611516.2548444,10454070.41967831,676.0,2.0185432058900504e-08,681.0,BID
934,1712611522.626928,10458725.47155456,675.8,-6.353861461663576e-07,681.0,ASK
935,1712611522.6381123,10459596.80276752,675.6,-1.1893138812518321e-07,681.0,ASK
936,1712611526.4360504,10462359.99431211,675.4,3.771587671434823e-07,681.0,BID
937,1712611526.5258462,10462359.99431212,675.4,1.5254381104752161e-18,681.0,BID
938,1712611530.5563293,10463314.1715085,675.4,-1.3023935880514013e-07,681.0,ASK
939,1712611530.5616283,10463741.59008442,675.4,-5.8340024767363714e-08,681.0,ASK
940,1712611530.6363342,10463741.59008442,675.4,-0.0,681.0,ASK
941,1712611532.2362003,10464012.59511951,676.0,3.695706766655978e-08,681.0,BID
942,1712611532.316188,10464085.48174751,676.0,-9.939579322199334e-09,681.0,ASK
943,1712611534.38615,10464085.48174805,676.0,-7.366280781796525e-17,681.0,ASK
944,1712611534.3944402,10464776.27963366,675.1,-9.420439068219633e-08,681.0,ASK
1145,1712611538.2160404,10465121.67857673,675.2,4.710219537729453e-08,681.0,BID
945,1712611538.2160404,10465121.67857673,675.2,4.7102195377294534e-08,681.0,BID
946,1712611538.305864,10465121.67857674,675.2,1.2700484106545741e-18,681.0,BID
947,1712611544.5464554,10465294.37804826,675.5,2.3551097686615192e-08,681.0,BID
948,1712611544.626086,10465294.37804828,675.5,2.7941065034400617e-18,681.0,BID
949,1712611549.176167,10465380.72778405,675.5,-1.1775548844704648e-08,681.0,ASK
950,1712611549.8260396,10466946.01562196,675.1,-2.134589437579921e-07,681.0,ASK
951,1712611560.4061923,10466946.01562196,675.1,-0.0,681.0,ASK
952,1712611561.485926,10466954.89793136,675.1,-1.210926861063919e-09,681.0,ASK
953,1712611583.1962795,10466963.77235821,676.1,1.2098522317892303e-09,681.0,BID
954,1712611583.215789,10467407.42808136,676.1,6.048366568421027e-08,681.0,BID
955,1712611590.3960602,10467407.42808136,676.1,0.0,681.0,BID
956,1712611598.6161857,10467415.42808136,675.1,-1.0905950782864062e-09,681.0,ASK
957,1712611605.2563374,10467563.33519569,676.1,2.016334636657293e-08,681.0,BID
958,1712611608.1060495,10467571.54732982,676.0,-1.1195141330915007e-09,681.0,ASK
959,1712611620.588961,10467571.54732982,676.0,-0.0,681.0,ASK
960,1712611647.9534194,10467721.54732982,675.1,-2.044834842656473e-08,681.0,ASK
961,1712611650.606404,10467721.54732982,675.1,-0.0,681.0,ASK
962,1712611659.186196,10467730.42175667,675.1,-1.2097657815586495e-09,681.0,ASK
963,1712611680.396246,10467730.42175667,675.1,-0.0,681.0,ASK
964,1712611710.4112422,10467730.42175667,675.1,-0.0,681.0,ASK
965,1712611712.9560778,10467739.30012305,675.8,1.2103018317941024e-09,681.0,BID
966,1712611740.6276643,10467739.30012305,675.8,0.0,681.0,BID
967,1712611744.7815976,10467762.87191771,675.8,3.213312190084037e-09,681.0,BID
968,1712611744.9161508,10468479.16398771,675.8,-9.764509124132184e-08,681.0,ASK
969,1712611744.946128,10468479.16398809,675.8,-5.179890338809106e-17,681.0,ASK
970,1712611747.716222,10468553.13942824,675.9,1.0084348138994624e-08,681.0,BID
971,1712611755.5861497,10468562.01779462,675.1,-1.2103008418624442e-09,681.0,ASK
972,1712611770.6122577,10468562.01779462,675.1,-0.0,681.0,ASK
973,1712611772.6462224,10468591.60797068,675.9,4.033433548633741e-09,681.0,BID
974,1712611778.14869,10468600.48502349,675.9,1.210030063549144e-09,681.0,BID
975,1712611800.7157888,10468600.48502349,675.9,0.0,681.0,BID
976,1712611818.6459117,10468609.3620763,675.1,-1.210128812382726e-09,681.0,ASK
977,1712611830.6058245,10468609.3620763,675.1,-0.0,681.0,ASK
978,1712611843.1893053,10468618.23912911,675.9,1.2101278237591664e-09,681.0,BID
979,1712611853.5361247,10468618.23912912,675.9,-1.5235047728842898e-18,681.0,ASK
980,1712611853.5419164,10468721.3307107,675.9,-1.4053537129271685e-08,681.0,ASK
981,1712611855.2558725,10470200.62065152,675.8,2.016581353182082e-07,681.0,BID
982,1712611860.4158528,10470200.62065152,675.8,0.0,681.0,BID
983,1712611880.8662612,10470209.49770433,675.2,-1.2099504483157299e-09,681.0,ASK
984,1712611884.4960256,10470354.71989428,675.2,-1.9793917823310805e-08,681.0,ASK
985,1712611890.3962631,10470354.71989428,675.2,-0.0,681.0,ASK
986,1712611904.6160965,10470570.37613137,675.2,-2.9393726259979264e-08,681.0,ASK
987,1712611904.621511,10470942.21989428,675.2,-5.06819275247545e-08,681.0,ASK
988,1712611918.2862425,10474542.85163113,675.1,-4.90762451687158e-07,681.0,ASK
989,1712611918.2939749,10474542.91989428,675.2,-9.304198171641646e-12,681.0,ASK
990,1712611918.2989855,10476118.17962251,675.1,-2.147063023299101e-07,681.0,ASK
991,1712611918.3159554,10476232.86796497,675.1,-1.5631904687543638e-08,681.0,ASK
992,1712611918.326208,10485265.205059,675.1,-1.2310983795889485e-06,681.0,ASK
993,1712611918.3345418,10485413.33126252,675.1,-2.0189451216225407e-08,681.0,ASK
994,1712611918.3394282,10496145.35159858,675.1,-1.4627634805805118e-06,681.0,ASK
995,1712611918.426263,10496341.71145043,675.0,-2.676364853443057e-08,681.0,ASK
1195,1712611918.426263,10496341.71145043,675.0,-2.6763648534430572e-08,681.0,ASK
996,1712611918.4347053,10496355.5444274,675.0,-1.8854207229407782e-09,681.0,ASK
997,1712611918.4395175,10498288.23765007,674.9,-2.634241248861532e-07,681.0,ASK
998,1712611918.445952,10503227.34255244,674.9,-6.731949858189845e-07,681.0,ASK
999,1712611918.626212,10503512.51371426,674.8,-3.886853995443148e-08,681.0,ASK
1000,1712611918.6356308,10504263.80355858,674.5,-1.0240004334611385e-07,681.0,ASK
1201,1712611920.6256926,10504263.80355858,674.5,-0.0,681.0,ASK
1202,1712611946.63358,10507245.65424838,673.0,-4.05159165178537e-07,681.0,ASK
1203,1712611946.6395571,10507255.65424838,673.0,-1.358750679786395e-09,681.0,ASK
1204,1712611946.640796,10507265.65424838,674.0,-1.358750679786395e-09,681.0,ASK
1205,1712611946.7259846,10509305.26077215,673.0,2.7713167506703936e-07,681.0,BID
1206,1712611946.73235,10516589.56978557,673.0,9.897559823759562e-07,681.0,BID
1207,1712611946.7371902,10516629.83178789,674.5,5.4706023020635174e-09,681.0,BID
1208,1712611946.833112,10518653.36978557,675.0,2.7494836299210084e-07,681.0,BID
1209,1712611950.605879,10518653.36978557,675.0,0.0,681.0,BID
1210,1712611957.3962717,10518801.51793371,675.0,2.0103175922563452e-08,681.0,BID
1211,1712611970.5065012,10519324.21428971,674.5,-7.092803339555005e-08,681.0,ASK
1212,1712611970.5098183,10520236.82072787,674.5,-1.2383744248401738e-07,681.0,ASK
1213,1712611970.5260582,10523249.25699968,674.5,-4.087768702348008e-07,681.0,ASK
1214,1712611970.8660705,10523541.20366201,673.6,-3.961612201364844e-08,681.0,ASK
1215,1712611970.8686628,10525150.42258398,673.6,-2.183652748445741e-07,681.0,ASK
1216,1712611974.1959426,10525159.31806211,674.5,1.207084691881957e-09,681.0,BID
1217,1712611980.3999226,10525159.31806211,674.5,0.0,681.0,BID
1218,1712611986.0060058,10525392.0188191,673.7,-3.155787891487798e-08,681.0,ASK
1219,1712611994.475952,10525566.51525608,673.7,-2.3664458597312173e-08,681.0,ASK
1220,1712611994.478599,10525566.5152561,673.7,-2.526039486991787e-18,681.0,ASK
1221,1712612010.4160972,10525566.5152561,673.7,-0.0,681.0,ASK
1222,1712612012.0566125,10525828.2163095,673.7,-3.5489454445659794e-08,681.0,ASK
1223,1712612012.0593112,10525828.2163101,673.7,-8.133544553506696e-17,681.0,ASK
1224,1712612018.0993495,10525828.21631058,673.7,-6.491679969724289e-17,681.0,ASK
1225,1712612018.104427,10525837.11178823,672.7,-1.2063216588286343e-09,681.0,ASK
1226,1712612040.5957873,10525837.11178823,672.7,-0.0,681.0,ASK
1227,1712612060.2257411,10529820.18993332,673.0,-5.401345320424464e-07,681.0,ASK
1228,1712612069.1660423,10529829.08409282,674.6,1.2061130874685171e-09,681.0,BID
1229,1712612070.6125593,10529829.08409282,674.6,0.0,681.0,BID
1230,1712612100.396465,10529829.08409282,674.6,0.0,681.0,BID
1231,1712612105.5959823,10531311.4440098,674.5,2.028841188068837e-07,681.0,BID
1232,1712612106.6557486,10531341.09560357,674.5,4.0582839595886795e-09,681.0,BID
1233,1712612116.0058782,10532771.19294269,672.8,-1.9573116834310962e-07,681.0,ASK
1234,1712612117.1765742,10532780.08710219,672.7,-1.2173047125236567e-09,681.0,ASK
1235,1712612120.9062884,10536141.69647607,672.8,4.600887731654523e-07,681.0,BID
1236,1712612120.9138815,10536429.29647607,674.5,3.93625541951248e-08,681.0,BID
1237,1712612130.4204562,10536429.29647607,674.5,0.0,681.0,BID
1238,1712612137.1162722,10536438.19855322,674.0,1.217647808808541e-09,681.0,BID
1239,1712612160.589098,10536438.19855322,674.0,0.0,681.0,BID
1240,1712612181.9559712,10536447.10063037,673.4,-1.2176468097471287e-09,681.0,ASK
1241,1712612190.6006937,10536447.10063037,673.4,-0.0,681.0,ASK
1242,1712612199.255965,10536553.80828384,673.4,-1.4595708964459072e-08,681.0,ASK
1243,1712612208.7158265,10536731.49286079,673.4,-2.4304089616360497e-08,681.0,ASK
1244,1712612208.7186782,10536903.80828384,673.4,-2.3569684864772746e-08,681.0,ASK
1245,1712612220.386435,10536903.80828384,673.4,-0.0,681.0,ASK
1246,1712612238.855621,10536912.71036099,674.0,1.2175945908312178e-09,681.0,BID
1247,1712612250.38595,10536912.71036099,674.0,0.0,681.0,BID
1248,1712612280.5263686,10536921.61243814,673.4,-1.217593591347612e-09,681.0,ASK
1249,1712612280.615415,10536921.61243814,673.4,-0.0,681.0,ASK
1250,1712612310.6161983,10536921.61243814,673.4,-0.0,681.0,ASK
1251,1712612317.0859556,10537111.52341736,674.0,2.59753086546151e-08,681.0,BID
1252,1712612340.39781,10537111.52341736,674.0,0.0,681.0,BID
1253,1712612370.4061637,10537111.52341736,674.0,0.0,681.0,BID
1254,1712612370.8757489,10537111.52341738,674.0,2.802372427697213e-18,681.0,BID
1255,1712612370.8786592,10537120.41757686,674.6,1.216488346605026e-09,681.0,BID
1256,1712612400.4319997,10537120.41757686,674.6,0.0,681.0,BID
1257,1712612410.576116,10537129.31173636,673.4,-1.216488182768876e-09,681.0,ASK
1258,1712612430.4182243,10537129.31173636,673.4,-0.0,681.0,ASK
1259,1712612436.625671,10537138.20589586,674.6,1.2164871862430806e-09,681.0,BID
1260,1712612440.625486,10537647.97672729,673.5,-6.972324752962305e-08,681.0,ASK
1261,1712612445.9057422,10537665.75527773,674.6,2.4316382904824627e-09,681.0,BID
1262,1712612446.0059087,10539130.33664427,674.6,-2.0031622613626969e-07,681.0,ASK
1263,1712612460.6058729,10539130.33664427,674.6,-0.0,681.0,ASK
1264,1712612479.9557383,10539139.23080377,673.5,-1.2162627213591643e-09,681.0,ASK
1265,1712612490.5932624,10539139.23080377,673.5,-0.0,681.0,ASK
1266,1712612520.3980768,10539139.23080377,673.5,-0.0,681.0,ASK
1267,1712612540.635919,10539147.23080377,675.1,1.093986879920948e-09,681.0,BID
1268,1712612540.6398418,10539148.11837598,675.1,1.213740441288801e-10,681.0,BID
1269,1712612550.4054406,10539148.11837598,675.1,0.0,681.0,BID
1270,1712612566.3554692,10539444.07467867,675.1,4.047150581529544e-08,681.0,BID
1271,1712612576.8556845,10539451.48395137,675.0,1.013205058940025e-09,681.0,BID
1272,1712612579.6055553,10539460.37152358,673.5,-1.2153599268589683e-09,681.0,ASK
1273,1712612580.6154935,10539460.37152358,673.5,-0.0,681.0,ASK
1274,1712612602.7538471,10539469.26041246,675.0,1.2155049425665759e-09,681.0,BID
1275,1712612610.6132803,10539469.26041246,675.0,0.0,681.0,BID
1276,1712612640.4073813,10539469.26041246,675.0,0.0,681.0,BID
1277,1712612645.365803,10539478.14930134,673.6,-1.215503945287115e-09,681.0,ASK
1278,1712612668.877059,10539487.03950729,674.9,1.215684046816961e-09,681.0,BID
1279,1712612670.3855605,10539487.03950729,674.9,0.0,681.0,BID
1280,1712612671.5582054,10539514.24420626,674.9,3.720078534922543e-09,681.0,BID
1281,1712612671.5614214,10539516.67352714,674.9,3.3219498099342357e-10,681.0,BID
1282,1712612686.2358418,10539570.76237809,673.6,-7.396324201629104e-09,681.0,ASK
1283,1712612686.24006,10539899.14855825,673.6,-4.490482990836871e-08,681.0,ASK
1284,1712612686.3553364,10541021.33798695,673.6,1.5345263736771608e-07,681.0,BID
1285,1712612700.426288,10541021.33798695,673.6,0.0,681.0,BID
1286,1712612713.785428,10541030.2281929,673.4,-1.2155102652005379e-09,681.0,ASK
1287,1712612730.005541,10541030.22819291,673.6,1.5280169967932737e-18,681.0,BID
1288,1712612730.3861322,10541030.22819291,673.6,0.0,681.0,BID
1289,1712612731.8557594,10541104.31324254,674.9,1.0129243925760198e-08,681.0,BID
1290,1712612737.0055976,10541113.20344849,674.9,1.215509270276282e-09,681.0,BID
1291,1712612760.6354604,10541113.20344849,674.9,0.0,681.0,BID
1292,1712612781.0257423,10541122.09365444,673.4,-1.215499963965612e-09,681.0,ASK
1293,1712612790.6255662,10541122.09365444,673.4,-0.0,681.0,ASK
1294,1712612803.9157448,10541130.98386039,674.9,1.2154989688035547e-09,681.0,BID
1295,1712612820.3771994,10541130.98386039,674.9,0.0,681.0,BID
1296,1712612822.0457864,10544082.08180082,674.9,4.03483741679821e-07,681.0,BID
1297,1712612841.9756806,10544086.27510961,673.4,-5.733228630399997e-10,681.0,ASK
1298,1712612841.985726,10544090.97200677,673.1,-6.421751086416402e-10,681.0,ASK
1299,1712612850.4259362,10544090.97200677,673.1,-0.0,681.0,ASK
1300,1712612850.622074,10544873.35445658,673.1,-1.069406732847568e-07,681.0,ASK
1301,1712612850.629309,10545251.65445658,673.1,5.170828756902149e-08,681.0,BID
1302,1712612850.6704772,10545756.21158658,673.1,6.896586088545933e-08,681.0,BID
1303,1712612850.678804,10545988.77985481,673.1,3.1788810185175894e-08,681.0,BID
1304,1712612850.680939,10552665.3244774,673.1,9.12589715336102e-07,681.0,BID
1305,1712612865.6261685,10552674.21468335,674.9,1.215166073978293e-09,681.0,BID
1306,1712612880.6318192,10552674.21468335,674.9,0.0,681.0,BID
1307,1712612908.0857968,10552683.1048893,674.0,-1.2142072280837122e-09,681.0,ASK
1308,1712612910.6359437,10552683.1048893,674.0,-0.0,681.0,ASK
1309,1712612932.0163264,10552691.99509525,674.9,1.21420623440687e-09,681.0,BID
1310,1712612940.419777,10552691.99509525,674.9,0.0,681.0,BID
1311,1712612962.2757907,10552699.40360021,674.9,1.011837699927984e-09,681.0,BID
1312,1712612970.4097989,10552699.40360021,674.9,0.0,681.0,BID
1313,1712612972.4377563,10552708.29380616,674.1,-1.214204410237633e-09,681.0,ASK
1314,1712612995.336146,10552717.18532957,674.8,1.2143843459849683e-09,681.0,BID
1315,1712613000.4489875,10552717.18532957,674.8,0.0,681.0,BID
1316,1712613030.3978808,10552717.18532957,674.8,0.0,681.0,BID
1317,1712613060.576587,10552717.18532957,674.8,0.0,681.0,BID
1318,1712613074.61638,10552726.07685298,674.1,-1.2264959294616739e-09,681.0,ASK
1319,1712613090.6160583,10552726.07685298,674.1,-0.0,681.0,ASK
1320,1712613093.2172427,10552893.78167098,674.1,-2.3133168197774543e-08,681.0,ASK
1321,1712613096.2338743,10552902.67319439,674.8,1.2264949154190963e-09,681.0,BID
1322,1712613102.946165,10553024.89014757,674.8,1.6858581454303995e-08,681.0,BID
1323,1712613102.956399,10553909.87558015,674.8,1.220747090541661e-07,681.0,BID
1324,1712613107.2883377,10553909.87558042,674.1,-3.725526902752286e-17,681.0,ASK
1325,1712613120.376484,10553909.87558042,674.1,-0.0,681.0,ASK
1326,1712613121.576336,10553917.55642794,674.0,-1.0593778157441443e-09,681.0,ASK
1327,1712613123.789862,10555560.13198639,674.4,2.265515755614934e-07,681.0,BID
1328,1712613123.7927513,10556882.95933017,674.5,1.824504312067514e-07,681.0,BID
1329,1712613137.9363115,10556891.85085358,674.0,-1.226359802586762e-09,681.0,ASK
1330,1712613150.4062498,10556891.85085358,674.0,-0.0,681.0,ASK
1331,1712613180.6063287,10556891.85085358,674.0,-0.0,681.0,ASK
1332,1712613193.506286,10556900.74633171,674.5,1.226565019372733e-09,681.0,BID
1333,1712613195.1763797,10556915.58312697,674.0,-2.0457915579244874e-09,681.0,ASK
1334,1712613210.606207,10556915.58312697,674.0,-0.0,681.0,ASK
1335,1712613233.2397351,10556924.4786051,674.0,-1.2265623133535071e-09,681.0,ASK
1336,1712613238.1905987,10557288.22470438,674.0,-5.0155511645496256e-08,681.0,ASK
1337,1712613238.1931653,10558686.22499595,674.0,-1.9276473354191255e-07,681.0,ASK
1338,1712613240.3893993,10558686.22499595,674.0,-0.0,681.0,ASK
1339,1712613254.5063767,10559632.91272661,674.0,1.3051355202442802e-07,681.0,BID
1340,1712613254.5106516,10560036.79451831,674.0,5.5680501104550174e-08,681.0,BID
1341,1712613255.866412,10560045.69659546,674.0,1.2272702725099787e-09,681.0,BID
1342,1712613270.3966231,10560045.69659546,674.0,0.0,681.0,BID
1343,1712613297.5964048,10560054.59867261,673.1,-1.2271152608903855e-09,681.0,ASK
1344,1712613300.6165469,10560054.59867261,673.1,-0.0,681.0,ASK
1345,1712613320.9967191,10560063.50074976,674.0,1.2287534569252115e-09,681.0,BID
1346,1712613330.617594,10560063.50074976,674.0,0.0,681.0,BID
1347,1712613358.9265869,10560072.40282691,673.1,-1.2287524395543259e-09,681.0,ASK
1348,1712613360.4162,10560072.40282691,673.1,-0.0,681.0,ASK
1349,1712613381.0067384,10561047.05294929,673.1,-1.3453070611551194e-07,681.0,ASK
1350,1712613381.6263072,10561214.94045429,673.1,2.3173469203781856e-08,681.0,BID
1351,1712613382.1063871,10561223.85443438,673.1,1.2303943829734432e-09,681.0,BID
1352,1712613382.4861865,10563317.14084825,673.1,2.88935786179512e-07,681.0,BID
1353,1712613390.3869543,10563317.14084825,673.1,0.0,681.0,BID
1354,1712613392.6862466,10565644.60858133,673.1,3.211629552579432e-07,681.0,BID
1355,1712613393.7763307,10565652.31987065,673.0,-1.0640665095823592e-09,681.0,ASK
1356,1712613405.736777,10565749.4769918,674.0,1.3406530930299902e-08,681.0,BID
1357,1712613405.7410543,10575210.81371088,674.0,1.305552303991307e-06,681.0,BID
1358,1712613405.8174262,10580476.06541961,674.0,-7.265423167496338e-07,681.0,ASK
1359,1712613420.606451,10580476.06541961,674.0,-0.0,681.0,ASK
1360,1712613425.6263242,10580484.9793997,673.1,-1.2280641295393212e-09,681.0,ASK
1361,1712613448.2865784,10580493.87487783,674.5,1.225515145487634e-09,681.0,BID
1362,1712613450.606319,10580493.87487783,674.5,0.0,681.0,BID
1363,1712613473.5967228,10580523.5264716,674.5,4.0850437323384405e-09,681.0,BID
1364,1712613480.4262428,10580523.5264716,674.5,0.0,681.0,BID
1365,1712613510.3774145,10580523.5264716,674.5,0.0,681.0,BID
1366,1712613521.3367329,10580532.42194973,673.2,-1.2255097427219463e-09,681.0,ASK
1367,1712613534.1170702,10580614.26042018,674.5,1.1274699505638522e-08,681.0,BID
1368,1712613534.131573,10580642.1328467,674.5,3.839920660329825e-09,681.0,BID
1369,1712613534.1336246,10580799.61261602,674.5,2.1695628809971936e-08,681.0,BID
1370,1712613534.135711,10580815.33588646,674.5,2.166159123993162e-09,681.0,BID
1371,1712613534.2151196,10581010.90605196,674.9,2.6943255856508665e-08,681.0,BID
1372,1712613534.2171886,10582475.7952933,674.5,2.0181445124794209e-07,681.0,BID
1373,1712613534.2192583,10582650.26397,674.9,2.4036151850091497e-08,681.0,BID
1374,1712613534.221337,10582650.26397001,674.5,1.2830618795381377e-18,681.0,BID
1375,1712613540.63736,10582650.26397001,674.5,0.0,681.0,BID
1376,1712613545.2466805,10582659.15417596,674.9,1.2245413827160355e-09,681.0,BID
1377,1712613552.9764712,10582688.78819581,674.9,4.081804611533548e-09,681.0,BID
1378,1712613570.631266,10582688.78819581,674.9,0.0,681.0,BID
1379,1712613587.1667688,10582910.2230417,674.8,3.05004364164773e-08,681.0,BID
1380,1712613587.4752831,10583170.96759214,674.8,3.5914955253123736e-08,681.0,BID
1381,1712613587.4980886,10583368.22230007,674.8,2.716986413239198e-08,681.0,BID
1382,1712613587.9165535,10583377.11250602,674.1,-1.224536997595909e-09,681.0,ASK
1383,1712613589.2205825,10583536.81250601,674.8,2.1997078534810323e-08,681.0,BID
1384,1712613592.468581,10583957.07787677,674.8,5.788735357954682e-08,681.0,BID
1385,1712613592.470755,10584332.58025904,674.9,5.1721699394506136e-08,681.0,BID
1386,1712613600.776745,10584332.58025904,674.9,0.0,681.0,BID
1387,1712613603.0370924,10584502.95275982,674.9,2.36313492603843e-08,681.0,BID
1388,1712613603.9968853,10584502.95276071,674.9,1.2349433706185762e-16,681.0,BID
1389,1712613604.0010233,10585753.62067971,674.9,1.734726570749837e-07,681.0,BID
1390,1712613610.9074275,10585762.50956859,675.0,1.232924543068112e-09,681.0,BID
1391,1712613630.628943,10585762.50956859,675.0,0.0,681.0,BID
1392,1712613648.11668,10585910.67966786,674.9,2.0549036465073272e-08,681.0,BID
1393,1712613653.2326903,10585919.56855674,674.2,-1.2327595286907271e-09,681.0,ASK
1394,1712613653.3664513,10585988.56855674,674.2,-9.569295850373873e-09,681.0,ASK
1395,1712613660.5759077,10585988.56855674,674.2,-0.0,681.0,ASK
1396,1712613675.9382591,10585990.05069694,674.7,2.0554692850043963e-10,681.0,BID
1397,1712613675.9414127,10585997.46689392,674.2,1.028496840168906e-09,681.0,BID
1398,1712613690.4144974,10585997.46689392,674.2,0.0,681.0,BID
1399,1712613716.4169946,10586006.3652311,674.1,-1.234042741828449e-09,681.0,ASK
1400,1712613720.6565387,10586006.3652311,674.1,-0.0,681.0,ASK
1401,1712613721.116656,10586451.40305932,674.1,-6.171886205245437e-08,681.0,ASK
1402,1712613723.6493948,10586536.71188515,674.1,-1.1830822728748032e-08,681.0,ASK
1403,1712613735.586539,10587349.7952907,674.1,-1.1276026297563864e-07,681.0,ASK
1404,1712613738.5216703,10587351.27853008,674.2,2.0569902358815686e-10,681.0,BID
1405,1712613738.524932,10587358.69472706,674.2,1.0284951285317355e-09,681.0,BID
1406,1712613740.086786,10587436.88487117,674.1,-1.08435876957172e-08,681.0,ASK
1407,1712613740.0952847,10588550.41853071,674.1,-1.5442739013623516e-07,681.0,ASK
1408,1712613747.1520786,10590033.8779581,674.1,-2.0572954017347026e-07,681.0,ASK
1409,1712613750.3106005,10592922.78320041,674.1,-4.0063997446194e-07,681.0,ASK
1410,1712613750.3872578,10592922.78320042,674.1,-1.549895290625252e-18,681.0,ASK
1411,1712613750.6187303,10592922.78320042,674.1,-0.0,681.0,ASK
1412,1712613760.917102,10594226.78072648,674.1,1.807244999605989e-07,681.0,BID
1413,1712613760.9223876,10594234.19802362,674.1,1.0279830213285412e-09,681.0,BID
1414,1712613773.7865872,10594241.61532076,674.1,-1.02798302158669e-09,681.0,ASK
1415,1712613780.4168603,10594241.61532076,674.1,-0.0,681.0,ASK
1416,1712613785.9672904,10594250.51475712,674.1,-1.23324470332241e-09,681.0,ASK
1417,1712613808.8069751,10594253.47859823,674.8,4.1071605029673294e-10,681.0,BID
1418,1712613808.8124895,10594259.41155583,674.2,8.2216313950607e-10,681.0,BID
1419,1712613810.399318,10594259.41155583,674.2,0.0,681.0,BID
1420,1712613840.6063595,10594259.41155583,674.2,0.0,681.0,BID
1421,1712613852.636654,10594268.30835454,674.1,-1.232877139536509e-09,681.0,ASK
1422,1712613870.626765,10594268.30835454,674.1,-0.0,681.0,ASK
1423,1712613876.9072113,10594277.19987795,674.8,1.2321450889242863e-09,681.0,BID
1424,1712613900.4087534,10594277.19987795,674.8,0.0,681.0,BID
1425,1712613921.5266027,10594286.09140136,674.1,-1.2337044335605854e-09,681.0,ASK
1426,1712613930.386618,10594286.09140136,674.1,-0.0,681.0,ASK
1427,1712613931.856599,10594856.3905905,674.1,-7.91293033162092e-08,681.0,ASK
1428,1712613931.8667486,10596477.78956644,674.1,-2.249699347415245e-07,681.0,ASK
1429,1712613938.2493925,10598121.56319025,674.1,-2.280744285432356e-07,681.0,ASK
1430,1712613960.616542,10598121.56319025,674.1,-0.0,681.0,ASK
1431,1712613990.6365027,10598121.56319025,674.1,-0.0,681.0,ASK
1432,1712614010.236773,10598130.45471366,674.8,1.233260989392709e-09,681.0,BID
1433,1712614020.433107,10598130.45471366,674.8,0.0,681.0,BID
1434,1712614050.406827,10598130.45471366,674.8,0.0,681.0,BID
1435,1712614051.7961886,10598139.34623707,674.1,-1.233259963326549e-09,681.0,ASK
1436,1712614070.82677,10598883.30075547,674.1,-1.0318696578924616e-07,681.0,ASK
1437,1712614070.831094,10599775.32514676,674.1,-1.237243515175618e-07,681.0,ASK
1438,1712614073.8563428,10599784.21667017,674.8,1.2332599630681992e-09,681.0,BID
1439,1712614080.5963693,10599784.21667017,674.8,0.0,681.0,BID
1440,1712614110.6712894,10599784.21667017,674.8,0.0,681.0,BID
1441,1712614114.8744066,10601001.24141094,674.8,1.6877601019778228e-07,681.0,BID
1442,1712614114.8764105,10601008.65101378,674.8,1.0275577500661395e-09,681.0,BID
1443,1712614119.4564009,10601017.54253719,674.1,-1.2330693003893396e-09,681.0,ASK
1444,1712614120.5927804,10601153.84253719,674.7,1.8901974150106657e-08,681.0,BID
1445,1712614136.26719,10601153.8425372,674.8,1.2915506405499872e-18,681.0,BID
1446,1712614136.2696695,10601154.22146762,674.7,5.2549765205477676e-11,681.0,BID
1447,1712614136.272076,10604619.97332287,674.9,4.806276740885551e-07,681.0,BID
1448,1712614140.3847134,10604619.97332287,674.9,0.0,681.0,BID
1449,1712614140.77649,10604628.86352882,674.9,1.232328870048575e-09,681.0,BID
1450,1712614170.4133475,10604628.86352882,674.9,0.0,681.0,BID
1451,1712614180.3166838,10604698.2367693,674.9,9.616264958917294e-09,681.0,BID
1452,1712614183.424258,10604707.12697525,674.2,-1.232327845123041e-09,681.0,ASK
1453,1712614200.4573312,10604707.12697525,674.2,-0.0,681.0,ASK
1454,1712614205.9776244,10605989.7388183,674.9,1.786165928845355e-07,681.0,BID
1455,1712614214.9566588,10611861.15795417,675.9,8.176541384109812e-07,681.0,BID
1456,1712614214.9617755,10613387.28283368,675.0,2.1252823118027969e-07,681.0,BID
1457,1712614230.3867116,10613387.28283368,675.0,0.0,681.0,BID
1458,1712614241.5062602,10613396.15988649,675.9,1.2352100989606196e-09,681.0,BID
1459,1712614252.4071715,10613618.38210871,675.9,3.092142617302633e-08,681.0,BID
1460,1712614260.6765337,10613618.38210871,675.9,0.0,681.0,BID
1461,1712614279.136696,10613627.25916152,674.3,-1.23518325265967e-09,681.0,ASK
1462,1712614289.531198,10615423.50432477,674.3,-2.499356476516383e-07,681.0,ASK
1463,1712614290.6422677,10615423.50432477,674.3,-0.0,681.0,ASK
1464,1712614302.6066446,10615432.38531944,675.6,1.2355224828071335e-09,681.0,BID
1465,1712614320.3668852,10615432.38531944,675.6,0.0,681.0,BID
1466,1712614322.5071125,10616134.40109663,675.6,9.766423517037733e-08,681.0,BID
1467,1712614328.3967574,10617614.56687519,675.6,2.0592024194484813e-07,681.0,BID
1468,1712614346.3865423,10617623.44786986,674.2,-1.235521451493916e-09,681.0,ASK
1469,1712614350.4096491,10617623.44786986,674.2,-0.0,681.0,ASK
1470,1712614370.1669362,10617632.32886453,675.6,1.2352670671888178e-09,681.0,BID
1471,1712614380.592405,10617632.32886453,675.6,0.0,681.0,BID
1472,1712614380.80317,10618114.55766391,674.2,-6.707366457579343e-08,681.0,ASK
1473,1712614380.8057387,10620404.55766391,673.8,-3.18518288571593e-07,681.0,ASK
1474,1712614380.8082638,10621156.15920041,674.0,-1.0454097602338352e-07,681.0,ASK
1475,1712614380.812981,10623222.16214047,674.1,-2.873623234288089e-07,681.0,ASK
1476,1712614380.8154788,10633222.16214047,674.1,-1.390909557081192e-06,681.0,ASK
1477,1712614380.81799,10637508.16214047,673.1,-5.961438361649988e-07,681.0,ASK
1478,1712614380.8205104,10639948.16214047,673.5,-3.393819319278109e-07,681.0,ASK
1479,1712614380.823038,10642083.17248405,673.1,-2.969606291352031e-07,681.0,ASK
1480,1712614380.8255436,10656313.91361972,673.2,-1.979367384995168e-06,681.0,ASK
1481,1712614380.8281112,10660599.91361972,673.6,-5.961438361649988e-07,681.0,ASK
1482,1712614380.8306012,10672432.96004844,672.1,-1.645869736709406e-06,681.0,ASK
1483,1712614380.8331816,10672442.96004844,672.0,-1.3909095570811919e-09,681.0,ASK
1484,1712614380.835712,10676728.96004844,671.7,-5.961438361649988e-07,681.0,ASK
1485,1712614380.838257,10681556.32899017,673.0,-6.714433596609021e-07,681.0,ASK
1486,1712614380.840797,10681564.32899017,670.0,-1.112727645664953e-09,681.0,ASK
1487,1712614380.8433683,10696588.12899017,673.0,-2.089674700367486e-06,681.0,ASK
1488,1712614380.8458931,10698080.44357008,670.1,-2.0756746113679609e-07,681.0,ASK
1489,1712614380.8484666,10698088.44357008,672.7,-1.112727645664953e-09,681.0,ASK
1490,1712614380.8510032,10700241.71938085,672.2,-2.9950119042327055e-07,681.0,ASK
1491,1712614380.8535511,10700327.0887229,673.0,-1.1874103373849936e-08,681.0,ASK
1492,1712614380.8561282,10702797.0887229,673.2,-3.435546605990544e-07,681.0,ASK
1493,1712614380.8586931,10703155.0886142,670.0,-4.9794547024285634e-08,681.0,ASK
1494,1712614380.86126,10704769.05590044,672.5,-2.244882523248042e-07,681.0,ASK
1495,1712614380.8638558,10704777.05590044,671.0,-1.112727645664953e-09,681.0,ASK
1496,1712614380.866418,10704785.39792338,669.1,-1.1602999433354908e-09,681.0,ASK
1497,1712614380.8690495,10709071.39792338,673.0,-5.961438361649988e-07,681.0,ASK
1498,1712614380.8716192,10709142.36521728,669.6,-9.870908732501313e-09,681.0,ASK
1499,1712614380.8742073,10710880.21562864,668.5,-2.417192745939612e-07,681.0,ASK
1500,1712614380.8768327,10710929.932497,669.3,-6.915166734950895e-09,681.0,ASK
1501,1712614380.879423,10712419.27834709,671.1,-2.071545376688788e-07,681.0,ASK
1502,1712614380.8894677,10719109.27834709,669.8,-9.305184936873176e-07,681.0,ASK
1503,1712614380.892078,10720599.59131281,671.0,-2.0728905470632045e-07,681.0,ASK
1504,1712614380.8946457,10720607.35789881,669.2,-1.080261869343176e-09,681.0,ASK
1505,1712614380.8972733,10720615.35789881,672.0,-1.112727645664953e-09,681.0,ASK
1506,1712614380.899885,10720623.69992175,668.3,-1.1602999430764135e-09,681.0,ASK
1507,1712614380.902462,10720673.69992175,671.0,-6.9545477854059605e-09,681.0,ASK
1508,1712614380.905119,10720681.69992175,670.0,-1.112727645664953e-09,681.0,ASK
1509,1712614380.9078224,10720690.04194469,669.9,-1.1602999433354908e-09,681.0,ASK
1510,1712614380.9104118,10720698.04194469,669.0,-1.112727645664953e-09,681.0,ASK
1511,1712614380.9130745,10720708.04194469,671.0,-1.3909095570811919e-09,681.0,ASK
1512,1712614380.915678,10720718.04194469,668.2,-1.3909095570811919e-09,681.0,ASK
1513,1712614380.9183404,10720747.80384945,672.0,-4.139611776669584e-09,681.0,ASK
1514,1712614380.920983,10720912.46313796,669.0,-2.2902617805169453e-08,681.0,ASK
1515,1712614380.923611,10720922.46313796,669.9,-1.3909095570811919e-09,681.0,ASK
1516,1712614380.926242,10720937.41082106,669.0,-2.079087527953435e-09,681.0,ASK
1517,1712614380.9289105,10721516.34399492,668.9,-8.052436844325149e-08,681.0,ASK
1518,1712614380.9315755,10721524.34399492,670.0,-1.112727645664953e-09,681.0,ASK
1519,1712614380.9342237,10722043.96755634,668.8,-7.227493776656038e-08,681.0,ASK
1520,1712614380.9369044,10722053.96755634,669.3,-1.3909095570811919e-09,681.0,ASK
1521,1712614380.9395432,10722062.30957928,668.7,-1.1602999430764135e-09,681.0,ASK
1522,1712614380.942181,10722070.65160222,669.5,-1.1602999433354908e-09,681.0,ASK
1523,1712614380.9448938,10722078.11578132,670.0,-1.0381998046607683e-09,681.0,ASK
1524,1712614380.9475725,10722113.08141192,669.2,-4.863402977122896e-09,681.0,ASK
1525,1712614380.950244,10722879.20212718,668.1,-1.0656046247311253e-07,681.0,ASK
1526,1712614380.9528942,10725346.55589424,669.0,-3.431865935306269e-07,681.0,ASK
1527,1712614380.9555628,10725356.55589424,668.0,-1.3909095570811919e-09,681.0,ASK
1528,1712614380.958353,10735356.55589424,668.2,-1.390909557081192e-06,681.0,ASK
1529,1712614380.961059,10736356.55589424,668.0,-1.390909557081192e-07,681.0,ASK
1530,1712614380.9637406,10736364.89791718,667.9,-1.1602999430764135e-09,681.0,ASK
1531,1712614380.9664185,10736497.76558118,668.0,-1.8480690368467967e-08,681.0,ASK
