,time,acc_trade_volume,trade_price,dev,high,ask_bid
0,1712601588.4638703,273749.76987962,71080.0,0.0,72030.0,ASK
1,1712601600.5203226,273749.76987962,71080.0,-0.0,72030.0,ASK
2,1712601606.459966,273749.8541848,71170.0,3.9265184396735496e-12,72030.0,BID
3,1712601630.540475,273749.8541848,71170.0,0.0,72030.0,BID
4,1712601635.030316,273749.9541848,71080.0,-4.657504249813279e-12,72030.0,ASK
5,1712601635.032192,273751.01539681,71070.0,-4.9425994478712444e-11,72030.0,ASK
6,1712601635.0339704,273751.29676991,71080.0,-1.310496409366306e-11,72030.0,ASK
7,1712601640.4096203,273752.70185632,71170.0,6.544195927449184e-11,72030.0,BID
8,1712601648.0398183,273752.7861615,71070.0,-3.926517339696009e-12,72030.0,ASK
9,1712601660.8203511,273752.7861615,71070.0,-0.0,72030.0,ASK
10,1712601665.1344752,273752.87046668,71170.0,3.926479209133953e-12,72030.0,BID
11,1712601690.851361,273752.87046668,71170.0,0.0,72030.0,BID
12,1712601694.2397563,273753.09475972,71170.0,1.0446353502579755e-11,72030.0,BID
13,1712601694.2413688,273754.27555309,71170.0,5.4994951929915234e-11,72030.0,BID
14,1712601695.2295432,273756.22456885,71120.0,-9.077458492068919e-11,72030.0,ASK
15,1712601711.9692652,273770.27543297,71170.0,6.54413055257532e-10,72030.0,BID
16,1712601717.5596952,273770.35973815,71120.0,-3.926478109178364e-12,72030.0,ASK
17,1712601720.5194852,273770.35973815,71120.0,-0.0,72030.0,ASK
18,1712601734.2802002,273770.44404333,71170.0,3.926250518240623e-12,72030.0,BID
19,1712601750.5192175,273770.44404333,71170.0,0.0,72030.0,BID
20,1712601766.359378,273770.52834851,71120.0,-3.9262494211238416e-12,72030.0,ASK
21,1712601780.819138,273770.52834851,71120.0,-0.0,72030.0,ASK
22,1712601784.9192574,273770.61265369,71120.0,-3.926248324778446e-12,72030.0,ASK
23,1712601801.5093672,273793.19683684,71170.0,1.0517872241684944e-09,72030.0,BID
24,1712601802.0689528,273793.28111834,71190.0,3.925145501443243e-12,72030.0,BID
25,1712601810.8393288,273793.28111834,71190.0,0.0,72030.0,BID
26,1712601816.772915,273816.97952672,71150.0,-1.103595529177064e-09,72030.0,ASK
27,1712601831.9023714,273820.03821519,71150.0,-1.4243804336952287e-10,72030.0,ASK
28,1712601840.4986472,273820.03821519,71150.0,-0.0,72030.0,ASK
29,1712601854.199,273820.12249669,71150.0,-3.924501586308457e-12,72030.0,ASK
30,1712601870.5398376,273820.12249669,71150.0,-0.0,72030.0,ASK
31,1712601877.818965,273820.20677819,71190.0,3.924500487766511e-12,72030.0,BID
32,1712601900.5187235,273820.20677819,71190.0,0.0,72030.0,BID
33,1712601905.8391104,273820.28560732,71190.0,3.672460109873056e-12,72030.0,BID
34,1712601918.8389864,273820.36988882,71150.0,-3.926472947915444e-12,72030.0,ASK
35,1712601919.6282823,273821.36988882,71190.0,4.658760166379768e-11,72030.0,BID
36,1712601930.5385642,273821.36988882,71190.0,0.0,72030.0,BID
37,1712601933.4186597,273821.45417032,71190.0,3.926457804778173e-12,72030.0,BID
38,1712601960.808149,273821.45417032,71190.0,0.0,72030.0,BID
39,1712601990.8281548,273821.45417032,71190.0,0.0,72030.0,BID
40,1712601995.6098623,273837.45417032,71180.0,7.453985429755991e-10,72030.0,BID
41,1712601995.61212,273838.77719823,71190.0,6.163644227530293e-11,72030.0,BID
42,1712601995.6139295,273852.43455888,71180.0,6.36261045588431e-10,72030.0,BID
43,1712601995.615724,273947.3972614,71190.0,4.424066255965373e-09,72030.0,BID
44,1712601995.689236,273964.54984213,71190.0,-7.990942927747511e-10,72030.0,ASK
45,1712601995.6908035,273968.43300566,71190.0,-1.8090652733878502e-10,72030.0,ASK
46,1712601996.5183537,273969.49810086,71130.0,-4.9620025636771016e-11,72030.0,ASK
47,1712601997.298554,273970.23300566,71120.0,-3.423731044744153e-11,72030.0,ASK
48,1712602010.0589674,273970.41379568,71120.0,-8.422538592272303e-12,72030.0,ASK
49,1712602020.5933008,273970.49807718,71080.0,-3.926456707237203e-12,72030.0,ASK
50,1712602020.621366,273970.49807718,71080.0,-0.0,72030.0,ASK
51,1712602021.6090205,273970.51379568,71080.0,-7.31922404234966e-13,72030.0,ASK
52,1712602039.7483366,273970.59816013,71120.0,3.928379361251815e-12,72030.0,BID
53,1712602045.3083344,273980.59816013,71110.0,4.6564392506159e-10,72030.0,BID
54,1712602050.4881446,273980.59816013,71110.0,0.0,72030.0,BID
55,1712602054.1785483,273983.8262944,71080.0,-1.5031108430456144e-10,72030.0,ASK
56,1712602076.8386383,273994.99606876,71070.0,-5.2009636374017e-10,72030.0,ASK
57,1712602076.8406034,273997.38344517,71080.0,-1.1116301455211252e-10,72030.0,ASK
58,1712602076.9583683,274005.06815362,71070.0,-3.578218138002334e-10,72030.0,ASK
59,1712602076.9602935,274013.09094035,71070.0,-3.7356369706839166e-10,72030.0,ASK
60,1712602077.0380726,274018.02868411,71070.0,-2.2991534939329847e-10,72030.0,ASK
61,1712602077.057996,274041.41539917,71070.0,-1.0889517612896224e-09,72030.0,ASK
62,1712602077.1377037,274075.57186565,71070.0,-1.5904219227595283e-09,72030.0,ASK
63,1712602080.8180506,274075.57186565,71070.0,-0.0,72030.0,ASK
64,1712602089.0181737,274075.6562301,71060.0,-3.9270137628756135e-12,72030.0,ASK
65,1712602105.0983698,274102.4976084,71080.0,1.2494179951697723e-09,72030.0,BID
66,1712602105.1000402,274117.85787324,71100.0,7.14992765542712e-10,72030.0,BID
67,1712602109.4979064,274117.94226142,71100.0,3.928118350992751e-12,72030.0,BID
68,1712602110.8276594,274117.94226142,71100.0,0.0,72030.0,BID
69,1712602125.1382067,274119.34952288,71060.0,-6.54963129672641e-11,72030.0,ASK
70,1712602125.1402698,274126.70146577,71060.0,-3.4217177556520875e-10,72030.0,ASK
71,1712602125.1577473,274127.70146577,71050.0,-4.6541680299109164e-11,72030.0,ASK
72,1712602140.5179474,274127.70146577,71050.0,-0.0,72030.0,ASK
73,1712602144.8284996,274127.90146577,71040.0,-9.30803563446796e-12,72030.0,ASK
74,1712602144.830492,274131.03828801,71040.0,-1.4598826597946462e-10,72030.0,ASK
75,1712602156.5877376,274131.12267619,71040.0,-3.927440933548447e-12,72030.0,ASK
76,1712602167.7580016,274145.19925277,71040.0,-6.551263822424326e-10,72030.0,ASK
77,1712602170.527542,274145.19925277,71040.0,-0.0,72030.0,ASK
78,1712602177.4795196,274145.28365282,71090.0,3.9277661384365095e-12,72030.0,BID
79,1712602200.5977254,274145.28365282,71090.0,0.0,72030.0,BID
80,1712602212.5585563,274145.38198123,71040.0,-4.577017813112565e-12,72030.0,ASK
81,1712602223.8176975,274145.46638128,71040.0,-3.92867668881498e-12,72030.0,ASK
82,1712602230.5685394,274145.46638128,71040.0,-0.0,72030.0,ASK
83,1712602233.2744763,274148.28738128,71040.0,-1.313126028166755e-10,72030.0,ASK
84,1712602234.1280353,274156.10704667,71040.0,-3.6399171057031484e-10,72030.0,ASK
85,1712602234.1480262,274160.54116828,71040.0,-2.064005848342668e-10,72030.0,ASK
86,1712602234.3072932,274170.68584681,71030.0,-4.722169948647589e-10,72030.0,ASK
87,1712602234.4475758,274174.61972663,71030.0,-1.8311520678182224e-10,72030.0,ASK
88,1712602234.449792,274183.6290049,71030.0,-4.1936610391212146e-10,72030.0,ASK
89,1712602234.4571936,274183.7290049,71030.0,-4.654824629077465e-12,72030.0,ASK
90,1712602236.2581742,274183.8290049,71020.0,-4.65482463178693e-12,72030.0,ASK
91,1712602236.2605135,274184.41061571,71020.0,-2.7072963236101488e-11,72030.0,ASK
92,1712602237.9075315,274184.49508706,71030.0,3.931993203073312e-12,72030.0,BID
93,1712602260.5677722,274184.49508706,71030.0,0.0,72030.0,BID
94,1712602267.5472784,274184.59508706,71010.0,-4.654224012714967e-12,72030.0,ASK
95,1712602267.5574894,274184.99508706,71010.0,-1.861689604273252e-11,72030.0,ASK
96,1712602288.5873988,274185.07955841,71000.0,-3.931485854744437e-12,72030.0,ASK
97,1712602290.5472348,274185.07955841,71000.0,-0.0,72030.0,ASK
98,1712602304.820016,274210.89643382,71000.0,-1.2015728932673283e-09,72030.0,ASK
99,1712602310.086665,274226.01402509,71000.0,-7.03605203688308e-10,72030.0,ASK
100,1712602311.037346,274226.09849644,71030.0,3.93147826063132e-12,72030.0,BID
101,1712602318.4482722,274234.63224685,71000.0,-3.971790934312847e-10,72030.0,ASK
102,1712602318.4500985,274235.77309192,71000.0,-5.309738261393621e-11,72030.0,ASK
103,1712602320.800496,274235.77309192,71000.0,-0.0,72030.0,ASK
104,1712602350.8470569,274235.77309192,71000.0,-0.0,72030.0,ASK
105,1712602358.127334,274235.97309192,70990.0,-9.306870987681776e-12,72030.0,ASK
106,1712602358.129627,274239.72992253,70990.0,-1.7482168903837434e-10,72030.0,ASK
107,1712602376.601461,274243.01633744,70990.0,-1.5293119788751875e-10,72030.0,ASK
108,1712602376.6026392,274254.82906043,70990.0,-5.49697444373686e-10,72030.0,ASK
109,1712602380.5070598,274254.82906043,70990.0,-0.0,72030.0,ASK
110,1712602383.5085602,274299.62982531,70990.0,-2.084643464148712e-09,72030.0,ASK
111,1712602383.511539,274304.24360627,70980.0,-2.1468580612367155e-10,72030.0,ASK
112,1712602383.5173354,274304.38445134,70990.0,-6.5537219161823265e-12,72030.0,ASK
113,1712602383.519408,274362.410333,70980.0,-2.700027003510072e-09,72030.0,ASK
114,1712602383.5872924,274427.08737875,70970.0,-3.009515151452782e-09,72030.0,ASK
115,1712602383.5891027,274467.71243634,70970.0,-1.8903418504681702e-09,72030.0,ASK
116,1712602383.7267845,274467.91243634,70950.0,-9.306285148713796e-12,72030.0,ASK
117,1712602385.2977548,274468.05328141,70940.0,-6.5537219161823265e-12,72030.0,ASK
118,1712602385.29971,274468.25328141,70940.0,-9.306285148713796e-12,72030.0,ASK
119,1712602386.0572555,274468.44643634,70930.0,-8.987774280030008e-12,72030.0,ASK
120,1712602391.6503954,274468.53090769,70930.0,-3.930572350308096e-12,72030.0,ASK
121,1712602407.4895115,274468.61545045,70970.0,3.933895158178601e-12,72030.0,BID
122,1712602410.5067492,274468.61545045,70970.0,0.0,72030.0,BID
123,1712602415.0868504,274469.33782417,70930.0,-3.358936286619956e-11,72030.0,ASK
124,1712602417.1169288,274469.61983206,70920.0,-1.3112970593525752e-11,72030.0,ASK
125,1712602417.1195252,274469.71983206,70920.0,-4.649859474011116e-12,72030.0,ASK
126,1712602440.7972925,274469.71983206,70920.0,-0.0,72030.0,ASK
127,1712602458.7872057,274470.30040595,70890.0,-2.6995771709600312e-11,72030.0,ASK
128,1712602458.7897797,274471.14656911,70890.0,-3.9345254565086735e-11,72030.0,ASK
129,1712602462.3439045,274471.23111187,70890.0,-3.9311052176746746e-12,72030.0,ASK
130,1712602470.8267238,274471.23111187,70890.0,-0.0,72030.0,ASK
131,1712602479.5167406,274471.31571423,70920.0,3.933856929116374e-12,72030.0,BID
132,1712602487.4067376,274471.37760822,70920.0,2.8779587381765668e-12,72030.0,BID
133,1712602500.547243,274471.37760822,70920.0,0.0,72030.0,BID
134,1712602529.4175858,274471.46221058,70920.0,-3.9350281729303366e-12,72030.0,ASK
135,1712602530.5631251,274471.46221058,70920.0,-0.0,72030.0,ASK
136,1712602540.637898,274472.02590843,70960.0,2.6218728423709084e-11,72030.0,BID
137,1712602546.6778462,274472.1104631,70960.0,3.932808916202566e-12,72030.0,BID
138,1712602560.817959,274472.1104631,70960.0,0.0,72030.0,BID
139,1712602571.3184414,274475.42139219,70960.0,1.5399768672495355e-10,72030.0,BID
140,1712602590.8188057,274475.42139219,70960.0,0.0,72030.0,BID
141,1712602598.2190628,274475.50594686,70920.0,-3.932757525867662e-12,72030.0,ASK
142,1712602613.7693615,274475.59050153,70960.0,3.932757523160341e-12,72030.0,BID
143,1712602620.583246,274475.59050153,70960.0,0.0,72030.0,BID
144,1712602644.8602388,274475.78357314,70960.0,8.980029173226194e-12,72030.0,BID
145,1712602650.5300384,274475.78357314,70960.0,0.0,72030.0,BID
146,1712602662.3011727,274492.48357314,70910.0,-7.76739737284252e-10,72030.0,ASK
147,1712602662.3039317,274499.3082849,70900.0,-3.1742663589734126e-10,72030.0,ASK
148,1712602662.3117197,274528.46258141,70930.0,-1.3560060246645687e-09,72030.0,ASK
149,1712602662.313782,274563.05628141,70890.0,-1.6090000868052131e-09,72030.0,ASK
150,1712602662.3158872,274577.61525474,70880.0,-6.771576718249276e-10,72030.0,ASK
151,1712602662.317962,274622.87691902,70890.0,-2.1051816300534234e-09,72030.0,ASK
152,1712602662.320109,274632.79236435,70920.0,-4.6118086231451645e-10,72030.0,ASK
153,1712602662.3215177,274804.77631332,70880.0,-7.999207625147183e-09,72030.0,ASK
154,1712602668.0217748,274804.86086799,70920.0,-3.932752825430224e-12,72030.0,ASK
155,1712602680.821211,274804.86086799,70920.0,-0.0,72030.0,ASK
156,1712602682.6811516,274804.94533934,71030.0,3.924619165923299e-12,72030.0,BID
157,1712602710.8113673,274804.94533934,71030.0,0.0,72030.0,BID
158,1712602733.032036,274805.02981069,70930.0,-3.924618069170015e-12,72030.0,ASK
159,1712602734.2750852,274805.04533934,71030.0,7.214756305383515e-13,72030.0,BID
160,1712602734.2779677,274806.43766652,71030.0,6.468882540510533e-11,72030.0,BID
161,1712602740.5227015,274806.43766652,71030.0,0.0,72030.0,BID
162,1712602750.7125514,274809.4035612,71030.0,1.3779756732021023e-10,72030.0,BID
163,1712602750.714764,274810.66123402,71030.0,5.843236991864642e-11,72030.0,BID
164,1712602753.3227837,274810.74570537,71030.0,3.924598742613638e-12,72030.0,BID
165,1712602770.5449324,274810.74570537,71030.0,0.0,72030.0,BID
166,1712602799.7638693,274810.83017672,70930.0,-3.9245429501823625e-12,72030.0,ASK
167,1712602800.6799068,274810.83017672,70930.0,-0.0,72030.0,ASK
168,1712602800.7036848,274815.27953894,70930.0,-2.0678695779866264e-10,72030.0,ASK
169,1712602809.804064,274816.07557784,70940.0,-3.699641752599653e-11,72030.0,ASK
170,1712602809.8063242,274831.6516235,70940.0,-7.23906694330598e-10,72030.0,ASK
171,1712602813.5188644,274838.10801683,71030.0,3.0006501360124e-10,72030.0,BID
172,1712602813.5233824,274848.68683794,71030.0,4.91657483986888e-10,72030.0,BID
173,1712602814.486647,274848.82762352,71030.0,6.543099964857209e-12,72030.0,BID
174,1712602815.0235074,274848.91209487,71030.0,3.9258600730566175e-12,72030.0,BID
175,1712602826.0053458,274850.55326021,70930.0,-7.627420990424564e-11,72030.0,ASK
176,1712602830.558669,274850.55326021,70930.0,-0.0,72030.0,ASK
177,1712602860.8263798,274850.55326021,70930.0,-0.0,72030.0,ASK
178,1712602876.31525,274850.63773156,70930.0,-3.925345710106664e-12,72030.0,ASK
179,1712602876.357178,274853.37910941,70980.0,1.273905979861792e-10,72030.0,BID
180,1712602884.525277,274855.81456398,70960.0,1.1317448050388848e-10,72030.0,BID
181,1712602885.174723,274855.9906347,70960.0,8.181927314616203e-12,72030.0,BID
182,1712602886.8547728,274856.07520129,70950.0,3.92977147355521e-12,72030.0,BID
183,1712602890.814968,274856.07520129,70950.0,0.0,72030.0,BID
184,1712602920.5234215,274856.07520129,70950.0,0.0,72030.0,BID
185,1712602929.1355057,274856.36025046,70950.0,-1.3245865740549033e-11,72030.0,ASK
186,1712602944.115918,274856.44481705,70950.0,-3.92969991027192e-12,72030.0,ASK
187,1712602950.5828297,274856.44481705,70950.0,-0.0,72030.0,ASK
188,1712602965.7858596,274856.5292884,71030.0,3.925269446765376e-12,72030.0,BID
189,1712602980.816049,274856.5292884,71030.0,0.0,72030.0,BID
190,1712603010.8364103,274856.5292884,71030.0,0.0,72030.0,BID
191,1712603015.1072333,274856.61375975,70950.0,-3.9252683496490615e-12,72030.0,ASK
192,1712603028.2766972,274861.61375975,71020.0,2.323431762249436e-10,72030.0,BID
193,1712603035.816978,274861.69824299,71020.0,3.9258208653882574e-12,72030.0,BID
194,1712603040.55681,274861.69824299,71020.0,0.0,72030.0,BID
195,1712603057.1571138,274861.76865977,71010.0,3.272115848794165e-12,72030.0,BID
196,1712603070.671491,274861.76865977,71010.0,0.0,72030.0,BID
197,1712603083.1275067,274863.30853451,71020.0,7.155464038786905e-11,72030.0,BID
198,1712603083.1674483,275016.26621806,71030.0,7.1076119093664765e-09,72030.0,BID
199,1712603083.2473283,275036.09000268,71030.0,9.211682890585703e-10,72030.0,BID
200,1712603083.3071606,275048.57130571,71030.0,5.799790896503396e-10,72030.0,BID
201,1712603083.3679724,275186.25690064,71030.0,6.397951064372481e-09,72030.0,BID
202,1712603083.37141,275188.57130571,71030.0,1.0754538547591786e-10,72030.0,BID
203,1712603083.4673457,275189.04768623,71030.0,2.2136369867737383e-11,72030.0,BID
204,1712603086.9773211,275189.13216947,71020.0,-3.925752986454036e-12,72030.0,ASK
205,1712603092.2832377,275189.46916947,71040.0,1.5659659311399148e-11,72030.0,BID
206,1712603092.377191,275189.47000731,71040.0,3.8932606567348166e-14,72030.0,BID
207,1712603092.8273203,275201.32680647,71050.0,5.509597488716854e-10,72030.0,BID
208,1712603092.8902278,275340.85042595,71050.0,6.483360079980661e-09,72030.0,BID
209,1712603093.7912228,275344.54841432,71050.0,1.7183750151718648e-10,72030.0,BID
210,1712603095.982013,275348.13071586,71050.0,1.6646178536297414e-10,72030.0,BID
211,1712603096.3979604,275391.73813101,71050.0,2.02634203175176e-09,72030.0,BID
212,1712603096.6572492,275392.33413101,71050.0,2.769482774454913e-11,72030.0,BID
213,1712603098.4474316,275392.41857858,71050.0,3.9240954787152026e-12,72030.0,BID
214,1712603100.8077722,275392.41857858,71050.0,0.0,72030.0,BID
215,1712603109.839456,275402.17257858,71050.0,4.532256015225774e-10,72030.0,BID
216,1712603111.1378598,275416.22857858,71050.0,6.531206740873169e-10,72030.0,BID
217,1712603116.3909297,275425.97557858,71050.0,4.5290034222351295e-10,72030.0,BID
218,1712603119.7975168,275431.09757858,71050.0,2.37996876258294e-10,72030.0,BID
219,1712603120.423,275496.99757858,71050.0,3.062083979952143e-09,72030.0,BID
220,1712603120.4287028,275507.77472112,71050.0,5.007665481259106e-10,72030.0,BID
221,1712603120.457897,275509.18218066,71050.0,6.539847207696422e-11,72030.0,BID
222,1712603120.4606776,275661.0099526,71050.0,7.054770685424569e-09,72030.0,BID
223,1712603130.821355,275661.0099526,71050.0,0.0,72030.0,BID
224,1712603138.0683355,275668.70934909,71050.0,-3.5744023699330496e-10,72030.0,ASK
225,1712603138.1890016,275673.86423915,71050.0,-2.3931292889247216e-10,72030.0,ASK
226,1712603151.0683005,275673.94868672,71050.0,-3.920431875791748e-12,72030.0,ASK
227,1712603160.543536,275673.94868672,71050.0,-0.0,72030.0,ASK
228,1712603165.3082936,275674.0330749,71100.0,3.917507538115786e-12,72030.0,BID
229,1712603187.5386183,275674.2330749,71050.0,-9.284493488421624e-12,72030.0,ASK
230,1712603190.5480611,275674.2330749,71050.0,-0.0,72030.0,ASK
231,1712603203.7384005,275674.24868672,71100.0,7.247385247956846e-13,72030.0,BID
232,1712603211.878873,275687.91955093,71100.0,-6.346346532441982e-10,72030.0,ASK
233,1712603211.9987586,275692.3134733,71100.0,2.0397652678424648e-10,72030.0,BID
234,1712603219.5692413,275692.39786148,71100.0,-3.917503862721308e-12,72030.0,ASK
235,1712603220.8188312,275692.39786148,71100.0,-0.0,72030.0,ASK
236,1712603234.8790095,275692.48219036,71150.0,3.914516317568497e-12,72030.0,BID
237,1712603245.1979432,275714.88733096,71100.0,-1.0400385783137602e-09,72030.0,ASK
238,1712603245.199845,275730.35849831,71100.0,-7.18166030857528e-10,72030.0,ASK
239,1712603245.598807,275730.35849832,71100.0,-4.647403381789231e-19,72030.0,ASK
240,1712603249.1359894,275737.35849832,71060.0,-3.2493748547146936e-10,72030.0,ASK
241,1712603249.1408775,275737.72905278,71060.0,-1.7201004924996365e-11,72030.0,ASK
242,1712603250.849233,275737.72905278,71060.0,-0.0,72030.0,ASK
243,1712603255.4193594,275738.43268351,71040.0,3.2657400207049736e-11,72030.0,BID
244,1712603280.5444276,275738.43268351,71040.0,0.0,72030.0,BID
245,1712603288.654021,275738.51701239,71020.0,-3.9139217163211416e-12,72030.0,ASK
246,1712603310.5346372,275738.51701239,71020.0,-0.0,72030.0,ASK
247,1712603311.1496143,275738.60143619,71070.0,3.918326109686616e-12,72030.0,BID
248,1712603340.450796,275749.80558232,71090.0,5.200132938632716e-10,72030.0,BID
249,1712603340.8298876,275749.80558232,71090.0,0.0,72030.0,BID
250,1712603345.089738,275750.42738889,71070.0,-2.8858570373720003e-11,72030.0,ASK
251,1712603347.7393873,275751.28253641,71070.0,-3.9688121801735905e-11,72030.0,ASK
252,1712603353.7795272,275761.0725364,71070.0,-4.5436220411516844e-10,72030.0,ASK
253,1712603357.2103844,275761.1569602,71070.0,-3.918180172283972e-12,72030.0,ASK
254,1712603370.8307056,275761.1569602,71070.0,-0.0,72030.0,ASK
255,1712603372.7397544,275761.24130093,71140.0,3.914178269298696e-12,72030.0,BID
256,1712603375.257523,275771.05130093,71070.0,-4.5527337538236156e-10,72030.0,ASK
257,1712603383.3002045,275900.4174734,71070.0,-6.003769011288889e-09,72030.0,ASK
258,1712603400.5734954,275900.4174734,71070.0,-0.0,72030.0,ASK
259,1712603402.3900185,275900.50188361,71070.0,3.917495372628403e-12,72030.0,BID
260,1712603403.4326708,275900.60636123,71070.0,4.848828041425318e-12,72030.0,BID
261,1712603407.310188,275911.75764678,71070.0,5.175334779854e-10,72030.0,BID
262,1712603421.720233,275912.17911348,71180.0,1.956035706520865e-11,72030.0,BID
263,1712603423.9511535,275912.26345421,71070.0,-3.914270794941906e-12,72030.0,ASK
264,1712603430.549574,275912.26345421,71070.0,-0.0,72030.0,ASK
265,1712603444.0108416,275912.34779494,71140.0,3.91411784957159e-12,72030.0,BID
266,1712603446.3402576,275953.67208507,71140.0,1.9177939490243023e-09,72030.0,BID
267,1712603460.8102305,275953.67208507,71140.0,0.0,72030.0,BID
268,1712603486.2008238,275953.7564258,71080.0,-3.913582822443376e-12,72030.0,ASK
269,1712603490.8305478,275953.7564258,71080.0,-0.0,72030.0,ASK
270,1712603508.2507355,275953.84076653,71140.0,3.913581736474076e-12,72030.0,BID
271,1712603512.02132,275954.70040504,71140.0,3.9888978563101136e-11,72030.0,BID
272,1712603512.0242777,275955.2462153,71170.0,2.5326708270605253e-11,72030.0,BID
273,1712603520.560297,275955.2462153,71170.0,0.0,72030.0,BID
274,1712603550.5701358,275955.2462153,71170.0,0.0,72030.0,BID
275,1712603553.8007903,275955.33055603,71090.0,-3.913562484462197e-12,72030.0,ASK
276,1712603566.161067,275955.41486121,71170.0,3.911912901078985e-12,72030.0,BID
277,1712603569.0720382,276005.31486121,71120.0,-2.31545029326762e-09,72030.0,ASK
278,1712603569.2039063,276033.06585643,71120.0,1.287696393197038e-09,72030.0,BID
279,1712603569.2066245,276055.41486121,71120.0,1.0370342619652823e-09,72030.0,BID
280,1712603580.610726,276055.41486121,71120.0,0.0,72030.0,BID
281,1712603610.5457146,276055.41486121,71120.0,0.0,72030.0,BID
282,1712603620.8311975,276055.49916639,71120.0,-3.910620181854119e-12,72030.0,ASK
283,1712603634.1116278,276056.36469248,71120.0,-4.0148704924477725e-11,72030.0,ASK
284,1712603634.2113123,276065.09953463,71120.0,4.0517854295025024e-10,72030.0,BID
285,1712603638.3311777,276073.73986605,71120.0,4.0079452327139845e-10,72030.0,BID
286,1712603640.8211298,276073.73986605,71120.0,0.0,72030.0,BID
287,1712603641.3011632,276073.82417123,71170.0,3.910383782325472e-12,72030.0,BID
288,1712603643.2921586,276073.94486485,71120.0,5.598213232797665e-12,72030.0,BID
289,1712603643.4516354,276074.52780196,71120.0,2.703876346491488e-11,72030.0,BID
290,1712603650.0113096,276081.52647041,71120.0,-3.2462393892587587e-10,72030.0,ASK
291,1712603657.0312688,276087.82527201,71120.0,-2.921615448019081e-10,72030.0,ASK
292,1712603670.8313148,276087.82527201,71120.0,-0.0,72030.0,ASK
293,1712603685.3320882,276087.90957719,71120.0,-3.910202093896002e-12,72030.0,ASK
294,1712603699.9219396,276087.99390607,71150.0,3.911301336106963e-12,72030.0,BID
295,1712603700.6030848,276092.46936959,71120.0,-2.0757878491183662e-10,72030.0,ASK
296,1712603700.6069732,276092.46936959,71120.0,-0.0,72030.0,ASK
297,1712603703.901991,276129.45374726,71120.0,-1.720838732142144e-09,72030.0,ASK
298,1712603703.9059744,276132.81872898,71120.0,-1.5656856331289966e-10,72030.0,ASK
299,1712603705.601405,276134.46925598,71120.0,7.679704158670494e-11,72030.0,BID
300,1712603707.3516247,276145.15525598,71120.0,4.97206762696779e-10,72030.0,BID
301,1712603709.7224908,276149.01825598,71120.0,1.7974075653247468e-10,72030.0,BID
302,1712603730.5341983,276149.01825598,71120.0,0.0,72030.0,BID
303,1712603750.5676775,276149.10258486,71110.0,-3.922987539805671e-12,72030.0,ASK
304,1712603754.4915974,276150.51458486,71120.0,6.568637465138667e-11,72030.0,BID
305,1712603760.830835,276150.51458486,71120.0,0.0,72030.0,BID
306,1712603766.80237,276150.59874188,71150.0,3.914973212987308e-12,72030.0,BID
307,1712603766.806542,276150.59891381,71120.0,7.998160646971753e-15,72030.0,BID
308,1712603790.8416483,276150.59891381,71120.0,0.0,72030.0,BID
309,1712603813.2447898,276150.73952123,71120.0,-6.5410363795961625e-12,72030.0,ASK
310,1712603813.2816582,276153.42145015,71120.0,1.2476293664101514e-10,72030.0,BID
311,1712603813.3616824,276155.55491222,71120.0,9.924833990653608e-11,72030.0,BID
312,1712603813.402163,276157.67834236,71120.0,9.878165600976808e-11,72030.0,BID
313,1712603813.5432596,276161.03824325,71120.0,1.5630209239498987e-10,72030.0,BID
314,1712603814.8025038,276162.76843368,71120.0,8.048820286911078e-11,72030.0,BID
315,1712603814.902413,276168.43735512,71150.0,2.6371738682593227e-10,72030.0,BID
316,1712603814.9128635,276176.0451675,71150.0,3.539143065447485e-10,72030.0,BID
317,1712603814.914538,276190.09208421,71190.0,6.53460487488525e-10,72030.0,BID
318,1712603814.9160893,276243.02261783,71120.0,2.462320594357833e-09,72030.0,BID
319,1712603814.9176378,276245.48872328,71120.0,1.1472286074035166e-10,72030.0,BID
320,1712603814.91924,276261.13422565,71170.0,7.27826455920795e-10,72030.0,BID
321,1712603815.0019422,276305.8419632,71190.0,-2.079797337523163e-09,72030.0,ASK
322,1712603820.5674458,276305.8419632,71190.0,-0.0,72030.0,ASK
323,1712603828.8120844,276305.92629215,71110.0,-3.920955430557079e-12,72030.0,ASK
324,1712603847.6421523,276306.01056181,71200.0,3.918198686328315e-12,72030.0,BID
325,1712603850.572519,276306.01056181,71200.0,0.0,72030.0,BID
326,1712603877.8821344,276309.08831314,71200.0,1.4310292092364299e-10,72030.0,BID
327,1712603878.1520205,276311.54529094,71200.0,1.1423947620436484e-10,72030.0,BID
328,1712603880.8520498,276311.54529094,71200.0,0.0,72030.0,BID
329,1712603886.3732295,276312.94876407,71200.0,6.525459756525593e-11,72030.0,BID
330,1712603886.3786986,276316.81126706,71200.0,1.7958739131931208e-10,72030.0,BID
331,1712603891.192185,276318.13501899,71130.0,-6.154795387438716e-11,72030.0,ASK
332,1712603891.7723622,276318.21928865,71130.0,-3.918124709846458e-12,72030.0,ASK
333,1712603895.2824302,276318.88116462,71150.0,-3.077397716723503e-11,72030.0,ASK
334,1712603899.021849,276319.2121026,71150.0,-1.5386988353576073e-11,72030.0,ASK
335,1712603907.0933278,276319.29637226,71200.0,3.918124709846458e-12,72030.0,BID
336,1712603907.3641825,276333.34131608,71200.0,6.53020807592445e-10,72030.0,BID
337,1712603910.852362,276333.34131608,71200.0,0.0,72030.0,BID
338,1712603915.70207,276334.53003237,71200.0,5.526547350539054e-11,72030.0,BID
339,1712603927.9019153,276337.96111796,71200.0,1.5951709534384946e-10,72030.0,BID
340,1712603927.985601,276341.41090879,71200.0,1.6038673426167072e-10,72030.0,BID
341,1712603940.5358932,276341.41090879,71200.0,0.0,72030.0,BID
342,1712603963.9191926,276341.49517845,71150.0,-3.917737395518309e-12,72030.0,ASK
343,1712603970.562033,276341.49517845,71150.0,-0.0,72030.0,ASK
344,1712603982.3422492,276362.11370438,71200.0,9.585650109260538e-10,72030.0,BID
345,1712603985.273126,276362.19795037,71220.0,3.916635875341765e-12,72030.0,BID
346,1712604000.195907,276363.96567214,71220.0,8.218222017962308e-11,72030.0,BID
347,1712604000.5825768,276363.96567214,71220.0,0.0,72030.0,BID
348,1712604002.172801,276364.36780637,71220.0,1.8711531786868868e-11,72030.0,BID
349,1712604014.282843,276364.5588176,71200.0,-8.887859910889128e-12,72030.0,ASK
350,1712604014.287363,276366.18480637,71150.0,-7.565817153597731e-11,72030.0,ASK
351,1712604021.3531823,276371.03250838,71220.0,2.2556629971806284e-10,72030.0,BID
352,1712604021.3567572,276376.61536034,71260.0,2.597732401629962e-10,72030.0,BID
353,1712604021.3596828,276376.69977227,71220.0,3.927734556135612e-12,72030.0,BID
354,1712604021.3625927,276378.11339964,71240.0,6.577687621451812e-11,72030.0,BID
355,1712604029.2623966,276382.36492284,71150.0,-1.9782576453737599e-10,72030.0,ASK
356,1712604030.5592656,276382.36492284,71150.0,-0.0,72030.0,ASK
357,1712604033.6727269,276382.44916883,71150.0,-3.919774303871177e-12,72030.0,ASK
358,1712604054.2225473,276382.533403,71230.0,3.919224343592342e-12,72030.0,BID
359,1712604060.852414,276382.533403,71230.0,0.0,72030.0,BID
360,1712604078.4136531,276494.20445455,71150.0,-5.195797140227295e-09,72030.0,ASK
361,1712604078.4183352,276515.66680029,71150.0,-9.98593575242924e-10,72030.0,ASK
362,1712604090.842572,276515.66680029,71150.0,-0.0,72030.0,ASK
363,1712604099.010893,276517.76499223,71150.0,-9.758103730300555e-11,72030.0,ASK
364,1712604101.1730096,276517.8492264,71110.0,-3.917495597787959e-12,72030.0,ASK
365,1712604108.102813,276540.09352225,71110.0,-1.0345199701435592e-09,72030.0,ASK
366,1712604108.105554,276541.56309333,71110.0,-6.834563971180219e-11,72030.0,ASK
367,1712604120.5818005,276541.56309333,71110.0,-0.0,72030.0,ASK
368,1712604120.8454282,276541.64746964,71110.0,3.923770073758871e-12,72030.0,BID
369,1712604124.2025187,276546.41588041,71100.0,-2.2174645322892983e-10,72030.0,ASK
370,1712604124.4233186,276555.71216724,71100.0,-4.3230726801486167e-10,72030.0,ASK
371,1712604126.8154902,276556.37266562,71090.0,-3.071530121834824e-11,72030.0,ASK
372,1712604126.819168,276556.87266562,71090.0,-2.3251609805147728e-11,72030.0,ASK
373,1712604130.6625,276559.61404347,71000.0,-1.2748289619357926e-10,72030.0,ASK
374,1712604145.6333768,276697.71773604,71000.0,-6.4222663445755705e-09,72030.0,ASK
375,1712604145.6385062,276748.00942618,71000.0,-2.3387255111520995e-09,72030.0,ASK
376,1712604145.6728246,276781.39492463,71000.0,1.552533166220518e-09,72030.0,BID
377,1712604145.6929364,276785.59682527,71000.0,1.954019082415708e-10,72030.0,BID
378,1712604145.7328453,276787.25848817,71000.0,7.72726747572347e-11,72030.0,BID
379,1712604145.8924978,276801.32348817,71000.0,6.540677838189143e-10,72030.0,BID
380,1712604145.9924169,276804.65055813,71000.0,1.5471946500919476e-10,72030.0,BID
381,1712604146.8234458,276811.60590322,71000.0,3.2344594018626475e-10,72030.0,BID
382,1712604147.0824833,276879.34744393,71000.0,3.1501997443757902e-09,72030.0,BID
383,1712604150.5663552,276879.34744393,71000.0,0.0,72030.0,BID
384,1712604160.573562,276929.32744393,71040.0,-2.3216414896713517e-09,72030.0,ASK
385,1712604160.5790608,276947.25228978,71030.0,-8.32634370176563e-10,72030.0,ASK
386,1712604160.682953,276952.20410414,71020.0,2.3001876085027067e-10,72030.0,BID
387,1712604160.7186687,276966.25710414,71020.0,6.52781669755845e-10,72030.0,BID
388,1712604160.720888,277106.25710414,71020.0,6.5031974500622326e-09,72030.0,BID
389,1712604160.7828677,277110.62207185,71020.0,2.027589062943308e-10,72030.0,BID
390,1712604160.7956393,277114.63179762,71020.0,1.8625741716281488e-10,72030.0,BID
391,1712604161.1728373,277116.56220226,71020.0,8.967001809048923e-11,72030.0,BID
392,1712604161.1927826,277118.47985958,71020.0,8.907788709563187e-11,72030.0,BID
393,1712604161.1965132,277120.39981163,71020.0,8.918448054265073e-11,72030.0,BID
394,1712604161.212668,277123.83933913,71020.0,1.5977090333662316e-10,72030.0,BID
395,1712604161.5733724,277126.38912876,71020.0,1.184413244310309e-10,72030.0,BID
396,1712604161.5784354,277128.93731189,71020.0,1.1836670023716603e-10,72030.0,BID
397,1712604161.9366696,277131.73839614,71020.0,1.3011431394194404e-10,72030.0,BID
398,1712604162.2927024,277157.22227413,71020.0,1.1837620740155923e-09,72030.0,BID
399,1712604162.4327002,277168.59900537,71020.0,5.28465211357964e-10,72030.0,BID
400,1712604162.4954674,277172.79896581,71020.0,1.9509408588359983e-10,72030.0,BID
401,1712604162.5124133,277182.90292525,71020.0,4.69343166184827e-10,72030.0,BID
402,1712604162.713058,277187.51730379,71020.0,2.1434439110771248e-10,72030.0,BID
403,1712604162.715593,277199.59185619,71020.0,5.60879988415636e-10,72030.0,BID
404,1712604162.7947826,277203.72603255,71020.0,1.9203832258795503e-10,72030.0,BID
405,1712604162.798607,277216.88026597,71020.0,6.110326945335292e-10,72030.0,BID
406,1712604163.1531265,277216.96464228,71010.0,-3.91939860019159e-12,72030.0,ASK
407,1712604164.4630542,277223.17764228,71020.0,2.8860261255117117e-10,72030.0,BID
408,1712604165.0550587,277364.81822827,71020.0,6.579404983109812e-09,72030.0,BID
409,1712604177.9928126,277365.14306179,71040.0,-1.5088975134937614e-11,72030.0,ASK
410,1712604180.822925,277365.14306179,71040.0,-0.0,72030.0,ASK
411,1712604183.4427562,277365.42419757,71140.0,1.3038257270063855e-11,72030.0,BID
412,1712604187.1229663,277365.5085383,71140.0,3.911476994213654e-12,72030.0,BID
413,1712604210.8625252,277365.5085383,71140.0,0.0,72030.0,BID
414,1712604227.8628736,277365.59287903,71090.0,-3.9114722777443625e-12,72030.0,ASK
415,1712604240.5340636,277365.59287903,71090.0,-0.0,72030.0,ASK
416,1712604259.5993392,277365.93698015,71200.0,1.5958382358060905e-11,72030.0,BID
417,1712604264.492747,277368.14929756,71200.0,1.0260067483629864e-10,72030.0,BID
418,1712604270.5743098,277368.14929756,71200.0,0.0,72030.0,BID
419,1712604277.8265693,277368.23356722,71200.0,3.908142186338399e-12,72030.0,BID
420,1712604289.4033835,277381.08786373,71180.0,5.96138853125921e-10,72030.0,BID
421,1712604289.4098191,277396.31336072,71190.0,7.061071219922564e-10,72030.0,BID
422,1712604293.9336383,277411.41336072,71190.0,7.002869954952945e-10,72030.0,BID
423,1712604293.9377737,277411.88786373,71190.0,2.2005846838338742e-11,72030.0,BID
424,1712604293.973051,277456.93926352,71190.0,-2.089331748465792e-09,72030.0,ASK
425,1712604300.8429267,277456.93926352,71190.0,-0.0,72030.0,ASK
426,1712604329.9832802,277457.02353318,71090.0,-3.90728221146684e-12,72030.0,ASK
427,1712604330.8228643,277457.02353318,71090.0,-0.0,72030.0,ASK
428,1712604346.223243,277457.10782652,71180.0,3.908379081784572e-12,72030.0,BID
429,1712604360.589116,277457.10782652,71180.0,0.0,72030.0,BID
430,1712604366.5133026,277471.15671665,71180.0,6.51396338568573e-10,72030.0,BID
431,1712604390.5696309,277471.15671665,71180.0,0.0,72030.0,BID
432,1712604400.7768152,277471.24100999,71110.0,-3.9081967854982334e-12,72030.0,ASK
433,1712604416.863356,277471.32527965,71200.0,3.907098881071448e-12,72030.0,BID
434,1712604420.5577111,277471.32527965,71200.0,0.0,72030.0,BID
435,1712604425.774479,277475.32527965,71140.0,-1.854568635160941e-10,72030.0,ASK
436,1712604425.9138186,277492.16138462,71140.0,-7.80592805391811e-10,72030.0,ASK
437,1712604426.2142603,277507.01677135,71140.0,-6.887583573157512e-10,72030.0,ASK
438,1712604450.5499637,277507.01677135,71140.0,-0.0,72030.0,ASK
439,1712604468.0933428,277507.10104101,71130.0,-3.906636807172684e-12,72030.0,ASK
440,1712604478.0341563,277509.14830134,71140.0,-9.490844698951608e-11,72030.0,ASK
441,1712604478.0394125,277523.11790731,71130.0,-6.4761358789674e-10,72030.0,ASK
442,1712604480.8332756,277523.11790731,71130.0,-0.0,72030.0,ASK
443,1712604484.5932815,277523.20220065,71180.0,3.9075271138678574e-12,72030.0,BID
444,1712604510.843262,277523.20220065,71180.0,0.0,72030.0,BID
445,1712604513.8604426,277525.34260505,71080.0,-9.922119473553319e-11,72030.0,ASK
446,1712604538.3242998,277525.42689839,71080.0,-3.9075260270372426e-12,72030.0,ASK
447,1712604540.5942338,277525.42689839,71080.0,-0.0,72030.0,ASK
448,1712604551.874056,277525.51121542,71160.0,3.908595555610515e-12,72030.0,BID
449,1712604570.563464,277525.51121542,71160.0,0.0,72030.0,BID
450,1712604600.6758108,277525.51121542,71160.0,0.0,72030.0,BID
451,1712604600.7177196,277529.9815968,71080.0,-2.0729513818743848e-10,72030.0,ASK
452,1712604606.1739173,277530.0793288,71080.0,-4.531910531602978e-12,72030.0,ASK
453,1712604606.4153805,277530.16364583,71080.0,-3.90984770538208e-12,72030.0,ASK
454,1712604617.153726,277538.28651768,71080.0,-3.76664024718981e-10,72030.0,ASK
455,1712604620.563754,277538.37092961,71080.0,3.91424829493864e-12,72030.0,BID
456,1712604630.5801914,277538.37092961,71080.0,0.0,72030.0,BID
457,1712604651.0937698,277545.40525712,71080.0,3.2617353314950536e-10,72030.0,BID
458,1712604651.4838989,277546.19436579,71000.0,-3.659004539889686e-11,72030.0,ASK
459,1712604660.8626368,277546.19436579,71000.0,-0.0,72030.0,ASK
460,1712604675.883782,277546.27877772,71010.0,-3.913981480844563e-12,72030.0,ASK
461,1712604690.8333492,277546.27877772,71010.0,-0.0,72030.0,ASK
462,1712604698.2940166,277546.36318965,71080.0,3.91398039302485e-12,72030.0,BID
463,1712604712.167263,277556.36318965,71000.0,-4.6367621175597904e-10,72030.0,ASK
464,1712604712.1715384,277558.57408098,71000.0,-1.025137716486669e-10,72030.0,ASK
465,1712604712.3633044,277576.94535982,71000.0,8.51832497764432e-10,72030.0,BID
466,1712604712.5192788,277590.6800084,71000.0,6.368429823384523e-10,72030.0,BID
467,1712604712.5334988,277602.58687531,71000.0,5.52093094270876e-10,72030.0,BID
468,1712604712.603511,277616.64687531,71000.0,6.51928753728798e-10,72030.0,BID
469,1712604714.2746253,277630.70487531,71000.0,6.5183601848744e-10,72030.0,BID
470,1712604716.0060403,277631.07973982,71000.0,1.7381575590441182e-11,72030.0,BID
471,1712604719.6147635,277631.15459972,71000.0,3.471075484099507e-12,72030.0,BID
472,1712604719.6203792,277640.53225319,71000.0,4.3481948361438467e-10,72030.0,BID
473,1712604719.693847,277675.87632578,71000.0,1.638820568655953e-09,72030.0,BID
474,1712604720.5572364,277675.87632578,71000.0,0.0,72030.0,BID
475,1712604720.6942823,277689.93432578,71000.0,6.51558032201609e-10,72030.0,BID
476,1712604721.1946137,277725.2489442,71000.0,1.636756529067902e-09,72030.0,BID
477,1712604722.2836392,277739.3069442,71000.0,6.51558032201609e-10,72030.0,BID
478,1712604722.36397,277751.86239441,71000.0,5.819180845227493e-10,72030.0,BID
479,1712604723.8634598,277765.92239441,71000.0,6.51650727894485e-10,72030.0,BID
480,1712604725.4255958,277779.98139441,71000.0,6.516043800480472e-10,72030.0,BID
481,1712604732.600451,277780.61039441,71000.0,2.915279571961463e-11,72030.0,BID
482,1712604742.233827,277780.69480634,70990.0,-3.912311211142576e-12,72030.0,ASK
483,1712604747.854073,277781.76580634,71000.0,4.9638544066335797e-11,72030.0,BID
484,1712604750.5890656,277781.76580634,71000.0,0.0,72030.0,BID
485,1712604755.8755803,277795.82205068,71000.0,6.51249733060233e-10,72030.0,BID
486,1712604755.8837256,277795.82280634,71000.0,3.5011014561691054e-14,72030.0,BID
487,1712604758.50384,277795.90731338,71000.0,3.915355047762905e-12,72030.0,BID
488,1712604760.057835,277802.18031338,71000.0,2.9063877069087566e-10,72030.0,BID
489,1712604775.2581573,277804.27785937,71000.0,9.7182877090113e-11,72030.0,BID
490,1712604775.2787092,277822.34785937,71000.0,8.372138667860239e-10,72030.0,BID
491,1712604775.2983496,277836.79229525,71000.0,6.692353080591704e-10,72030.0,BID
492,1712604775.3189447,277840.32558131,71000.0,1.6370315909127706e-10,72030.0,BID
493,1712604775.4444182,277854.76438297,71000.0,6.68974265052293e-10,72030.0,BID
494,1712604775.5470364,277861.02438297,71000.0,2.9003645855485784e-10,72030.0,BID
495,1712604775.8462727,277865.30246657,71000.0,1.9821089724283195e-10,72030.0,BID
496,1712604775.8488708,277869.02798182,71000.0,1.7260946476047252e-10,72030.0,BID
497,1712604777.3796108,277871.39562722,71000.0,1.0969704264009598e-10,72030.0,BID
498,1712604777.5836372,277885.71726709,71000.0,6.635459598382382e-10,72030.0,BID
499,1712604780.619985,277885.71726709,71000.0,0.0,72030.0,BID
500,1712604783.7238302,277929.59108815,71000.0,2.0320539630201718e-09,72030.0,BID
501,1712604783.7435372,277949.19325227,71000.0,9.078911825199275e-10,72030.0,BID
502,1712604792.834416,277949.40925166,70990.0,-1.000419853689942e-11,72030.0,ASK
503,1712604799.9239209,277954.40925166,70990.0,2.3157932383428438e-10,72030.0,BID
504,1712604801.5037196,277964.19325227,70990.0,4.531544491316693e-10,72030.0,BID
505,1712604804.1023176,277967.02318432,71000.0,1.3107075012824828e-10,72030.0,BID
506,1712604805.2438743,277977.42300229,71000.0,4.81676562698414e-10,72030.0,BID
507,1712604805.3237364,277991.85749397,71000.0,6.685459646293722e-10,72030.0,BID
508,1712604810.56948,277991.85749397,71000.0,0.0,72030.0,BID
509,1712604812.142113,278001.45749397,70990.0,4.444771670611564e-10,72030.0,BID
510,1712604812.1449792,278034.64067042,71000.0,1.536371277357591e-09,72030.0,BID
511,1712604812.385952,278037.24067042,71000.0,1.2037923274494387e-10,72030.0,BID
512,1712604813.163825,278037.32517746,70980.0,-3.912651013286809e-12,72030.0,ASK
513,1712604827.616625,278037.4096845,71000.0,3.912651015981807e-12,72030.0,BID
514,1712604840.9548185,278037.4096845,71000.0,0.0,72030.0,BID
515,1712604855.8640387,278050.09527573,71000.0,5.872511965004261e-10,72030.0,BID
516,1712604870.8439538,278050.09527573,71000.0,0.0,72030.0,BID
517,1712604874.6747112,278050.16428981,70980.0,-3.1947199424169893e-12,72030.0,ASK
518,1712604874.6795733,278050.17978277,70980.0,-7.171821790004607e-13,72030.0,ASK
519,1712604891.6266532,278050.26428981,71000.0,3.91190212141745e-12,72030.0,BID
520,1712604891.6390889,278054.4908325,70980.0,-1.9565022415936608e-10,72030.0,ASK
521,1712604898.027235,278074.76942427,71000.0,9.3871310819125e-10,72030.0,BID
522,1712604898.0314724,278081.41839718,71000.0,3.0778656118546475e-10,72030.0,BID
523,1712604899.954152,278087.13295835,71000.0,2.6453185402100864e-10,72030.0,BID
524,1712604899.9596128,278088.55839718,71000.0,6.598476510643127e-11,72030.0,BID
525,1712604900.5690722,278088.55839718,71000.0,0.0,72030.0,BID
526,1712604904.212926,278093.82512244,71000.0,2.4380233888066256e-10,72030.0,BID
527,1712604904.2184663,278099.84252036,71000.0,2.7855177827789915e-10,72030.0,BID
528,1712604930.560183,278099.84252036,71000.0,0.0,72030.0,BID
529,1712604945.054577,278099.9270274,71010.0,-3.911776085437113e-12,72030.0,ASK
530,1712604960.8342972,278099.9270274,71010.0,-0.0,72030.0,ASK
531,1712604966.674454,278100.01143933,71080.0,3.907372420801072e-12,72030.0,BID
532,1712604990.825303,278100.01143933,71080.0,0.0,72030.0,BID
533,1712605010.774838,278102.44536589,71080.0,1.1266481969071679e-10,72030.0,BID
534,1712605011.5846632,278102.52977782,71030.0,-3.907371335583264e-12,72030.0,ASK
535,1712605020.652468,278102.52977782,71030.0,-0.0,72030.0,ASK
536,1712605029.124322,278102.61418975,71080.0,3.907338960326148e-12,72030.0,BID
537,1712605035.264053,278102.7548763,71080.0,6.512231600543579e-12,72030.0,BID
538,1712605050.5680823,278102.7548763,71080.0,0.0,72030.0,BID
539,1712605053.2340431,278103.7548763,71080.0,4.628890805339095e-11,72030.0,BID
540,1712605080.824191,278103.7548763,71080.0,0.0,72030.0,BID
541,1712605082.9847152,278103.83928823,71030.0,-3.907323210527173e-12,72030.0,ASK
542,1712605091.094222,278105.24615373,71080.0,6.512205350878621e-11,72030.0,BID
543,1712605101.876907,278112.27547531,71080.0,3.2537854972696125e-10,72030.0,BID
544,1712605108.134263,278112.35988724,71080.0,3.907323210527173e-12,72030.0,BID
545,1712605110.8367708,278112.35988724,71080.0,0.0,72030.0,BID
546,1712605140.561648,278112.35988724,71080.0,0.0,72030.0,BID
547,1712605141.5543742,278112.50057379,71080.0,6.512020982198174e-12,72030.0,BID
548,1712605153.9750495,278125.3548703,71070.0,5.94992546072594e-10,72030.0,BID
549,1712605153.9808402,278138.28956054,71080.0,5.987137664503232e-10,72030.0,BID
550,1712605154.4258811,278154.70653889,71080.0,-7.598999867249001e-10,72030.0,ASK
551,1712605157.6645367,278154.79095082,71030.0,-3.907212589318905e-12,72030.0,ASK
552,1712605170.5751448,278154.79095082,71030.0,-0.0,72030.0,ASK
553,1712605183.4406085,278154.875339,71100.0,3.905568057443663e-12,72030.0,BID
554,1712605200.6136243,278154.875339,71100.0,0.0,72030.0,BID
555,1712605230.5566273,278154.875339,71100.0,0.0,72030.0,BID
556,1712605231.465236,278158.72987399,71030.0,-1.7841469181144255e-10,72030.0,ASK
557,1712605231.4721406,278161.99318599,71000.0,-1.5104877923862218e-10,72030.0,ASK
558,1712605231.478304,278226.25954376,70980.0,-2.97469407987693e-09,72030.0,ASK
559,1712605232.0249045,278252.98246921,71090.0,1.236922876782446e-09,72030.0,BID
560,1712605234.4257,278253.06685739,70990.0,-3.9060719815960546e-12,72030.0,ASK
561,1712605258.5346634,278253.1512337,71110.0,3.905522555554526e-12,72030.0,BID
562,1712605258.8943348,278264.4220142,70990.0,-5.216901220546318e-10,72030.0,ASK
563,1712605260.8399878,278264.4220142,70990.0,-0.0,72030.0,ASK
564,1712605290.8244667,278264.4220142,70990.0,-0.0,72030.0,ASK
565,1712605302.4851162,278269.4220142,70990.0,2.3135147916110662e-10,72030.0,BID
566,1712605307.724378,278269.50639051,70980.0,-3.904116824854103e-12,72030.0,ASK
567,1712605310.9543362,278287.13123186,70990.0,8.15506623261129e-10,72030.0,BID
568,1712605320.5574384,278287.13123186,70990.0,0.0,72030.0,BID
569,1712605330.4646878,278287.2157508,70990.0,3.9104246626116735e-12,72030.0,BID
570,1712605333.3552363,278290.03304901,70990.0,1.3034749853859719e-10,72030.0,BID
571,1712605340.5624847,278298.40126479,70990.0,3.87170939265864e-10,72030.0,BID
572,1712605340.6479654,278311.2555613,70990.0,5.947277393665977e-10,72030.0,BID
573,1712605344.3948832,278321.08207968,70980.0,-4.5464199907432044e-10,72030.0,ASK
574,1712605344.400273,278322.99583912,70980.0,-8.854361065682387e-11,72030.0,ASK
575,1712605347.244622,278338.92583912,70990.0,7.37030834845125e-10,72030.0,BID
576,1712605350.5472355,278339.25703704,71060.0,1.53234827051653e-11,72030.0,BID
577,1712605350.5497117,278353.00496035,70990.0,6.36073031672353e-10,72030.0,BID
578,1712605350.5748322,278353.00496035,70990.0,0.0,72030.0,BID
579,1712605354.678549,278353.14568649,71060.0,6.509546069297231e-12,72030.0,BID
580,1712605378.944782,278353.23020543,70980.0,-3.909578801338492e-12,72030.0,ASK
581,1712605380.8246157,278353.23020543,70980.0,-0.0,72030.0,ASK
582,1712605394.1946585,278353.31464111,71060.0,3.905724566362139e-12,72030.0,BID
583,1712605410.864564,278353.31464111,71060.0,0.0,72030.0,BID
584,1712605440.5736282,278353.31464111,71060.0,0.0,72030.0,BID
585,1712605448.6249168,278353.39907679,70980.0,-3.9057234823645675e-12,72030.0,ASK
586,1712605470.5799625,278353.39907679,70980.0,-0.0,72030.0,ASK
587,1712605473.127942,278353.48353624,71040.0,3.90682192185056e-12,72030.0,BID
588,1712605500.5802562,278357.954281,70980.0,-2.0680224225523755e-10,72030.0,ASK
589,1712605500.590399,278357.954281,70980.0,-0.0,72030.0,ASK
590,1712605527.9351444,278358.03874045,70980.0,-3.907535179091702e-12,72030.0,ASK
591,1712605530.608571,278358.03874045,70980.0,-0.0,72030.0,ASK
592,1712605541.325168,278358.1231999,71040.0,3.907534095310365e-12,72030.0,BID
593,1712605560.8351986,278358.1231999,71040.0,0.0,72030.0,BID
594,1712605590.8647516,278358.1231999,71040.0,0.0,72030.0,BID
595,1712605598.707013,278358.20765935,70990.0,-3.9075330133064895e-12,72030.0,ASK
596,1712605612.2552958,278372.23965935,71040.0,6.491932308140505e-10,72030.0,BID
597,1712605616.1551557,278414.52891788,71020.0,-1.9565208362157924e-09,72030.0,ASK
598,1712605617.591496,278428.56691788,71040.0,6.49470821990002e-10,72030.0,BID
599,1712605620.5559137,278428.56691788,71040.0,0.0,72030.0,BID
600,1712605620.9555326,278428.65137733,71040.0,3.906628681116152e-12,72030.0,BID
601,1712605650.573161,278428.65137733,71040.0,0.0,72030.0,BID
602,1712605651.2649736,278428.69014764,71040.0,1.7933003697558876e-12,72030.0,BID
603,1712605670.9558003,278428.77460709,71040.0,-3.906627594229536e-12,72030.0,ASK
604,1712605680.8347108,278428.77460709,71040.0,-0.0,72030.0,ASK
605,1712605685.3051293,278428.85899527,71100.0,3.903329457929293e-12,72030.0,BID
606,1712605710.2691998,278437.50493809,71100.0,3.9991339193067674e-10,72030.0,BID
607,1712605710.2723205,278442.92369287,71100.0,2.5064156093036157e-10,72030.0,BID
608,1712605710.8353636,278442.92369287,71100.0,0.0,72030.0,BID
609,1712605738.725144,278443.00808105,71040.0,-3.903147836717101e-12,72030.0,ASK
610,1712605740.5707393,278443.00808105,71040.0,-0.0,72030.0,ASK
611,1712605759.6554062,278443.0924455,71120.0,3.902049188357716e-12,72030.0,BID
612,1712605770.5762944,278443.0924455,71120.0,0.0,72030.0,BID
613,1712605800.603395,278443.0924455,71120.0,0.0,72030.0,BID
614,1712605800.6060593,278443.17680995,71120.0,-3.914760996114957e-12,72030.0,ASK
615,1712605812.0055306,278443.27516599,71170.0,4.5640123228432326e-12,72030.0,BID
616,1712605816.805778,278443.35947117,71170.0,3.912010694400605e-12,72030.0,BID
617,1712605822.6952093,278444.06201438,71170.0,3.260009112955523e-11,72030.0,BID
618,1712605830.5942087,278444.06201438,71170.0,0.0,72030.0,BID
619,1712605856.6753173,278444.76455759,71170.0,3.259998675075968e-11,72030.0,BID
620,1712605860.8251386,278444.76455759,71170.0,0.0,72030.0,BID
621,1712605868.305515,278444.84886277,71120.0,-3.911989092579403e-12,72030.0,ASK
622,1712605888.052512,278444.93316795,71170.0,3.911989092579403e-12,72030.0,BID
623,1712605890.8351932,278444.93316795,71170.0,0.0,72030.0,BID
624,1712605918.975533,278445.83926607,71120.0,-4.2045387826676225e-11,72030.0,ASK
625,1712605920.6005125,278445.83926607,71120.0,-0.0,72030.0,ASK
626,1712605936.3352616,278445.92357125,71120.0,-3.9119752171687844e-12,72030.0,ASK
627,1712605949.5753765,278446.00785275,71190.0,3.910876405633032e-12,72030.0,BID
628,1712605950.6201763,278446.00785275,71190.0,0.0,72030.0,BID
629,1712605980.8253007,278446.00785275,71190.0,0.0,72030.0,BID
630,1712606002.4254038,278446.09213425,71120.0,-3.910874226002696e-12,72030.0,ASK
631,1712606010.864257,278446.09213425,71120.0,-0.0,72030.0,ASK
632,1712606023.0954294,278446.17641575,71190.0,3.910873140928045e-12,72030.0,BID
633,1712606035.7954483,278446.33913556,71120.0,-7.550607596714472e-12,72030.0,ASK
634,1712606040.5810008,278446.33913556,71120.0,-0.0,72030.0,ASK
635,1712606064.9898214,278446.42341706,71070.0,-3.910869951948873e-12,72030.0,ASK
636,1712606070.5478206,278446.42341706,71070.0,-0.0,72030.0,ASK
637,1712606080.255679,278446.50772224,71170.0,3.911967674357461e-12,72030.0,BID
638,1712606100.5869622,278446.50772224,71170.0,0.0,72030.0,BID
639,1712606125.86601,278446.59202742,71060.0,-3.912274501502661e-12,72030.0,ASK
640,1712606130.6102326,278446.59202742,71060.0,-0.0,72030.0,ASK
641,1712606142.365456,278446.67639187,71120.0,3.915023902984244e-12,72030.0,BID
642,1712606148.4654162,278462.39202742,71120.0,7.293011312159171e-10,72030.0,BID
643,1712606148.6256382,278527.18890557,71120.0,-3.006969484867312e-09,72030.0,ASK
644,1712606160.835333,278527.18890557,71120.0,-0.0,72030.0,ASK
645,1712606163.265494,278527.32951299,71120.0,6.523304780139044e-12,72030.0,BID
646,1712606190.8056464,278527.32951299,71120.0,0.0,72030.0,BID
647,1712606192.4255016,278527.41387744,71060.0,-3.913980957184544e-12,72030.0,ASK
648,1712606207.655686,278527.49824189,71120.0,3.913980959885014e-12,72030.0,BID
649,1712606217.153087,278558.56999737,71120.0,1.441534429733795e-09,72030.0,BID
650,1712606220.5849562,278558.56999737,71120.0,0.0,72030.0,BID
651,1712606250.5585897,278558.56999737,71120.0,0.0,72030.0,BID
652,1712606257.7259655,278558.65436182,71060.0,-3.9135775545001935e-12,72030.0,ASK
653,1712606278.8759286,278558.73873813,71110.0,3.914127726677882e-12,72030.0,BID
654,1712606280.8493717,278558.73873813,71110.0,0.0,72030.0,BID
655,1712606310.876074,278558.73873813,71110.0,0.0,72030.0,BID
656,1712606321.626035,278558.82311444,71060.0,-3.914125548731438e-12,72030.0,ASK
657,1712606338.8499522,278558.90749075,71110.0,3.914125548731438e-12,72030.0,BID
658,1712606340.5623937,278558.90749075,71110.0,0.0,72030.0,BID
659,1712606370.5898385,278558.90749075,71110.0,0.0,72030.0,BID
660,1712606373.405934,278575.30749075,71100.0,7.607777974592067e-10,72030.0,BID
661,1712606373.410714,278579.51576148,71100.0,1.9521700836104904e-10,72030.0,BID
662,1712606373.485584,278594.06923477,71100.0,-6.75119472863993e-10,72030.0,ASK
663,1712606377.7308033,278595.47590237,71090.0,6.525374868726023e-11,72030.0,BID
664,1712606385.2828186,278608.32590237,71070.0,-5.96097237643531e-10,72030.0,ASK
665,1712606392.1958654,278608.41027868,71060.0,-3.914123370634394e-12,72030.0,ASK
666,1712606400.7362363,278608.6915291,71060.0,-1.3046894822114558e-11,72030.0,ASK
667,1712606400.7397256,278612.86714604,71060.0,-1.9370223528456408e-10,72030.0,ASK
668,1712606400.782091,278612.86714604,71060.0,-0.0,72030.0,ASK
669,1712606409.7472494,278623.37306934,71060.0,-4.874821039909761e-10,72030.0,ASK
670,1712606409.7563083,278629.24799719,71050.0,-2.7260071364721704e-10,72030.0,ASK
671,1712606413.1466165,278681.21420737,71160.0,2.411268077220108e-09,72030.0,BID
672,1712606413.153842,278682.48584223,71110.0,5.900473659884001e-11,72030.0,BID
673,1712606413.160404,278687.9889852,71120.0,2.5534963819852196e-10,72030.0,BID
674,1712606413.366216,278688.07330223,71160.0,3.912368480343125e-12,72030.0,BID
675,1712606413.373447,278705.01176596,71160.0,7.85956426837856e-10,72030.0,BID
676,1712606430.5917983,278705.01176596,71160.0,0.0,72030.0,BID
677,1712606436.2937028,278705.1565383,71160.0,6.715395431198481e-12,72030.0,BID
678,1712606443.246173,278718.01083481,71070.0,-5.962581255330115e-10,72030.0,ASK
679,1712606443.2758818,278721.2565383,71070.0,-1.5055488081397931e-10,72030.0,ASK
680,1712606443.356312,278737.5565383,71050.0,-7.560901865478782e-10,72030.0,ASK
681,1712606443.5813596,278738.67211855,71040.0,-5.174719505037132e-11,72030.0,ASK
682,1712606443.586532,278747.3565383,71040.0,-4.028346348984448e-10,72030.0,ASK
683,1712606444.1565282,278750.6305383,71040.0,-1.5186743992547396e-10,72030.0,ASK
684,1712606456.2060895,278750.71485533,71040.0,-3.911121406443862e-12,72030.0,ASK
685,1712606460.8460946,278750.71485533,71040.0,-0.0,72030.0,ASK
686,1712606463.107071,278752.71485533,71000.0,-9.275782954036458e-11,72030.0,ASK
687,1712606463.1152449,278754.7506769,71040.0,-9.441919508080208e-11,72030.0,ASK
688,1712606463.1216063,278755.32946287,71000.0,-2.6843465175143663e-11,72030.0,ASK
689,1712606477.1563897,278755.41386292,71090.0,3.914382725216912e-12,72030.0,BID
690,1712606490.8258038,278755.41386292,71090.0,0.0,72030.0,BID
691,1712606499.9173946,278760.41386292,71000.0,-2.3189098475703284e-10,72030.0,ASK
692,1712606503.8110907,278760.83507695,71000.0,-1.9535147242398888e-11,72030.0,ASK
693,1712606503.8188765,278769.55386292,71000.0,-4.0436157289140544e-10,72030.0,ASK
694,1712606504.9812708,278772.07386292,71000.0,-1.1687305631840838e-10,72030.0,ASK
695,1712606505.0958998,278773.09193618,71000.0,-4.7216402164513606e-11,72030.0,ASK
696,1712606505.146849,278784.15193618,71000.0,-5.129428582824486e-10,72030.0,ASK
697,1712606505.3464105,278791.56193618,71000.0,-3.4366243940873486e-10,72030.0,ASK
698,1712606506.4959204,278792.95193618,71000.0,-6.446569376310303e-11,72030.0,ASK
699,1712606507.389722,278796.01115088,71000.0,-1.4188086187385958e-10,72030.0,ASK
700,1712606507.395511,278802.72193618,71000.0,-3.1123412234224635e-10,72030.0,ASK
701,1712606507.5865707,278808.96193618,71000.0,-2.89399948976345e-10,72030.0,ASK
702,1712606507.75856,278815.20193618,71000.0,-2.89399948976345e-10,72030.0,ASK
703,1712606517.5960534,278821.44102749,71000.0,-2.893578055734449e-10,72030.0,ASK
704,1712606520.614318,278821.44102749,71000.0,-0.0,72030.0,ASK
705,1712606522.116308,278821.52542754,70990.0,-3.91347128342986e-12,72030.0,ASK
706,1712606536.1064854,278891.87348276,70990.0,-3.261906763940069e-09,72030.0,ASK
707,1712606542.76987,278891.9579898,71000.0,3.918432210277351e-12,72030.0,BID
708,1712606546.3163202,278892.23975931,70980.0,-1.3065121239067882e-11,72030.0,ASK
709,1712606546.3224893,278904.22757004,70980.0,-5.55852194957703e-10,72030.0,ASK
710,1712606550.409464,278909.36431104,70950.0,-2.3818100102550317e-10,72030.0,ASK
711,1712606550.418977,278937.55317643,70950.0,-1.3070645719486166e-09,72030.0,ASK
712,1712606550.4232745,278938.13915486,70950.0,-2.7170715641738688e-11,72030.0,ASK
713,1712606550.4284344,278938.23915486,70960.0,-4.636811571946649e-12,72030.0,ASK
714,1712606550.431445,278940.97357004,70950.0,-1.2678967944663688e-10,72030.0,ASK
715,1712606550.6047864,278940.97357004,70950.0,-0.0,72030.0,ASK
716,1712606568.5565982,278941.72999969,70960.0,-3.5060425174260995e-11,72030.0,ASK
717,1712606579.536266,278942.40799773,71000.0,3.142512928876518e-11,72030.0,BID
718,1712606580.5875683,278942.40799773,71000.0,0.0,72030.0,BID
719,1712606584.838495,278951.11032571,70960.0,-4.0334997334430924e-10,72030.0,ASK
720,1712606586.0959167,278951.19483275,70960.0,-3.916872867317173e-12,72030.0,ASK
721,1712606601.3888369,278965.27933979,71000.0,6.52812161553264e-10,72030.0,BID
722,1712606607.856384,278965.36384683,71000.0,3.916872864619268e-12,72030.0,BID
723,1712606610.5841742,278965.36384683,71000.0,0.0,72030.0,BID
724,1712606615.0573575,278966.46920031,70950.0,-5.1228892637447424e-11,72030.0,ASK
725,1712606615.0643723,278969.78023215,70950.0,-1.534536215918061e-10,72030.0,ASK
726,1712606615.0692797,278988.8618439,70930.0,-8.84359489838273e-10,72030.0,ASK
727,1712606615.0734682,279015.1252402,70930.0,-1.217207647739866e-09,72030.0,ASK
728,1712606622.385759,279044.58031146,70930.0,-1.3651295359064019e-09,72030.0,ASK
729,1712606640.8527513,279044.58031146,70930.0,-0.0,72030.0,ASK
730,1712606650.864885,279044.6648185,70930.0,-3.915557385718656e-12,72030.0,ASK
731,1712606663.3045957,279044.8928185,70930.0,-1.056417411088952e-11,72030.0,ASK
732,1712606670.8140728,279044.8928185,70930.0,-0.0,72030.0,ASK
733,1712606672.8641677,279044.97732554,71000.0,3.9155533642599295e-12,72030.0,BID
734,1712606681.6549582,279049.9095556,70930.0,-2.2853019120385184e-10,72030.0,ASK
735,1712606681.66314,279058.06229627,70930.0,-3.7774948886381916e-10,72030.0,ASK
736,1712606681.6684918,279058.94770832,70930.0,-4.102472565515336e-11,72030.0,ASK
737,1712606700.5773132,279058.94770832,70930.0,-0.0,72030.0,ASK
738,1712606713.0831568,279059.04606436,70940.0,-4.557947004023659e-12,72030.0,ASK
739,1712606718.0533571,279059.1305714,70940.0,-3.916166303785554e-12,72030.0,ASK
740,1712606722.083274,279062.3762749,71000.0,1.5041012774356548e-10,72030.0,BID
741,1712606722.1910138,279074.64585514,71000.0,5.685883295445312e-10,72030.0,BID
742,1712606730.5640328,279074.64585514,71000.0,0.0,72030.0,BID
743,1712606732.3923447,279074.73036218,71000.0,3.915964044070119e-12,72030.0,BID
744,1712606740.142418,279081.7726157,71000.0,3.2633034573154244e-10,72030.0,BID
745,1712606760.8655648,279081.7726157,71000.0,0.0,72030.0,BID
746,1712606780.85141,279081.85712274,70950.0,-3.9158722267030975e-12,72030.0,ASK
747,1712606785.6213267,279152.19526964,71000.0,3.259316572743836e-09,72030.0,BID
748,1712606785.7513,279203.3802778,71000.0,2.37180182766453e-09,72030.0,BID
749,1712606785.7580338,279240.14946964,71000.0,1.7038042884577767e-09,72030.0,BID
750,1712606785.8312552,279258.06732526,71000.0,8.30274415011778e-10,72030.0,BID
751,1712606788.9265444,279258.56732526,71000.0,2.316891129771695e-11,72030.0,BID
752,1712606790.8208928,279258.56732526,71000.0,0.0,72030.0,BID
753,1712606797.3106582,279258.6518323,71000.0,3.913595876545758e-12,72030.0,BID
754,1712606804.2711043,279305.53085483,71000.0,2.171009058075995e-09,72030.0,BID
755,1712606820.5413108,279305.53085483,71000.0,0.0,72030.0,BID
756,1712606848.0397267,279305.61536187,70940.0,-3.912991634301096e-12,72030.0,ASK
757,1712606850.5378654,279305.61536187,70940.0,-0.0,72030.0,ASK
758,1712606869.9799342,279305.69986891,71000.0,3.912990550798567e-12,72030.0,BID
759,1712606880.8217947,279305.69986891,71000.0,0.0,72030.0,BID
760,1712606910.8485663,279305.69986891,71000.0,0.0,72030.0,BID
761,1712606914.778791,279305.78437595,70940.0,-3.9129894609874905e-12,72030.0,ASK
762,1712606936.8386965,279305.86888299,71000.0,3.9129894609874905e-12,72030.0,BID
763,1712606940.644019,279305.86888299,71000.0,0.0,72030.0,BID
764,1712606970.6840708,279305.86888299,71000.0,0.0,72030.0,BID
765,1712606976.2677858,279305.95339003,70940.0,-3.9129872903715295e-12,72030.0,ASK
766,1712606994.177106,279306.03789707,71000.0,3.912987287676301e-12,72030.0,BID
767,1712607000.7038429,279306.03789707,71000.0,0.0,72030.0,BID
768,1712607002.1474187,279306.11607735,71000.0,3.6214589028908193e-12,72030.0,BID
769,1712607002.4954789,279306.20801473,71000.0,4.258713878390686e-12,72030.0,BID
770,1712607009.0301464,279309.50585454,71000.0,1.5276219708610226e-10,72030.0,BID
771,1712607009.0342598,279355.50378937,71000.0,2.1307116145616963e-09,72030.0,BID
772,1712607026.186725,279355.79398655,71000.0,1.3442483977339e-11,72030.0,BID
773,1712607030.5564642,279355.79398655,71000.0,0.0,72030.0,BID
774,1712607046.636455,279355.87849359,70950.0,-3.913885959163065e-12,72030.0,ASK
775,1712607060.836007,279355.87849359,70950.0,-0.0,72030.0,ASK
776,1712607090.8457525,279355.87849359,70950.0,-0.0,72030.0,ASK
777,1712607094.2421749,279355.96300063,71000.0,3.9138848750114055e-12,72030.0,BID
778,1712607120.5540593,279355.96300063,71000.0,0.0,72030.0,BID
779,1712607131.8451324,279360.45495183,71000.0,2.0804154265856128e-10,72030.0,BID
780,1712607135.3447464,279376.46796591,71000.0,7.416314210751953e-10,72030.0,BID
781,1712607139.162857,279377.87571274,71000.0,6.519879873011902e-11,72030.0,BID
782,1712607142.405535,279377.96021978,70950.0,-3.91388378470273e-12,72030.0,ASK
783,1712607149.66501,279384.83842204,70950.0,-3.1855907270457525e-10,72030.0,ASK
784,1712607150.5898328,279384.83842204,70950.0,-0.0,72030.0,ASK
785,1712607150.8785365,279430.71298029,70950.0,2.124446033142517e-09,72030.0,BID
786,1712607152.3160703,279437.26298029,70950.0,3.0332982044693613e-10,72030.0,BID
787,1712607156.8948758,279437.34754688,70950.0,3.916270010493237e-12,72030.0,BID
788,1712607157.0947473,279438.27054688,70950.0,4.274403424060853e-11,72030.0,BID
789,1712607159.389787,279438.58554688,70950.0,1.458761731664196e-11,72030.0,BID
790,1712607180.8254902,279438.58554688,70950.0,0.0,72030.0,BID
791,1712607192.8076522,279438.58612258,70950.0,2.6655900777946563e-14,72030.0,BID
792,1712607210.8239846,279438.58612258,70950.0,0.0,72030.0,BID
793,1712607212.2138336,279438.67068917,70950.0,-3.9155785266537575e-12,72030.0,ASK
794,1712607231.673945,279438.75519621,71000.0,3.91282125713085e-12,72030.0,BID
795,1712607240.5586672,279438.75519621,71000.0,0.0,72030.0,BID
796,1712607242.6940708,279439.63902719,71000.0,4.092287134313833e-11,72030.0,BID
797,1712607266.353402,279440.17095324,71000.0,2.462907705441168e-11,72030.0,BID
798,1712607270.612344,279440.17095324,71000.0,0.0,72030.0,BID
799,1712607276.5530157,279440.45264338,71000.0,1.3042669883855786e-11,72030.0,BID
800,1712607277.1729827,279440.53715042,70950.0,-3.912800874870861e-12,72030.0,ASK
1001,1712607292.0828454,279440.62165746,71000.0,3.91280087217576e-12,72030.0,BID
801,1712607292.0828454,279440.62165746,71000.0,3.9128008721757596e-12,72030.0,BID
802,1712607300.6006153,279440.62165746,71000.0,0.0,72030.0,BID
803,1712607300.7007952,279445.0988257,70960.0,-2.0743675733319323e-10,72030.0,ASK
804,1712607307.784936,279445.22917637,70950.0,-6.039424666619222e-12,72030.0,ASK
805,1712607307.7930508,279446.22396847,70950.0,-4.609084054460922e-11,72030.0,ASK
806,1712607307.7995484,279565.52213639,70940.0,-5.527338661970169e-09,72030.0,ASK
807,1712607307.8048556,279574.16418158,70940.0,-4.0040439287727605e-10,72030.0,ASK
808,1712607307.808586,279579.21183393,70950.0,-2.3386850337010703e-10,72030.0,ASK
809,1712607307.8123684,279586.02329019,70940.0,-3.1558930188570635e-10,72030.0,ASK
810,1712607330.5490928,279586.02329019,70940.0,-0.0,72030.0,ASK
811,1712607341.9766817,279586.10779723,70940.0,-3.913521150771155e-12,72030.0,ASK
812,1712607356.87265,279602.2951343,70940.0,-7.496356039539779e-10,72030.0,ASK
813,1712607360.848822,279602.2951343,70940.0,-0.0,72030.0,ASK
814,1712607363.132412,279602.37965324,70990.0,3.913863013404215e-12,72030.0,BID
815,1712607390.8318305,279602.37965324,70990.0,0.0,72030.0,BID
816,1712607408.9634316,279602.46417218,70950.0,-3.9138619286521696e-12,72030.0,ASK
817,1712607420.5550542,279602.46417218,70950.0,-0.0,72030.0,ASK
818,1712607428.9625237,279602.54869112,70990.0,3.913860841818009e-12,72030.0,BID
819,1712607442.6960783,279603.95734022,70990.0,6.523101865030365e-11,72030.0,BID
820,1712607450.5454526,279603.95734022,70990.0,0.0,72030.0,BID
821,1712607473.471218,279604.04185916,70950.0,-3.913841630354572e-12,72030.0,ASK
822,1712607480.8307498,279604.04185916,70950.0,-0.0,72030.0,ASK
823,1712607481.3618765,279605.70406511,70950.0,-7.697220336425284e-11,72030.0,ASK
824,1712607481.3702157,279608.70015691,70950.0,-1.3874080244108668e-10,72030.0,ASK
825,1712607481.3766007,279613.03117437,70940.0,-2.0055755227070927e-10,72030.0,ASK
826,1712607481.3825362,279632.99094192,70930.0,-9.24282148646438e-10,72030.0,ASK
827,1712607481.4015737,279633.06841762,70990.0,3.5876873933423538e-12,72030.0,BID
828,1712607482.661025,279637.68219858,70950.0,2.1365155523124608e-10,72030.0,BID
829,1712607485.231333,279639.1409979,70990.0,6.755299962965957e-11,72030.0,BID
830,1712607485.2380507,279640.94535416,70990.0,8.355479475034003e-11,72030.0,BID
831,1712607485.7554889,279641.07112886,70950.0,-5.824281755200117e-12,72030.0,ASK
832,1712607494.601302,279641.1556478,70990.0,3.913840543531683e-12,72030.0,BID
833,1712607510.8106165,279641.1556478,70990.0,0.0,72030.0,BID
834,1712607530.1306326,279641.44399122,70990.0,1.3350765994931584e-11,72030.0,BID
835,1712607530.4937608,279655.53842391,70950.0,-6.52594994888144e-10,72030.0,ASK
836,1712607530.500728,279659.53842391,70960.0,-1.8520645966853927e-10,72030.0,ASK
837,1712607530.5062735,279659.9204318,70920.0,-1.768758221955372e-11,72030.0,ASK
838,1712607530.510148,279659.9978339,70930.0,-3.5838422264497425e-12,72030.0,ASK
839,1712607530.514025,279692.63324826,70950.0,-1.511072388359375e-09,72030.0,ASK
840,1712607530.517907,279694.32505708,70930.0,-7.8333480497221e-11,72030.0,ASK
841,1712607530.5219274,279694.42505708,70920.0,-4.630161490635441e-12,72030.0,ASK
842,1712607530.525833,279699.91107502,70930.0,-2.540114900856264e-10,72030.0,ASK
1043,1712607530.5297365,279700.99173632,70920.0,-5.003636337057576e-11,72030.0,ASK
843,1712607530.5297365,279700.99173632,70920.0,-5.0036363370575754e-11,72030.0,ASK
844,1712607533.2005138,279707.89411693,70920.0,3.1959136901577727e-10,72030.0,BID
845,1712607537.4308536,279707.97863587,70910.0,-3.9133634110082615e-12,72030.0,ASK
846,1712607540.5685985,279707.97863587,70910.0,-0.0,72030.0,ASK
847,1712607546.7413485,279708.17616459,70910.0,-9.143891609293345e-12,72030.0,ASK
848,1712607546.748614,279708.55825203,70900.0,-1.768738306145888e-11,72030.0,ASK
849,1712607546.752266,279720.54249433,70910.0,-5.547679982955366e-10,72030.0,ASK
850,1712607546.7557957,279720.82458177,70900.0,-1.3058237686391344e-11,72030.0,ASK
851,1712607546.75902,279721.10662943,70910.0,-1.3056396212889214e-11,72030.0,ASK
852,1712607546.762273,279752.16702016,70890.0,-1.4378306412895935e-09,72030.0,ASK
853,1712607546.765542,279753.66702016,70900.0,-6.943718064218019e-11,72030.0,ASK
854,1712607546.7688377,279760.96227975,70880.0,-3.377081719868797e-10,72030.0,ASK
855,1712607546.7721236,279761.24440698,70890.0,-1.3060079623350438e-11,72030.0,ASK
856,1712607546.775431,279774.34440698,70880.0,-6.06418044273962e-10,72030.0,ASK
857,1712607546.778869,279774.90866145,70890.0,-2.6120159710157844e-11,72030.0,ASK
858,1712607546.7822373,279775.19082849,70880.0,-1.3061922484528948e-11,72030.0,ASK
859,1712607546.900489,279777.37900968,70880.0,1.0129408837832619e-10,72030.0,BID
860,1712607559.7907054,279777.46355244,70970.0,3.913607264720421e-12,72030.0,BID
861,1712607570.5828502,279777.46355244,70970.0,0.0,72030.0,BID
862,1712607599.0100927,279789.1356846,70880.0,-5.4019678832119e-10,72030.0,ASK
863,1712607600.5991237,279789.1356846,70880.0,-0.0,72030.0,ASK
864,1712607601.9799893,279789.3536623,70880.0,-1.0087830070953794e-11,72030.0,ASK
865,1712607602.820555,279789.40855471,70880.0,-2.5403759387894976e-12,72030.0,ASK
866,1712607602.8263943,279789.43820506,70870.0,-1.3721940032455874e-12,72030.0,ASK
867,1712607624.5902092,279789.52273591,70980.0,3.912018754912521e-12,72030.0,BID
868,1712607630.5206673,279789.52273591,70980.0,0.0,72030.0,BID
869,1712607660.603622,279789.52273591,70980.0,0.0,72030.0,BID
870,1712607664.9332376,279789.60726676,70870.0,-3.912013786616979e-12,72030.0,ASK
871,1712607680.5996363,279789.80329776,70870.0,-9.072143183332952e-12,72030.0,ASK
872,1712607682.432599,279789.88785243,70960.0,3.913116154074483e-12,72030.0,BID
873,1712607690.5989437,279789.88785243,70960.0,0.0,72030.0,BID
874,1712607720.8236372,279789.88785243,70960.0,0.0,72030.0,BID
875,1712607730.0893586,279789.9724071,70870.0,-3.913111469401039e-12,72030.0,ASK
876,1712607746.7166002,279790.05697369,70950.0,3.913663113108734e-12,72030.0,BID
877,1712607750.815352,279790.05697369,70950.0,0.0,72030.0,BID
878,1712607780.5667503,279790.05697369,70950.0,0.0,72030.0,BID
879,1712607800.3891602,279790.14154028,70870.0,-3.913660943733983e-12,72030.0,ASK
880,1712607810.5935142,279790.14154028,70870.0,-0.0,72030.0,ASK
881,1712607820.659216,279790.22610687,70950.0,3.9136598555429846e-12,72030.0,BID
882,1712607840.7983932,279790.22610687,70950.0,0.0,72030.0,BID
883,1712607864.628389,279790.31067346,70870.0,-3.913658771514841e-12,72030.0,ASK
884,1712607870.8081365,279790.31067346,70870.0,-0.0,72030.0,ASK
885,1712607884.119276,279790.39524005,70950.0,3.91365768332505e-12,72030.0,BID
886,1712607887.870034,279790.81906399,70870.0,-1.961415045755745e-11,72030.0,ASK
887,1712607887.8775437,279791.49845112,70870.0,-3.144136073242932e-11,72030.0,ASK
1087,1712607887.8775437,279791.49845112,70870.0,-3.1441360732429316e-11,72030.0,ASK
888,1712607887.8834708,279792.66672335,70870.0,-5.4066476972915744e-11,72030.0,ASK
889,1712607900.5924714,279792.66672335,70870.0,-0.0,72030.0,ASK
1090,1712607926.4688191,279792.75128994,70870.0,-3.916087484552612e-12,72030.0,ASK
890,1712607926.4688191,279792.75128994,70870.0,-3.9160874845526116e-12,72030.0,ASK
891,1712607930.6054158,279792.75128994,70870.0,-0.0,72030.0,ASK
892,1712607937.9383094,279806.71357504,70870.0,-6.465616596497294e-10,72030.0,ASK
893,1712607947.8979907,279806.79815355,70940.0,3.916638388377506e-12,72030.0,BID
894,1712607960.797876,279806.79815355,70940.0,0.0,72030.0,BID
895,1712607989.877817,279806.88273206,70870.0,-3.9164578382636376e-12,72030.0,ASK
896,1712607990.8213649,279806.88273206,70870.0,-0.0,72030.0,ASK
897,1712608004.1551588,279806.96731057,70940.0,3.91645675390972e-12,72030.0,BID
1097,1712608004.1551588,279806.96731057,70940.0,3.9164567539097194e-12,72030.0,BID
898,1712608020.5733044,279806.96731057,70940.0,0.0,72030.0,BID
899,1712608050.578042,279806.96731057,70940.0,0.0,72030.0,BID
900,1712608057.6276178,279807.05188908,70880.0,-3.916455663092023e-12,72030.0,ASK
901,1712608062.787115,279807.92991229,70880.0,-4.065736053583513e-11,72030.0,ASK
902,1712608080.936489,279807.92991229,70880.0,-0.0,72030.0,ASK
903,1712608104.3273387,279808.0144908,70940.0,3.916443289512065e-12,72030.0,BID
904,1712608110.837097,279808.0144908,70940.0,0.0,72030.0,BID
905,1712608131.8089497,279810.25082312,70940.0,1.03554274933202e-10,72030.0,BID
906,1712608131.818694,279827.28302305,70950.0,7.88682924480148e-10,72030.0,BID
907,1712608140.6290274,279827.28302305,70950.0,0.0,72030.0,BID
908,1712608156.187393,279827.36760156,70880.0,-3.9161942964861826e-12,72030.0,ASK
1108,1712608156.187393,279827.36760156,70880.0,-3.916194296486183e-12,72030.0,ASK
909,1712608170.5874174,279827.36760156,70880.0,-0.0,72030.0,ASK
910,1712608170.6568694,279827.45216815,70950.0,3.91564128150249e-12,72030.0,BID
911,1712608187.8971684,279828.45216815,70880.0,-4.630246156253538e-11,72030.0,ASK
912,1712608187.9050927,279834.71485073,70880.0,-2.8997761943795927e-10,72030.0,ASK
913,1712608190.7270472,279834.7923701,70950.0,3.589337650245662e-12,72030.0,BID
914,1712608200.8156493,279835.78890687,70880.0,-4.6142105489532526e-11,72030.0,ASK
915,1712608200.8229313,279839.26568204,70870.0,-1.6098324867109707e-10,72030.0,ASK
916,1712608200.9092562,279839.26568204,70870.0,-0.0,72030.0,ASK
917,1712608214.6399796,279839.5867817,70870.0,-1.4868528024234133e-11,72030.0,ASK
918,1712608214.6495483,279839.69324751,70860.0,-4.92990207226971e-12,72030.0,ASK
919,1712608214.6554842,279842.7840712,70870.0,-1.4312067054596834e-10,72030.0,ASK
920,1712608214.659757,279843.06631788,70860.0,-1.3069439784456626e-11,72030.0,ASK
921,1712608214.66404,279844.47735216,70870.0,-6.53379786643486e-11,72030.0,ASK
922,1712608214.6683228,279860.35959884,70860.0,-7.354278414448395e-10,72030.0,ASK
923,1712608214.672597,279860.50090165,70870.0,-6.543030254869144e-12,72030.0,ASK
924,1712608214.6800892,279945.77797744,70860.0,-3.948757190114564e-09,72030.0,ASK
925,1712608214.684518,279945.87797744,70870.0,-4.630502576352864e-12,72030.0,ASK
926,1712608219.6683226,279945.96254403,70860.0,-3.9158581258688866e-12,72030.0,ASK
1126,1712608219.6683226,279945.96254403,70860.0,-3.915858125868887e-12,72030.0,ASK
927,1712608220.6042814,279946.24546948,70860.0,-1.3100870247305986e-11,72030.0,ASK
928,1712608225.0665698,279955.56658109,70860.0,-4.3161431309432576e-10,72030.0,ASK
929,1712608230.8365858,279955.56658109,70860.0,-0.0,72030.0,ASK
930,1712608240.356602,279955.65114768,70950.0,3.91436438423328e-12,72030.0,BID
931,1712608250.1966724,279983.84001307,70950.0,1.3047882228580074e-09,72030.0,BID
932,1712608260.585924,279983.84001307,70950.0,0.0,72030.0,BID
933,1712608268.6765678,279983.98095739,70950.0,6.523335085429124e-12,72030.0,BID
934,1712608286.296538,279984.06552398,70870.0,-3.91400095966049e-12,72030.0,ASK
935,1712608290.6060903,279984.06552398,70870.0,-0.0,72030.0,ASK
936,1712608305.5461986,279984.15009057,70950.0,3.913998059762974e-12,72030.0,BID
937,1712608315.3961303,279991.19730691,70950.0,3.2616652855208555e-10,72030.0,BID
938,1712608320.8060806,279991.19730691,70950.0,0.0,72030.0,BID
939,1712608348.0168626,279992.08113789,70870.0,-4.0905418199232863e-11,72030.0,ASK
940,1712608350.8338938,279992.08113789,70870.0,-0.0,72030.0,ASK
941,1712608350.9958873,279992.16570448,70870.0,-3.913895055595332e-12,72030.0,ASK
942,1712608380.5660326,279992.16570448,70870.0,-0.0,72030.0,ASK
943,1712608397.3558223,279992.25029492,70930.0,3.9149977885172255e-12,72030.0,BID
944,1712608410.5887866,279992.25029492,70930.0,0.0,72030.0,BID
945,1712608423.5058086,279999.29949836,70880.0,-3.2624973014463286e-10,72030.0,ASK
946,1712608425.2556207,279999.40949836,70930.0,5.090996538359837e-12,72030.0,BID
947,1712608440.6031067,279999.40949836,70930.0,0.0,72030.0,BID
948,1712608451.245736,279999.4940888,70890.0,-3.914904757137749e-12,72030.0,ASK
949,1712608467.385808,279999.57867924,70930.0,3.91490475983164e-12,72030.0,BID
1149,1712608467.385808,279999.57867924,70930.0,3.9149047598316395e-12,72030.0,BID
950,1712608470.6059115,279999.57867924,70930.0,0.0,72030.0,BID
951,1712608493.259406,280013.67708612,70930.0,6.52483773982826e-10,72030.0,BID
952,1712608500.610332,280013.67708612,70930.0,0.0,72030.0,BID
953,1712608502.4309824,280014.52529828,70930.0,3.9259704482758366e-11,72030.0,BID
954,1712608502.437144,280015.08923456,70930.0,2.6101926785458488e-11,72030.0,BID
955,1712608512.655637,280015.18789558,70950.0,4.566549117979906e-12,72030.0,BID
956,1712608515.7254522,280019.12041725,70930.0,-1.8201771433592647e-10,72030.0,ASK
957,1712608518.9153998,280019.20500769,70890.0,-3.915288927025729e-12,72030.0,ASK
958,1712608530.582312,280019.20500769,70890.0,-0.0,72030.0,ASK
959,1712608535.315519,280019.28959813,70930.0,3.915217870298044e-12,72030.0,BID
960,1712608553.795187,280028.75334222,70930.0,4.380237292974879e-10,72030.0,BID
961,1712608560.825415,280028.75334222,70930.0,0.0,72030.0,BID
962,1712608586.915157,280028.83793266,70900.0,-3.915095147563504e-12,72030.0,ASK
963,1712608590.815713,280028.83793266,70900.0,-0.0,72030.0,ASK
964,1712608601.245227,280028.9225231,70930.0,3.915094058116711e-12,72030.0,BID
965,1712608607.8472705,280042.94230501,70900.0,-6.488766918304351e-10,72030.0,ASK
966,1712608607.8527915,280056.73045696,70900.0,-6.38156176836519e-10,72030.0,ASK
967,1712608620.548145,280056.73045696,70900.0,-0.0,72030.0,ASK
968,1712608650.5553296,280056.73045696,70900.0,-0.0,72030.0,ASK
969,1712608655.994842,280056.8150474,70920.0,-3.914735751592788e-12,72030.0,ASK
1170,1712608665.4949484,280060.4350474,70930.0,1.67528900607002e-10,72030.0,BID
970,1712608665.4949484,280060.4350474,70930.0,1.6752890060700201e-10,72030.0,BID
971,1712608666.0752826,280061.1821224,70930.0,3.457366116434456e-11,72030.0,BID
972,1712608666.1749318,280061.18212243,70930.0,1.3899878914120068e-18,72030.0,BID
973,1712608669.8453534,280061.26668902,70950.0,3.913632001537332e-12,72030.0,BID
974,1712608680.845358,280061.26668902,70950.0,0.0,72030.0,BID
1175,1712608686.6657052,280082.42262462,70950.0,9.790546569131641e-10,72030.0,BID
975,1712608686.6657052,280082.42262462,70950.0,9.79054656913164e-10,72030.0,BID
976,1712608686.676088,280132.56668902,70950.0,2.320567650397452e-09,72030.0,BID
977,1712608691.785371,280146.66112171,70950.0,6.522623353829185e-10,72030.0,BID
978,1712608693.8851151,280151.12412171,70950.0,2.0653877079215687e-10,72030.0,BID
979,1712608695.835313,280156.45812171,70950.0,2.468469198751157e-10,72030.0,BID
980,1712608698.325528,280170.5525544,70950.0,6.522623353829185e-10,72030.0,BID
981,1712608701.435708,280207.6409094,70950.0,1.716375364648287e-09,72030.0,BID
1182,1712608701.4804423,280207.64091026,70950.0,3.979723900570868e-17,72030.0,BID
982,1712608701.4804423,280207.64091026,70950.0,3.9797239005708676e-17,72030.0,BID
983,1712608710.8252928,280207.64091026,70950.0,0.0,72030.0,BID
984,1712608724.4960403,280214.70862587,70990.0,3.2692271101457685e-10,72030.0,BID
985,1712608728.3654978,280214.79319246,70980.0,-3.9116937350509856e-12,72030.0,ASK
986,1712608734.545532,280216.72506511,70990.0,8.936027974498337e-11,72030.0,BID
1187,1712608735.4155755,280225.45732711,70990.0,4.039176056081127e-10,72030.0,BID
987,1712608735.4155755,280225.45732711,70990.0,4.0391760560811265e-10,72030.0,BID
988,1712608735.435577,280240.37146128,70990.0,6.898649357607331e-10,72030.0,BID
989,1712608735.5355568,280255.13552857,70990.0,6.829234749061523e-10,72030.0,BID
990,1712608736.8559496,280353.52755257,70990.0,4.551199992066884e-09,72030.0,BID
991,1712608736.8654685,280390.2713535,70990.0,1.6996132379723943e-09,72030.0,BID
992,1712608739.6357849,280390.35586054,71000.0,3.908939201118085e-12,72030.0,BID
993,1712608740.5592954,280390.35586054,71000.0,0.0,72030.0,BID
994,1712608740.7759235,280390.65163518,71000.0,1.3673083620221376e-11,72030.0,BID
995,1712608744.7455125,280404.73614222,71000.0,6.51099237286672e-10,72030.0,BID
996,1712608753.8965008,280405.99002533,71000.0,5.796456590612046e-11,72030.0,BID
997,1712608753.9061117,280432.89107883,71000.0,1.243583134741347e-09,72030.0,BID
998,1712608761.3661902,280439.62506543,70990.0,-3.1129904133100843e-10,72030.0,ASK
999,1712608770.572712,280439.62506543,70990.0,-0.0,72030.0,ASK
1000,1712608771.096279,280453.70957247,71000.0,6.50993966458194e-10,72030.0,BID
1201,1712608778.8063598,280454.41379782,71000.0,3.2549698230360256e-11,72030.0,BID
1202,1712608789.6262276,280454.49830486,70990.0,-3.9059636970308495e-12,72030.0,ASK
1203,1712608794.9761286,280458.43768486,71000.0,1.8208039545181343e-10,72030.0,BID
1204,1712608796.1863053,280460.11320086,71000.0,7.744330728661111e-11,72030.0,BID
1205,1712608800.626069,280460.11320086,71000.0,0.0,72030.0,BID
1206,1712608803.5364544,280460.1977079,71000.0,3.9058199466420256e-12,72030.0,BID
1207,1712608808.529557,280479.56017282,71000.0,8.94911260239974e-10,72030.0,BID
1208,1712608829.60684,280495.15561935,71000.0,-7.2080392480109e-10,72030.0,ASK
1209,1712608829.6100652,280499.19153974,71000.0,-1.8653568217733968e-10,72030.0,ASK
1210,1712608830.5686471,280499.19153974,71000.0,-0.0,72030.0,ASK
1211,1712608851.0765865,280499.33214716,71120.0,6.4978828779745506e-12,72030.0,BID
1212,1712608852.136897,280499.4166542,71000.0,-3.905319137054216e-12,72030.0,ASK
1213,1712608860.8498971,280499.4166542,71000.0,-0.0,72030.0,ASK
1214,1712608868.3768902,280499.50101865,71120.0,3.898726752042332e-12,72030.0,BID
1215,1712608890.7967436,280499.50101865,71120.0,0.0,72030.0,BID
1216,1712608920.6032534,280499.50101865,71120.0,0.0,72030.0,BID
1217,1712608921.1769736,280499.5853831,71020.0,-3.898725671013633e-12,72030.0,ASK
1218,1712608937.2177708,280499.66970013,71160.0,3.896534253797015e-12,72030.0,BID
1219,1712608946.9672596,280513.75024082,71160.0,6.50702581970054e-10,72030.0,BID
1220,1712608950.585179,280513.75024082,71160.0,0.0,72030.0,BID
1221,1712608952.4072492,280527.80307949,71160.0,6.493919620516735e-10,72030.0,BID
1222,1712608961.1578636,280529.20816591,71170.0,6.493007203242202e-11,72030.0,BID
1223,1712608961.1592302,280530.49227184,71180.0,5.933947503082111e-11,72030.0,BID
1224,1712608961.2171602,280545.85959872,71190.0,7.10135424479604e-10,72030.0,BID
1225,1712608961.2778018,280710.00706855,71200.0,7.585374741833718e-09,72030.0,BID
1226,1712608961.280622,280780.38376972,71200.0,3.252158878972277e-09,72030.0,BID
1227,1712608961.3374083,280780.38377043,71200.0,3.281040753416237e-17,72030.0,BID
1228,1712608961.477171,280796.18377043,71210.0,7.30129566084727e-10,72030.0,BID
1229,1712608972.987521,280798.99118199,71240.0,1.2973254330056714e-10,72030.0,BID
1230,1712608977.4380662,280813.02031284,71240.0,6.4829640633257e-10,72030.0,BID
1231,1712608980.8403797,280813.02031284,71240.0,0.0,72030.0,BID
1232,1712608986.6410408,280813.10462987,71090.0,-3.89251886315829e-12,72030.0,ASK
1233,1712609002.607576,280813.18886404,71230.0,3.888693611065772e-12,72030.0,BID
1234,1712609010.8375337,280813.18886404,71230.0,0.0,72030.0,BID
1235,1712609040.5809271,280813.18886404,71230.0,0.0,72030.0,BID
1236,1712609055.367791,280813.27309821,71110.0,-3.888691455168097e-12,72030.0,ASK
1237,1712609055.6078749,280814.1518231,71210.0,4.056655359935216e-11,72030.0,BID
1238,1712609070.5807283,280814.1518231,71210.0,0.0,72030.0,BID
1239,1712609073.5877247,280815.55612024,71210.0,-6.482952233531257e-11,72030.0,ASK
1240,1712609100.6156974,280815.55612024,71210.0,-0.0,72030.0,ASK
1241,1712609100.6890123,280815.57188607,71110.0,-7.282916675510495e-13,72030.0,ASK
1242,1712609100.6907876,280819.79070198,71110.0,-1.9488529775586958e-10,72030.0,ASK
1243,1712609100.693023,280820.02770509,71100.0,-1.0948195571187489e-11,72030.0,ASK
1244,1712609101.3475068,280820.90642998,71100.0,-4.059209159340098e-11,72030.0,ASK
1245,1712609101.967892,280820.99067597,71220.0,3.891685532332736e-12,72030.0,BID
1246,1712609117.8881636,280833.56324302,71210.0,-5.807810829793043e-10,72030.0,ASK
1247,1712609130.5970187,280833.56324302,71210.0,-0.0,72030.0,ASK
1248,1712609153.2684264,280833.64748901,71110.0,-3.891455125140919e-12,72030.0,ASK
1249,1712609160.601866,280833.64748901,71110.0,-0.0,72030.0,ASK
1250,1712609174.1681285,280833.73175867,71200.0,3.8925474012605596e-12,72030.0,BID
1251,1712609190.5604308,280833.73175867,71200.0,0.0,72030.0,BID
1252,1712609195.158258,280836.73175867,71200.0,1.3857465388102065e-10,72030.0,BID
1253,1712609204.191422,280838.73175867,71190.0,-9.238310258734708e-11,72030.0,ASK
1254,1712609220.8384311,280838.73175867,71190.0,-0.0,72030.0,ASK
1255,1712609224.3184464,280838.81602833,71110.0,-3.89248231731218e-12,72030.0,ASK
1256,1712609225.2781384,280840.81602833,71190.0,-9.238158353217112e-11,72030.0,ASK
1257,1712609243.4462194,280840.90029799,71200.0,3.89248231731218e-12,72030.0,BID
1258,1712609250.8346386,280840.90029799,71200.0,0.0,72030.0,BID
1259,1712609254.4976974,280846.30330355,71200.0,2.495673251715602e-10,72030.0,BID
1260,1712609254.4995422,280846.92325924,71200.0,2.8636039989093167e-11,72030.0,BID
1261,1712609276.340205,280849.73264258,71120.0,-1.297667155368174e-10,72030.0,ASK
1262,1712609276.4981885,280856.45103713,71120.0,3.1032575085894046e-10,72030.0,BID
1263,1712609276.9786196,280860.98400113,71120.0,2.0937970320548086e-10,72030.0,BID
1264,1712609280.6027975,280860.98400113,71120.0,0.0,72030.0,BID
1265,1712609285.928521,280861.06827079,71110.0,-3.892197682472001e-12,72030.0,ASK
1266,1712609307.8312137,280861.1525873,71160.0,3.894361563168633e-12,72030.0,BID
1267,1712609307.8335614,280861.15258782,71120.0,2.4018713596872894e-17,72030.0,BID
1268,1712609310.5798905,280861.15258782,71120.0,0.0,72030.0,BID
1269,1712609329.8120277,280863.15258782,71170.0,9.237477703213211e-11,72030.0,BID
1270,1712609340.8433013,280863.15258782,71170.0,0.0,72030.0,BID
1271,1712609345.278537,280864.55747683,71180.0,6.488772793502791e-11,72030.0,BID
1272,1712609347.3806703,280867.55747683,71150.0,-1.3856125460315715e-10,72030.0,ASK
1273,1712609356.3415444,280867.64179386,71110.0,-3.894357819373256e-12,72030.0,ASK
1274,1712609370.829862,280867.64179386,71110.0,-0.0,72030.0,ASK
1275,1712609375.7084396,280867.7260872,71180.0,3.89320620619051e-12,72030.0,BID
1276,1712609388.2329211,280874.81378093,71180.0,3.273550819397233e-10,72030.0,BID
1277,1712609400.6025577,280874.81378093,71180.0,0.0,72030.0,BID
1278,1712609409.5188515,280875.09057898,71180.0,-1.2787959262649238e-11,72030.0,ASK
1279,1712609410.2690494,280887.86055899,71180.0,-5.899679718333272e-10,72030.0,ASK
1280,1712609410.4959128,281002.59978767,71180.0,-5.3009064995480556e-09,72030.0,ASK
1281,1712609410.4992476,281004.00467668,71180.0,-6.490531067687311e-11,72030.0,ASK
1282,1712609420.3784325,281004.08897002,71120.0,-3.894318612107179e-12,72030.0,ASK
1283,1712609430.5825825,281004.08897002,71120.0,-0.0,72030.0,ASK
1284,1712609432.7585526,281016.8589732,71120.0,-5.89718341444498e-10,72030.0,ASK
1285,1712609432.8795812,281019.08897002,71120.0,1.0298118235107276e-10,72030.0,BID
1286,1712609434.3283243,281019.17321601,71220.0,3.890477142364726e-12,72030.0,BID
1287,1712609453.8787866,281033.21815983,71200.0,-6.48595059725375e-10,72030.0,ASK
1288,1712609454.1388652,281036.02635977,71200.0,1.2968258407545713e-10,72030.0,BID
1289,1712609459.0388503,281036.45499243,71110.0,-1.9794242631579888e-11,72030.0,ASK
1290,1712609460.8085442,281036.45499243,71110.0,-0.0,72030.0,ASK
1291,1712609479.6090589,281036.59546159,71190.0,6.486171461428297e-12,72030.0,BID
1292,1712609486.0686057,281036.67970758,71110.0,-3.890063386992491e-12,72030.0,ASK
1293,1712609490.8333645,281036.67970758,71110.0,-0.0,72030.0,ASK
1294,1712609520.5777462,281036.67970758,71110.0,-0.0,72030.0,ASK
1295,1712609534.5192077,281036.76397724,71200.0,3.8911534761143714e-12,72030.0,BID
1296,1712609543.8285737,281036.81533863,71200.0,2.371613356028426e-12,72030.0,BID
1297,1712609550.5749226,281036.81533863,71200.0,0.0,72030.0,BID
1298,1712609580.8121452,281036.81533863,71200.0,0.0,72030.0,BID
1299,1712609587.398585,281036.89960829,71200.0,-3.891151741014796e-12,72030.0,ASK
1300,1712609601.1799877,281037.09336693,71220.0,8.946805641347368e-12,72030.0,BID
1301,1712609602.0095713,281037.15682452,71240.0,2.930154359168493e-12,72030.0,BID
1302,1712609602.0137208,281037.17758344,71260.0,9.585431779151096e-13,72030.0,BID
1303,1712609610.851778,281037.17758344,71260.0,0.0,72030.0,BID
1304,1712609640.5581143,281037.17758344,71260.0,0.0,72030.0,BID
1305,1712609655.3989391,281037.26179995,71200.0,-3.888692907204593e-12,72030.0,ASK
1306,1712609670.58919,281037.26179995,71200.0,-0.0,72030.0,ASK
1307,1712609700.8354092,281037.26179995,71200.0,-0.0,72030.0,ASK
1308,1712609705.4791434,281038.53787584,71270.0,5.893170244437693e-11,72030.0,BID
1309,1712609705.4818394,281051.2929491,71270.0,5.89054450373985e-10,72030.0,BID
1310,1712609706.0405624,281052.09346574,71210.0,-3.696943794430384e-11,72030.0,ASK
1311,1712609714.0987432,281052.11611678,71270.0,1.0460697200848838e-12,72030.0,BID
1312,1712609714.1083827,281052.90200063,71290.0,3.6293666832608056e-11,72030.0,BID
1313,1712609730.8507524,281052.90200063,71290.0,0.0,72030.0,BID
1314,1712609759.0793488,281090.03758205,71290.0,1.7149061453868047e-09,72030.0,BID
1315,1712609759.083056,281123.03806459,71290.0,1.5239489498886495e-09,72030.0,BID
1316,1712609760.5730271,281123.03806459,71290.0,0.0,72030.0,BID
1317,1712609772.729147,281126.7008316,71290.0,1.6910605433781786e-10,72030.0,BID
1318,1712609772.732418,281126.78499487,71290.0,3.885728596454075e-12,72030.0,BID
1319,1712609772.7361217,281133.87597856,71290.0,3.273831695874418e-10,72030.0,BID
1320,1712609782.6410785,281136.70087856,71300.0,1.3042262628168726e-10,72030.0,BID
1321,1712609782.644724,281148.81075283,71300.0,5.591000057447678e-10,72030.0,BID
1322,1712609782.6483033,281148.91075283,71300.0,4.616893562639481e-12,72030.0,BID
1323,1712609782.658626,281157.42203483,71310.0,3.9295683084722526e-10,72030.0,BID
1324,1712609782.699899,281159.42203483,71330.0,9.233787127428868e-11,72030.0,BID
1325,1712609782.702612,281160.27279283,71340.0,3.9278591346824106e-11,72030.0,BID
1326,1712609782.705357,281162.73359278,71320.0,1.1361251450745483e-10,72030.0,BID
1327,1712609782.7082293,281166.35811308,71340.0,1.6734024444420103e-10,72030.0,BID
1328,1712609782.7109303,281185.65278683,71330.0,8.90814550503559e-10,72030.0,BID
1329,1712609782.7187254,281189.4641557,71340.0,1.7596684404960142e-10,72030.0,BID
1330,1712609782.739146,281193.26122629,71340.0,1.7530670768044183e-10,72030.0,BID
1331,1712609782.76168,281196.29775083,71340.0,1.4019310604731634e-10,72030.0,BID
1332,1712609782.7811377,281196.37090783,71330.0,-3.377580824691733e-12,72030.0,ASK
1333,1712609782.8100083,281197.18065015,71350.0,3.7384941053814936e-11,72030.0,BID
1334,1712609782.8120131,281197.26474265,71350.0,3.8824612191111416e-12,72030.0,BID
1335,1712609782.8135917,281197.50474265,71350.0,1.1080544555172048e-11,72030.0,BID
1336,1712609782.8152044,281207.57205473,71350.0,4.6479708345813925e-10,72030.0,BID
1337,1712609782.8167996,281216.88689554,71350.0,4.300562858282519e-10,72030.0,BID
1338,1712609782.8184185,281217.50598179,71360.0,2.8582553231130752e-11,72030.0,BID
1339,1712609782.820038,281218.12506804,71370.0,2.8582553228443365e-11,72030.0,BID
1340,1712609782.8218224,281218.74415429,71380.0,2.8582553231130752e-11,72030.0,BID
1341,1712609782.8234556,281219.74415429,71380.0,4.6168935637144345e-11,72030.0,BID
1342,1712609783.098926,281221.88454978,71380.0,-9.881978161524319e-11,72030.0,ASK
1343,1712609783.1027665,281225.35189297,71320.0,-1.6008354457037392e-10,72030.0,ASK
1344,1712609783.7892687,281226.46880672,71390.0,5.1566719036499767e-11,72030.0,BID
1345,1712609783.7930028,281232.08789297,71390.0,2.5942723141685246e-10,72030.0,BID
1346,1712609790.5799737,281232.08789297,71390.0,0.0,72030.0,BID
1347,1712609807.148749,281239.09167501,71390.0,3.2324107818530555e-10,72030.0,BID
1348,1712609807.228419,281239.16451434,71390.0,3.361707065116128e-12,72030.0,BID
1349,1712609810.7749703,281246.87612288,71390.0,3.55908942453736e-10,72030.0,BID
1350,1712609817.9997838,281246.96028615,71290.0,-3.884333631458305e-12,72030.0,ASK
1351,1712609820.8286111,281246.96028615,71290.0,-0.0,72030.0,ASK
1352,1712609833.6188917,281247.04433153,71390.0,3.87870266972828e-12,72030.0,BID
1353,1712609844.3304496,281263.74433153,71310.0,-7.70706665623967e-10,72030.0,ASK
1354,1712609844.335157,281273.6701917,71300.0,-4.5807943682950467e-10,72030.0,ASK
1355,1712609850.818636,281273.6701917,71300.0,-0.0,72030.0,ASK
1356,1712609880.6152043,281273.6701917,71300.0,-0.0,72030.0,ASK
1357,1712609886.198677,281273.75423708,71300.0,-3.878361773143389e-12,72030.0,ASK
1358,1712609897.5189192,281274.61568725,71300.0,-3.975251713514044e-11,72030.0,ASK
1359,1712609905.4487443,281274.69975618,71370.0,3.879448512687839e-12,72030.0,BID
1360,1712609910.5834718,281274.69975618,71370.0,0.0,72030.0,BID
1361,1712609940.6624897,281274.69975618,71370.0,0.0,72030.0,BID
1362,1712609941.5287795,281290.29975618,71370.0,7.198758419634592e-10,72030.0,BID
1363,1712609941.652732,281390.60602809,71370.0,-4.628721919586809e-09,72030.0,ASK
1364,1712609941.6557992,281414.95221059,71370.0,-1.123476193962723e-09,72030.0,ASK
1365,1712609941.8685358,281416.35335953,71360.0,6.465726108200329e-11,72030.0,BID
1366,1712609953.8085687,281416.43742846,71300.0,-3.879435370099991e-12,72030.0,ASK
1367,1712609967.6957228,281416.52150917,71360.0,3.879978969031215e-12,72030.0,BID
1368,1712609969.8531363,281417.57447333,71300.0,-4.8589965463359136e-11,72030.0,ASK
1369,1712609970.5731497,281417.57447333,71300.0,-0.0,72030.0,ASK
1370,1712609988.4684532,281435.49194469,71300.0,-8.264287432524567e-10,72030.0,ASK
1371,1712609988.6484954,281461.29774669,71300.0,1.1902715560117183e-09,72030.0,BID
1372,1712610000.755282,281461.29774669,71300.0,0.0,72030.0,BID
1373,1712610000.7628734,281465.74392914,71280.0,-2.0513800279049158e-10,72030.0,ASK
1374,1712610007.6310863,281466.08062948,71280.0,-1.553468308384921e-11,72030.0,ASK
1375,1712610019.9390798,281466.16471019,71280.0,-3.8793164941574255e-12,72030.0,ASK
1376,1712610030.6778584,281466.16471019,71280.0,-0.0,72030.0,ASK
1377,1712610034.6093144,281466.24880247,71350.0,3.87978821321784e-12,72030.0,BID
1378,1712610034.6140368,281466.24880269,71300.0,1.0151350867355726e-17,72030.0,BID
1379,1712610060.8341594,281466.24880269,71300.0,0.0,72030.0,BID
1380,1712610069.797119,281466.34374442,71300.0,-4.380351000817148e-12,72030.0,ASK
1381,1712610080.399254,281468.89566454,71300.0,-1.1773859455889115e-10,72030.0,ASK
1382,1712610080.5185966,281488.20538054,71300.0,8.908973307323541e-10,72030.0,BID
1383,1712610085.5075743,281488.20538138,71290.0,3.8755053918990316e-17,72030.0,BID
1384,1712610085.51116,281492.41354438,71290.0,1.9415309805651555e-10,72030.0,BID
1385,1712610086.7465324,281492.49763688,71280.0,-3.8797972905492036e-12,72030.0,ASK
1386,1712610090.8161309,281492.49763688,71280.0,-0.0,72030.0,ASK
1387,1712610105.5594404,281492.54138659,71350.0,2.0183173413928613e-12,72030.0,BID
1388,1712610105.564613,281492.58172871,71350.0,1.8611140606314744e-12,72030.0,BID
1389,1712610105.5693028,281492.58172938,71300.0,3.091060282146953e-17,72030.0,BID
1390,1712610120.6067882,281492.58172938,71300.0,0.0,72030.0,BID
1391,1712610124.5291636,281505.20320235,71360.0,5.82269705094375e-10,72030.0,BID
1392,1712610124.534058,281506.49491933,71380.0,5.959111640872396e-11,72030.0,BID
1393,1712610124.53853,281520.57828672,71370.0,6.49711661736165e-10,72030.0,BID
1394,1712610134.7686188,281520.88194137,71350.0,1.4008579185356487e-11,72030.0,BID
1395,1712610135.0883348,281537.47222337,71350.0,7.65363807418545e-10,72030.0,BID
1396,1712610135.1084032,281537.47222341,71350.0,1.8448074242332783e-18,72030.0,BID
1397,1712610147.3676934,281579.52436741,71340.0,1.9400025293144867e-09,72030.0,BID
1398,1712610147.3714776,281579.52436807,71340.0,3.044872108206862e-17,72030.0,BID
1399,1712610147.3736625,281586.56067541,71340.0,-3.2460780207922564e-10,72030.0,ASK
1400,1712610150.5947497,281586.56067541,71340.0,-0.0,72030.0,ASK
1401,1712610150.837563,281586.64476791,71300.0,-3.878261540734743e-12,72030.0,ASK
1402,1712610157.9091034,281603.5387046,71360.0,7.79131372086827e-10,72030.0,BID
1403,1712610157.928244,281604.76910458,71360.0,-5.6744809821763504e-11,72030.0,ASK
1404,1712610159.8896558,281607.1537076,71300.0,-1.0997549339598959e-10,72030.0,ASK
1405,1712610159.8933785,281609.02937093,71360.0,-8.650370666491199e-11,72030.0,ASK
1406,1712610159.89635,281609.58983051,71310.0,-2.5847832249419394e-11,72030.0,ASK
1407,1712610159.899058,281612.39330682,71300.0,-1.292935083215366e-10,72030.0,ASK
1408,1712610159.9887767,281626.81219172,71300.0,6.649844723723328e-10,72030.0,BID
1409,1712610160.1086771,281629.27977202,71380.0,1.1380232210829815e-10,72030.0,BID
1410,1712610160.4917195,281629.89497201,71300.0,2.8372404910881752e-11,72030.0,BID
1411,1712610170.411435,281631.70752261,71360.0,-8.359301102499752e-11,72030.0,ASK
1412,1712610173.1190202,281632.61379791,71360.0,-4.179650550981428e-11,72030.0,ASK
1413,1712610173.682446,281634.89497201,71360.0,-1.0520545560923496e-10,72030.0,ASK
1414,1712610179.559173,281637.95591594,71360.0,1.4116765605467822e-10,72030.0,BID
1415,1712610179.564452,281638.56285358,71360.0,2.799135363767205e-11,72030.0,BID
1416,1712610179.5690231,281641.90076295,71380.0,1.5394102363984586e-10,72030.0,BID
1417,1712610180.8097177,281641.90076295,71380.0,0.0,72030.0,BID
1418,1712610185.4960968,281642.20423177,71360.0,1.3993129020609134e-11,72030.0,BID
1419,1712610185.499452,281655.91028942,71380.0,6.319945260303907e-10,72030.0,BID
1420,1712610197.0684838,281663.31654706,71380.0,3.4150697497252877e-10,72030.0,BID
1421,1712610204.1974332,281663.40060421,71380.0,3.875925523670762e-12,72030.0,BID
1422,1712610210.83694,281663.40060421,71380.0,0.0,72030.0,BID
1423,1712610216.998914,281667.03003712,71380.0,1.6734348309187194e-10,72030.0,BID
1424,1712610217.0015273,281670.40536744,71380.0,1.5562748956819543e-10,72030.0,BID
1425,1712610233.1151152,281808.8462671,71340.0,-6.3831410928162245e-09,72030.0,ASK
1426,1712610233.158682,281810.91036744,71340.0,-9.517016815380388e-11,72030.0,ASK
1427,1712610233.161525,281813.8462671,71280.0,-1.3536651242588415e-10,72030.0,ASK
1428,1712610240.622182,281813.8462671,71280.0,-0.0,72030.0,ASK
1429,1712610245.918281,281813.93032425,71280.0,-3.873734291298393e-12,72030.0,ASK
1430,1712610249.1285832,281818.93032425,71280.0,-2.3042265240044317e-10,72030.0,ASK
1431,1712610252.6011992,281820.33324231,71280.0,-6.465282009533672e-11,72030.0,ASK
1432,1712610252.606482,281828.93032425,71280.0,-3.9619248470554966e-10,72030.0,ASK
1433,1712610256.4885435,281845.13032425,71330.0,7.46569393777972e-10,72030.0,BID
1434,1712610256.498069,281849.18276327,71340.0,1.8675474953391318e-10,72030.0,BID
1435,1712610261.0482714,281849.26686755,71340.0,3.875906254590499e-12,72030.0,BID
1436,1712610270.5806987,281849.26686755,71340.0,0.0,72030.0,BID
1437,1712610270.6096587,281887.35496327,71340.0,1.7550677145964623e-09,72030.0,BID
1438,1712610270.611595,281901.7468933,71340.0,6.631681439779402e-10,72030.0,BID
1439,1712610300.858786,281901.7468933,71340.0,0.0,72030.0,BID
1440,1712610311.265686,281901.83099758,71280.0,-3.877962301055074e-12,72030.0,ASK
1441,1712610311.6781864,281903.23273573,71340.0,6.463271189819847e-11,72030.0,BID
1442,1712610316.6585865,281921.15273573,71280.0,-8.262728650321379e-10,72030.0,ASK
1443,1712610316.7228816,281925.85356164,71280.0,-2.1675027303001166e-10,72030.0,ASK
1444,1712610316.991366,281934.55013044,71280.0,-4.0098988941406765e-10,72030.0,ASK
1445,1712610316.9938517,281939.90356164,71280.0,-2.46841235234508e-10,72030.0,ASK
1446,1712610330.8517315,281939.90356164,71280.0,-0.0,72030.0,ASK
1447,1712610331.6082935,281939.98772491,71290.0,3.8801956474924895e-12,72030.0,BID
1448,1712610347.5083678,281940.98772491,71290.0,4.610319497663499e-11,72030.0,BID
1449,1712610347.6285615,281940.99767406,71280.0,-4.586876009814941e-13,72030.0,ASK
1450,1712610347.633629,281941.5769505,71280.0,-2.670649465983628e-11,72030.0,ASK
1451,1712610350.338597,281942.3999505,71280.0,-3.7942929464611296e-11,72030.0,ASK
1452,1712610360.592496,281942.3999505,71280.0,-0.0,72030.0,ASK
1453,1712610369.575097,281949.31410198,71290.0,3.1876185858798176e-10,72030.0,BID
1454,1712610369.678551,281969.48323006,71290.0,-9.298536156560552e-10,72030.0,ASK
1455,1712610369.6896143,281969.48387168,71280.0,-2.958048748920285e-14,72030.0,ASK
1456,1712610369.6938114,281969.54410198,71260.0,-2.7767864832613936e-12,72030.0,ASK
1457,1712610369.8335557,281971.30234277,71260.0,-8.105985292374045e-11,72030.0,ASK
1458,1712610369.8378084,281971.30410198,71250.0,-8.11045371283381e-14,72030.0,ASK
1459,1712610370.6085176,281971.30744825,71220.0,-1.5427247295970633e-13,72030.0,ASK
1460,1712610370.613902,281972.48319598,71250.0,-5.420528212792834e-11,72030.0,ASK
1461,1712610370.9079895,281973.78863198,71220.0,-6.018427667211841e-11,72030.0,ASK
1462,1712610373.5187445,281986.6734508,71200.0,-5.940264407718308e-10,72030.0,ASK
1463,1712610373.5231345,281991.86796462,71270.0,-2.3948171869085577e-10,72030.0,ASK
1464,1712610373.5273547,282003.91508659,71220.0,-5.55406256413133e-10,72030.0,ASK
1465,1712610376.068466,282003.99924986,71210.0,-3.880163813766695e-12,72030.0,ASK
