,time,acc_trade_volume,trade_price,dev,high,ask_bid
0,1712601588.4654558,48866167.91069158,169.4,0.0,169.4,BID
1,1712601590.939853,48866203.3298179,169.1,-4.047851691231981e-09,169.4,ASK
2,1712601600.4096856,48866203.3298179,169.1,-0.0,169.4,ASK
3,1712601610.3801932,48866238.74894422,169.4,4.050404877307529e-09,169.4,BID
4,1712601624.370366,48866274.16807054,169.1,-4.050404876455507e-09,169.4,ASK
5,1712601630.4209514,48866274.16807054,169.1,-0.0,169.4,ASK
6,1712601642.880137,48866309.58719686,169.4,4.050399323106705e-09,169.4,BID
7,1712601656.7398796,48866345.00632318,169.1,-4.050399323958726e-09,169.4,ASK
8,1712601660.6497958,48866345.00632318,169.1,-0.0,169.4,ASK
9,1712601668.936564,48866380.4254495,169.4,4.05039376977313e-09,169.4,BID
10,1712601690.44956,48866415.84457582,169.1,-4.05039377062515e-09,169.4,ASK
11,1712601690.6495302,48866415.84457582,169.1,-0.0,169.4,ASK
12,1712601702.6996968,48869356.12017582,169.1,-3.362380409053267e-07,169.4,ASK
13,1712601710.5694084,48869391.53930214,169.4,4.050388216454783e-09,169.4,BID
14,1712601720.420275,48869391.53930214,169.4,0.0,169.4,BID
15,1712601725.4634826,48869426.95842846,169.1,-4.050155154373234e-09,169.4,ASK
16,1712601738.5393498,48869462.37755478,169.4,4.050155155225204e-09,169.4,BID
17,1712601750.3996208,48869462.37755478,169.4,0.0,169.4,BID
18,1712601760.3596697,48869497.7966811,169.1,-4.050149601709178e-09,169.4,ASK
19,1712601780.6392572,48869497.7966811,169.1,-0.0,169.4,ASK
20,1712601781.2690594,48869533.257674,169.2,4.054934236132176e-09,169.4,BID
21,1712601792.079234,48869568.7186669,169.1,-4.054934236132176e-09,169.4,ASK
22,1712601810.669631,48869568.7186669,169.1,-0.0,169.4,ASK
23,1712601840.3990283,48869568.7186669,169.1,-0.0,169.4,ASK
24,1712601841.3687491,48869604.1796598,169.2,4.054928672792912e-09,169.4,BID
25,1712601861.0206208,48869639.6406527,169.1,-4.0549286736448786e-09,169.4,ASK
26,1712601870.4210014,48869639.6406527,169.1,-0.0,169.4,ASK
27,1712601881.3688595,48869675.1016456,169.2,4.0549231103208765e-09,169.4,BID
28,1712601888.8786063,48869710.5626385,169.1,-4.054923111172841e-09,169.4,ASK
29,1712601900.413063,48869710.5626385,169.1,-0.0,169.4,ASK
30,1712601903.2086625,48871938.09616853,169.2,2.547344409890546e-07,169.4,BID
31,1712601904.6589715,48871973.55716143,169.2,4.055218958658404e-09,169.4,BID
32,1712601925.3885756,48872009.01815433,169.1,-4.055218959510431e-09,169.4,ASK
33,1712601930.4189565,48872009.01815433,169.1,-0.0,169.4,ASK
34,1712601936.448794,48872044.47914723,169.2,4.05503861998879e-09,169.4,BID
35,1712601960.5707164,48872079.94014013,169.1,-4.055038619136801e-09,169.4,ASK
36,1712601960.6383078,48872079.94014013,169.1,-0.0,169.4,ASK
37,1712601979.8384275,48872115.40113303,169.2,4.0550330572151056e-09,169.4,BID
38,1712601983.9987645,48875268.41554986,169.2,3.60553290915009e-07,169.4,BID
39,1712601984.0005996,48878029.06168891,169.2,3.156852202048288e-07,169.4,BID
40,1712601987.588368,48878064.52268181,169.1,-4.0550330572151056e-09,169.4,ASK
41,1712601990.6585162,48878064.52268181,169.1,-0.0,169.4,ASK
42,1712602020.6122415,48878064.52268181,169.1,-0.0,169.4,ASK
43,1712602020.6180406,48880728.221881,169.2,3.045638844379036e-07,169.4,BID
44,1712602021.440417,48901705.18462,169.2,-2.398478498411494e-06,169.4,ASK
45,1712602021.45831,48901705.18462034,169.2,-3.918692371714749e-17,169.4,ASK
46,1712602021.663587,48907799.71233534,169.2,-6.96840332142983e-07,169.4,ASK
47,1712602021.664395,48907799.7123357,169.2,-4.0890703009197376e-17,169.4,ASK
48,1712602043.1478586,48907835.1733286,169.2,4.0545635737288865e-09,169.4,BID
49,1712602050.378085,48907835.1733286,169.2,0.0,169.4,BID
50,1712602057.7182586,48907870.6343215,169.1,-4.052229707477801e-09,169.4,ASK
51,1712602069.527842,48907906.0953144,169.2,4.052229706626402e-09,169.4,BID
52,1712602080.6378422,48907906.0953144,169.2,0.0,169.4,BID
53,1712602095.5981426,48907941.5563073,169.1,-4.052224152408073e-09,169.4,ASK
54,1712602098.567983,48908107.04094088,169.2,1.891037938187753e-08,169.4,BID
55,1712602098.6500387,48919761.88727588,169.2,-1.331831004877032e-06,169.4,ASK
56,1712602098.6519048,48919761.88727656,169.2,-7.747722880139308e-17,169.4,ASK
57,1712602110.648384,48919761.88727656,169.2,-0.0,169.4,ASK
58,1712602112.7279906,48919797.30640288,169.4,4.046512358993659e-09,169.4,BID
59,1712602126.5179496,48919832.7255292,169.1,-4.046512359844862e-09,169.4,ASK
60,1712602138.8581583,48919868.14465552,169.4,4.046512358993659e-09,169.4,BID
61,1712602140.3994207,48919868.14465552,169.4,0.0,169.4,BID
62,1712602161.9830449,48919903.56378184,169.1,-4.046504043374144e-09,169.4,ASK
63,1712602170.407411,48919903.56378184,169.1,-0.0,169.4,ASK
64,1712602180.6178048,48919938.98290816,169.4,4.046501273648469e-09,169.4,BID
65,1712602194.1474664,48919974.40203448,169.1,-4.046501273648469e-09,169.4,ASK
66,1712602200.437668,48919974.40203448,169.1,-0.0,169.4,ASK
67,1712602205.7107043,48920009.8211608,169.4,4.048140585079234e-09,169.4,BID
68,1712602227.727818,48920989.5745405,169.1,-1.1197846562960556e-07,169.4,ASK
69,1712602229.2673855,48921024.99366682,169.1,-4.048140584227688e-09,169.4,ASK
70,1712602230.4284668,48921024.99366682,169.1,-0.0,169.4,ASK
71,1712602240.927396,48921060.41279314,169.4,4.048058384944631e-09,169.4,BID
72,1712602260.4584126,48921060.41279314,169.4,0.0,169.4,BID
73,1712602261.2876534,48921095.83191946,169.1,-4.048055609878091e-09,169.4,ASK
74,1712602279.5773058,48921131.27196671,169.3,4.050446664541507e-09,169.4,BID
75,1712602290.429036,48921131.27196671,169.3,0.0,169.4,BID
76,1712602294.3786736,48921166.71201396,169.1,-4.050441114356426e-09,169.4,ASK
77,1712602315.8672094,48921202.15206121,169.3,4.050441114356426e-09,169.4,BID
78,1712602320.6271217,48921202.15206121,169.3,0.0,169.4,BID
79,1712602327.6175857,48921237.59210846,169.1,-4.050435562548857e-09,169.4,ASK
80,1712602350.6773086,48921237.59210846,169.1,-0.0,169.4,ASK
81,1712602352.997213,48921273.03215571,169.3,4.0504327882913805e-09,169.4,BID
82,1712602359.907131,48921308.47220296,169.1,-4.0504327882913805e-09,169.4,ASK
83,1712602380.3977094,48921308.47220296,169.1,-0.0,169.4,ASK
84,1712602410.4094129,48921308.47220296,169.1,-0.0,169.4,ASK
85,1712602410.706682,48921343.93319586,169.2,4.0528211059079556e-09,169.4,BID
86,1712602425.8278377,48922808.47220296,169.2,1.673815116995443e-07,169.4,BID
87,1712602425.9469843,48924299.01593796,169.2,-1.703535804852816e-07,169.4,ASK
88,1712602425.9491763,48924299.01593817,169.2,-2.384265918807518e-17,169.4,ASK
89,1712602431.7871125,48924334.47693107,169.1,-4.0528211059079556e-09,169.4,ASK
90,1712602440.62704,48924334.47693107,169.1,-0.0,169.4,ASK
91,1712602452.3773465,48924369.91697832,169.3,4.0501902361945294e-09,169.4,BID
92,1712602468.8455858,48924405.35702557,169.1,-4.0501902361945294e-09,169.4,ASK
93,1712602470.7330525,48924405.35702557,169.1,-0.0,169.4,ASK
94,1712602482.4868252,48924440.79707282,169.3,4.0501846850746814e-09,169.4,BID
95,1712602500.5126672,48924440.79707282,169.3,0.0,169.4,BID
96,1712602505.414781,48924476.23712007,169.1,-4.052346822354194e-09,169.4,ASK
97,1712602526.5872238,48924511.65624639,169.4,4.049954645140043e-09,169.4,BID
98,1712602530.5067682,48924511.65624639,169.4,0.0,169.4,BID
99,1712602535.7176917,48924547.07537271,169.1,-4.049949092239414e-09,169.4,ASK
100,1712602549.8875985,48924582.49449903,169.4,4.0499490913874875e-09,169.4,BID
101,1712602560.7345722,48924582.49449903,169.4,0.0,169.4,BID
102,1712602571.54879,48924617.91362535,169.1,-4.049943540140357e-09,169.4,ASK
103,1712602589.3091908,48924653.33275167,169.4,4.049943539288432e-09,169.4,BID
104,1712602590.7299554,48924653.33275167,169.4,0.0,169.4,BID
105,1712602604.9995463,48924688.75187799,169.1,-4.049937988056522e-09,169.4,ASK
106,1712602618.2694376,48924724.17100431,169.4,4.049937987204599e-09,169.4,BID
107,1712602620.5520308,48924724.17100431,169.4,0.0,169.4,BID
108,1712602641.4701164,48924759.59013063,169.2,-4.049932435135988e-09,169.4,ASK
109,1712602649.4005992,48927739.3279137,169.2,-3.40712432822302e-07,169.4,ASK
110,1712602650.5095065,48927739.3279137,169.2,-0.0,169.4,ASK
111,1712602660.8006513,48927774.74704002,169.4,4.049696200999319e-09,169.4,BID
112,1712602674.3310947,48927810.16616634,169.2,-4.049696201851192e-09,169.4,ASK
113,1712602680.7354748,48927810.16616634,169.2,-0.0,169.4,ASK
114,1712602686.191187,48927845.60621359,169.3,4.052082669233171e-09,169.4,BID
115,1712602688.040941,48932554.16040548,169.3,5.383585045452736e-07,169.4,BID
116,1712602709.2714517,48932849.49413259,169.3,3.3767355581202454e-08,169.4,BID
117,1712602710.1420958,48932884.93417984,169.2,-4.052082669233171e-09,169.4,ASK
118,1712602710.6949906,48932884.93417984,169.2,-0.0,169.4,ASK
119,1712602740.4705727,48932884.93417984,169.2,-0.0,169.4,ASK
120,1712602756.4747725,48932920.37422709,169.3,4.0516846619652354e-09,169.4,BID
121,1712602766.6125252,48936845.60621359,169.3,4.4875228643264873e-07,169.4,BID
122,1712602770.5022836,48936845.60621359,169.3,0.0,169.4,BID
123,1712602771.8630383,48936881.04626084,169.3,-4.0513740847934494e-09,169.4,ASK
124,1712602783.5931537,48936916.46538716,169.4,4.048982481804735e-09,169.4,BID
125,1712602789.6531005,48936975.49726437,169.4,6.748304138328578e-09,169.4,BID
126,1712602800.6522102,48936975.49726437,169.4,0.0,169.4,BID
127,1712602801.0147069,48937034.52914158,169.4,6.752710695705699e-09,169.4,BID
128,1712602805.4038424,48937069.9482679,169.3,-4.0516264162302304e-09,169.4,ASK
129,1712602819.44384,48937105.36739422,169.4,4.0516264162302304e-09,169.4,BID
130,1712602822.0539188,48948281.79913674,169.4,1.278482300270688e-06,169.4,BID
131,1712602822.0569134,48954143.70669511,169.4,6.705489937972395e-07,169.4,BID
132,1712602830.5255957,48954143.70669511,169.4,0.0,169.4,BID
133,1712602842.2143977,48954179.12582143,169.2,-4.05027896093501e-09,169.4,ASK
134,1712602848.236105,48954697.12582143,169.4,5.9234789785398274e-08,169.4,BID
135,1712602853.5341034,48954732.54494775,169.4,4.0502789617870055e-09,169.4,BID
136,1712602854.2167184,48960450.26673578,169.4,6.538379308207233e-07,169.4,BID
137,1712602854.3266416,48961252.26673578,169.4,9.171100657893704e-08,169.4,BID
138,1712602857.9748442,48961769.26673578,169.4,5.9120436909364655e-08,169.4,BID
139,1712602860.7328885,48961769.26673578,169.4,0.0,169.4,BID
140,1712602866.5842235,48966028.25007108,169.4,4.869550619322699e-07,169.4,BID
141,1712602868.614606,48967847.9292139,169.4,2.080548102508707e-07,169.4,BID
142,1712602870.0646553,48968441.9292139,169.4,6.791557609306934e-08,169.4,BID
143,1712602875.6048863,48975341.9292139,169.4,7.889183081518154e-07,169.4,BID
144,1712602876.273589,48975864.9292139,169.4,5.979772103817384e-08,169.4,BID
145,1712602881.6848547,48976393.9292139,169.4,6.048373695830586e-08,169.4,BID
146,1712602882.7249966,48976429.34834022,169.2,-4.049680755945805e-09,169.4,ASK
147,1712602890.0788538,48976464.76746654,169.4,4.049680755093935e-09,169.4,BID
148,1712602890.736377,48976464.76746654,169.4,0.0,169.4,BID
149,1712602896.1719756,48985818.76746654,169.4,1.0691944954763905e-06,169.4,BID
150,1712602908.5264626,48986312.76746654,169.4,5.646590557679463e-08,169.4,BID
151,1712602912.4153252,48986348.18659286,169.2,-4.048528426404098e-09,169.4,ASK
152,1712602920.508577,48986348.18659286,169.2,-0.0,169.4,ASK
153,1712602940.3456416,48986841.18659286,169.4,5.6340820075385373e-08,169.4,BID
154,1712602941.413724,48987373.18659286,169.4,6.079780178520287e-08,169.4,BID
155,1712602945.135555,48987882.18659286,169.4,5.816932539223357e-08,169.4,BID
156,1712602950.559636,48987882.18659286,169.4,0.0,169.4,BID
157,1712602969.0358942,48987917.60571918,169.4,4.047633596038312e-09,169.4,BID
158,1712602980.7440486,48987917.60571918,169.4,0.0,169.4,BID
159,1712602986.7765665,48987953.0248455,169.2,-4.0476308215542405e-09,169.4,ASK
160,1712602991.4267,48988601.0248455,169.4,7.405221541457283e-08,169.4,BID
161,1712603004.0867107,48988636.44397182,169.4,4.047630820702803e-09,169.4,BID
162,1712603010.0466182,48995236.44397182,169.4,7.542355273706492e-07,169.4,BID
163,1712603010.740369,48995236.44397182,169.4,0.0,169.4,BID
164,1712603017.257529,48995803.44397182,169.4,6.478650937498809e-08,169.4,BID
165,1712603019.5673244,48995838.86309814,169.2,-4.047057423605033e-09,169.4,ASK
166,1712603031.976975,48996393.86309814,169.3,6.341536631943275e-08,169.4,BID
167,1712603032.576455,48997397.86309814,169.3,1.1471896898146033e-07,169.4,BID
168,1712603032.7421892,48997450.80171575,169.3,6.0488681588235904e-09,169.4,BID
169,1712603039.5070114,48997486.22084207,169.4,4.047057424456351e-09,169.4,BID
170,1712603040.53826,48997486.22084207,169.4,0.0,169.4,BID
171,1712603043.767388,49043756.3092018,169.4,5.286679079217045e-06,169.4,BID
172,1712603043.7709854,49060078.49023275,169.4,1.8649225891391989e-06,169.4,BID
173,1712603052.0573523,49060113.90935907,169.2,-4.046881273447099e-09,169.4,ASK
174,1712603054.3870935,49061761.68880549,169.4,1.882702505091937e-07,169.4,BID
175,1712603056.0369847,49063131.24454042,169.4,1.564812583757827e-07,169.4,BID
176,1712603061.138035,49063190.27641763,169.4,6.7448021235468715e-09,169.4,BID
177,1712603063.9468558,49063225.69554395,169.4,4.046881274298379e-09,169.4,BID
178,1712603070.5505073,49063225.69554395,169.4,0.0,169.4,BID
179,1712603081.6372502,49063285.82783499,169.2,-6.861801128097521e-09,169.4,ASK
180,1712603086.4974594,49063379.68881477,169.4,1.0710640917521654e-08,169.4,BID
181,1712603091.737403,49063415.10794109,169.2,-4.041738586040387e-09,169.4,ASK
182,1712603100.7284513,49063415.10794109,169.2,-0.0,169.4,ASK
183,1712603102.03739,49063450.52706741,169.4,4.041942921202982e-09,169.4,BID
184,1712603124.6180916,49063485.94619373,169.2,-4.041942922053224e-09,169.4,ASK
185,1712603130.741459,49063485.94619373,169.2,-0.0,169.4,ASK
186,1712603142.0884824,49063521.36532005,169.4,4.041937389399899e-09,169.4,BID
187,1712603145.0381286,49064531.36532005,169.4,1.1525853932047586e-07,169.4,BID
188,1712603156.4079478,49064566.78444637,169.2,-4.04193739025014e-09,169.4,ASK
189,1712603160.5211554,49064566.78444637,169.2,-0.0,169.4,ASK
190,1712603167.4683175,49064578.60477733,169.4,1.3488768472504887e-09,169.4,BID
191,1712603168.2984624,49064614.02390365,169.4,4.041852942213777e-09,169.4,BID
192,1712603168.5978866,49064706.73337595,169.4,1.0579539708284717e-08,169.4,BID
193,1712603182.6484747,49064831.91932781,169.4,1.4285592569690882e-08,169.4,BID
194,1712603190.5168054,49064831.91932781,169.4,0.0,169.4,BID
195,1712603195.1185567,49064867.33845413,169.2,-4.041832225586912e-09,169.4,ASK
196,1712603213.2384748,49064902.75758045,169.4,4.04183222643713e-09,169.4,BID
197,1712603220.7202344,49064902.75758045,169.4,0.0,169.4,BID
198,1712603224.629771,49064938.17670677,169.2,-4.041826694086821e-09,169.4,ASK
199,1712603229.7085135,49066643.17670677,169.4,1.9456477982430945e-07,169.4,BID
200,1712603238.6488104,49066678.59583309,169.4,4.0418266949370385e-09,169.4,BID
201,1712603250.757625,49066678.59583309,169.4,0.0,169.4,BID
202,1712603264.348847,49066714.01495941,169.2,-4.041687951684759e-09,169.4,ASK
203,1712603280.4910748,49066714.01495941,169.2,-0.0,169.4,ASK
204,1712603280.8291986,49066749.43408573,169.4,4.041685187763786e-09,169.4,BID
205,1712603293.7795863,49066784.85321205,169.2,-4.041685188613974e-09,169.4,ASK
206,1712603294.8891456,49067536.85321205,169.4,8.581090436857366e-08,169.4,BID
207,1712603310.2198954,49068565.85321205,169.4,1.1741944228093392e-07,169.4,BID
208,1712603310.4865837,49068565.85321205,169.4,0.0,169.4,BID
209,1712603314.7394805,49068601.27233837,169.4,4.041540517849096e-09,169.4,BID
210,1712603327.6995485,49068636.69146469,169.2,-4.041540518699253e-09,169.4,ASK
211,1712603339.479438,49068672.11059101,169.4,4.041540517849096e-09,169.4,BID
212,1712603340.7670877,49068672.11059101,169.4,0.0,169.4,BID
213,1712603362.119546,49068707.52971733,169.2,-4.04153222101901e-09,169.4,ASK
214,1712603370.7257433,49068707.52971733,169.2,-0.0,169.4,ASK
215,1712603375.7899392,49068742.94884365,169.4,4.041529456460873e-09,169.4,BID
216,1712603399.5702271,49068778.36796997,169.2,-4.041529456460873e-09,169.4,ASK
217,1712603400.5378296,49068778.36796997,169.2,-0.0,169.4,ASK
218,1712603418.0398457,49068813.80801722,169.3,4.045236231169136e-09,169.4,BID
219,1712603428.5398889,49068849.24806447,169.2,-4.0452362320195684e-09,169.4,ASK
220,1712603430.5310366,49068849.24806447,169.2,-0.0,169.4,ASK
221,1712603443.2995615,49069368.24806447,169.3,5.9240178614247736e-08,169.4,BID
222,1712603460.736252,49069368.24806447,169.3,0.0,169.4,BID
223,1712603468.2804077,49069398.24806447,169.3,3.424253438092259e-09,169.4,BID
224,1712603479.8605025,49069433.68811172,169.3,4.045190121307274e-09,169.4,BID
225,1712603490.762394,49069433.68811172,169.3,0.0,169.4,BID
226,1712603490.7738678,49069469.12815897,169.2,-4.045185005860186e-09,169.4,ASK
227,1712603520.5321715,49069469.12815897,169.2,-0.0,169.4,ASK
228,1712603525.0210202,49071685.39366935,169.2,-2.529680000810565e-07,169.4,ASK
229,1712603525.0242603,49082600.16045427,169.2,-1.245828494826386e-06,169.4,ASK
230,1712603542.980695,49082635.60050152,169.3,4.045182237154204e-09,169.4,BID
231,1712603550.5399065,49082635.60050152,169.3,0.0,169.4,BID
232,1712603559.2408445,49082671.04054877,169.2,-4.044153884785512e-09,169.4,ASK
233,1712603564.6231225,49087671.04054877,169.1,-5.705627106460807e-07,169.4,ASK
234,1712603564.6266618,49090656.17124066,169.1,-3.406408518390514e-07,169.4,ASK
235,1712603564.63014,49091247.18778912,169.2,-6.744240078545808e-08,169.4,ASK
236,1712603564.633603,49091365.46100023,169.1,-1.3496456785166182e-08,169.4,ASK
237,1712603564.6370904,49109966.08159122,169.2,-2.1225641008191707e-06,169.4,ASK
238,1712603564.639496,49118229.89707732,169.1,-9.430049928060312e-07,169.4,ASK
239,1712603564.6410415,49119843.49335246,169.2,-1.841315729259888e-07,169.4,ASK
240,1712603564.6426065,49143449.48331703,169.1,-2.6937395243343696e-06,169.4,ASK
241,1712603568.8907423,49143484.96528036,169.1,4.0489370352097734e-09,169.4,BID
242,1712603580.5425816,49143484.96528036,169.1,0.0,169.4,BID
243,1712603596.1811604,49143520.44724369,169.0,-4.044187487315837e-09,169.4,ASK
244,1712603610.5181465,49143520.44724369,169.0,-0.0,169.4,ASK
245,1712603611.040886,49143555.92920702,169.1,4.044184723246264e-09,169.4,BID
246,1712603625.9715383,49143579.61884132,169.0,-2.700111497497338e-09,169.4,ASK
247,1712603625.9753585,49143591.41117035,169.0,-1.3440732257489263e-09,169.4,ASK
248,1712603636.131055,49146633.48641548,169.1,3.4673149620437005e-07,169.4,BID
249,1712603640.7372968,49146633.48641548,169.1,0.0,169.4,BID
250,1712603644.0113792,49147628.48641548,169.1,1.13401909033201e-07,169.4,BID
251,1712603644.4713318,49147663.96837881,169.1,4.0439420881975664e-09,169.4,BID
252,1712603651.121178,49148263.96837881,169.1,6.83830607235383e-08,169.4,BID
253,1712603651.3017683,49152209.13462966,169.0,-4.49637572160239e-07,169.4,ASK
254,1712603651.3058414,49154426.05826504,169.0,-2.526667059625564e-07,169.4,ASK
255,1712603651.308881,49156013.96837881,169.0,-1.809769228895741e-07,169.4,ASK
256,1712603651.8212614,49156044.500897,169.0,-3.4798450752226e-09,169.4,ASK
257,1712603651.8252575,49156344.500897,169.0,-3.4191530361769143e-08,169.4,ASK
258,1712603657.7016642,49156379.98286033,168.9,-4.0439420881975664e-09,169.4,ASK
259,1712603670.7604833,49156379.98286033,168.9,-0.0,169.4,ASK
260,1712603700.5476322,49156379.98286033,168.9,-0.0,169.4,ASK
261,1712603703.0814989,49156415.4858189,169.0,4.046600513814546e-09,169.4,BID
262,1712603705.581102,49157110.4858189,168.9,-7.921557723947453e-08,169.4,ASK
263,1712603708.3049846,49157710.4858189,169.0,6.838754869594923e-08,169.4,BID
264,1712603720.7416084,49158980.4858189,168.9,-1.4475364473975922e-07,169.4,ASK
265,1712603728.6515515,49159015.98877747,168.9,-4.046600513814546e-09,169.4,ASK
266,1712603730.4762974,49159015.98877747,168.9,-0.0,169.4,ASK
267,1712603746.331743,49159051.4707408,169.1,4.04400224542052e-09,169.4,BID
268,1712603748.8816133,49172242.58173364,168.9,-1.5034366046758866e-06,169.4,ASK
269,1712603756.0636451,49172278.06369697,168.8,-4.044002246269688e-09,169.4,ASK
270,1712603760.7387977,49172278.06369697,168.8,-0.0,169.4,ASK
271,1712603769.615036,49172313.56665554,169.0,4.045362376768466e-09,169.4,BID
272,1712603776.2918773,49173409.92450939,169.0,1.249238089611486e-07,169.4,BID
273,1712603776.2938538,49194097.86964658,169.1,2.357274950907728e-06,169.4,BID
274,1712603790.7701304,49194097.86964658,169.1,0.0,169.4,BID
275,1712603800.281927,49194133.37260515,168.8,-4.043662377537688e-09,169.4,ASK
276,1712603820.5197985,49194133.37260515,168.8,-0.0,169.4,ASK
277,1712603827.4917235,49197612.37260515,168.8,-3.962456193628186e-07,169.4,ASK
278,1712603850.5497403,49197612.37260515,168.8,-0.0,169.4,ASK
279,1712603851.052029,49197647.85456848,169.1,4.040998047191299e-09,169.4,BID
280,1712603862.252227,49197683.33653181,168.8,-4.040998047191299e-09,169.4,ASK
281,1712603875.0523174,49197718.81849514,169.1,4.040998047191299e-09,169.4,BID
282,1712603880.7892358,49197718.81849514,169.1,0.0,169.4,BID
283,1712603897.9119372,49197754.30045847,168.8,-4.040989768067995e-09,169.4,ASK
284,1712603910.7479663,49197754.30045847,168.8,-0.0,169.4,ASK
285,1712603910.922201,49197789.7824218,169.1,4.040987011633681e-09,169.4,BID
286,1712603934.4704623,49197825.26438513,168.9,-4.040987011633681e-09,169.4,ASK
287,1712603940.4789598,49197825.26438513,168.9,-0.0,169.4,ASK
288,1712603970.5008805,49197825.26438513,168.9,-0.0,169.4,ASK
289,1712603983.9128113,49204375.26438513,169.3,7.459685510851011e-07,169.4,BID
290,1712603988.0724132,49206642.70098974,169.3,2.582345646747204e-07,169.4,BID
291,1712603989.6724713,49206678.14103699,169.3,4.036207739980416e-09,169.4,BID
292,1712604000.5294795,49206678.14103699,169.3,0.0,169.4,BID
293,1712604003.842425,49206713.58108424,169.1,-4.036719969923073e-09,169.4,ASK
294,1712604014.902701,49206749.02113149,169.3,4.0367199707717154e-09,169.4,BID
295,1712604030.5280514,49206749.02113149,169.3,0.0,169.4,BID
296,1712604039.3732786,49206784.46117874,169.1,-4.036714455666019e-09,169.4,ASK
297,1712604053.3823266,49209807.87100042,169.1,-3.443743188810556e-07,169.4,ASK
298,1712604057.5225246,49209843.31104767,169.3,4.03671445651466e-09,169.4,BID
299,1712604060.7948897,49209843.31104767,169.3,0.0,169.4,BID
300,1712604070.712871,49209878.75109492,169.1,-4.036473882946775e-09,169.4,ASK
301,1712604082.5127988,49209914.19114217,169.3,4.036473882946775e-09,169.4,BID
302,1712604090.7789476,49209914.19114217,169.3,0.0,169.4,BID
303,1712604107.102848,49209949.63118942,169.1,-4.036468369362022e-09,169.4,ASK
304,1712604120.5596662,49209949.63118942,169.1,-0.0,169.4,ASK
305,1712604124.4935975,49209985.07123667,169.3,4.036465614204599e-09,169.4,BID
306,1712604135.8826127,49210020.51128392,169.1,-4.036465614204599e-09,169.4,ASK
307,1712604150.5062466,49210020.51128392,169.1,-0.0,169.4,ASK
308,1712604158.3143866,49210055.95133117,169.3,4.036460100642435e-09,169.4,BID
309,1712604169.1828015,49210091.39137842,169.1,-4.036460100642435e-09,169.4,ASK
310,1712604176.3628137,49213044.72864953,169.3,3.3637167509257125e-07,169.4,BID
311,1712604180.7236965,49213044.72864953,169.3,0.0,169.4,BID
312,1712604191.084526,49213080.16869678,169.3,4.036224734443311e-09,169.4,BID
313,1712604196.7933755,49216866.35712199,169.3,4.312044862810143e-07,169.4,BID
314,1712604196.7972846,49231362.4628716,169.3,1.650944203205703e-06,169.4,BID
315,1712604202.053053,49231397.90291885,169.1,-4.0362247335947745e-09,169.4,ASK
316,1712604210.799169,49231397.90291885,169.1,-0.0,169.4,ASK
317,1712604222.7827618,49231433.3429661,169.3,4.034796925354111e-09,169.4,BID
318,1712604234.4534488,49231468.78301335,169.1,-4.034796925354111e-09,169.4,ASK
319,1712604240.5103812,49231468.78301335,169.1,-0.0,169.4,ASK
320,1712604253.6130624,49231504.2230606,169.3,4.034791416349652e-09,169.4,BID
321,1712604269.033665,49231539.66310785,169.1,-4.034791416349652e-09,169.4,ASK
322,1712604270.5210834,49231539.66310785,169.1,-0.0,169.4,ASK
323,1712604300.758757,49231539.66310785,169.1,-0.0,169.4,ASK
324,1712604316.213473,49231657.93631896,169.3,1.346880039292954e-08,169.4,BID
325,1712604323.4631026,49231693.37636621,169.3,4.035866769401669e-09,169.4,BID
326,1712604323.9828205,49231929.92278844,169.3,2.6937600787556002e-08,169.4,BID
327,1712604330.727811,49231929.92278844,169.3,0.0,169.4,BID
328,1712604332.0840282,49235950.97208193,169.3,4.579084503260822e-07,169.4,BID
329,1712604332.0931125,49242838.43578312,169.3,7.843295617379635e-07,169.4,BID
330,1712604336.6630762,49242873.87583037,169.1,-4.035836402613535e-09,169.4,ASK
331,1712604348.2440348,49243195.16467186,169.3,3.6587682661231513e-08,169.4,BID
332,1712604348.248626,49246145.88409971,169.3,3.360215858930852e-07,169.4,BID
333,1712604360.5670614,49246145.88409971,169.3,0.0,169.4,BID
334,1712604390.5169368,49246145.88409971,169.3,0.0,169.4,BID
335,1712604392.2931426,49246181.32414696,169.3,4.034730580221677e-09,169.4,BID
336,1712604408.3737974,49246216.76419421,169.1,-4.0347305793734536e-09,169.4,ASK
337,1712604413.1410108,49247116.76419421,169.1,-1.0246198307532693e-07,169.4,ASK
338,1712604415.1936889,49250828.76419421,169.1,-4.2259875686179284e-07,169.4,ASK
339,1712604420.2046046,49250864.20424146,169.3,4.0347305793734536e-09,169.4,BID
340,1712604420.5370324,49250864.20424146,169.3,0.0,169.4,BID
341,1712604421.0634367,49259312.20424146,169.1,-9.616891249443528e-07,169.4,ASK
342,1712604426.073905,49263031.20424146,169.1,-4.233572272334337e-07,169.4,ASK
343,1712604442.8533814,49263066.64428871,169.1,-4.0343641130525215e-09,169.4,ASK
344,1712604450.504836,49263066.64428871,169.1,-0.0,169.4,ASK
345,1712604463.1033444,49263102.06341503,169.4,4.031035687093666e-09,169.4,BID
346,1712604474.2963314,49263137.48254135,169.1,-4.031035687941613e-09,169.4,ASK
347,1712604480.7475097,49263137.48254135,169.1,-0.0,169.4,ASK
348,1712604510.7519276,49263137.48254135,169.1,-0.0,169.4,ASK
349,1712604528.6834264,49263172.90166767,169.4,4.0310301867304815e-09,169.4,BID
350,1712604540.543389,49263172.90166767,169.4,0.0,169.4,BID
351,1712604542.363471,49263208.32079399,169.1,-4.0310274341171424e-09,169.4,ASK
352,1712604554.8038225,49263243.73992031,169.4,4.031027434965087e-09,169.4,BID
353,1712604570.5490744,49263243.73992031,169.4,0.0,169.4,BID
354,1712604579.5937371,49263267.45739954,169.1,-2.699267004230102e-09,169.4,ASK
355,1712604579.598127,49263279.15904663,169.1,-1.3317549295463774e-09,169.4,ASK
356,1712604597.3053856,49263314.57817295,169.4,4.031021934624424e-09,169.4,BID
357,1712604600.611982,49263314.57817295,169.4,0.0,169.4,BID
358,1712604611.213473,49263349.99729927,169.1,-4.031490710804166e-09,169.4,ASK
359,1712604623.4537363,49263385.41642559,169.4,4.031490711652209e-09,169.4,BID
360,1712604625.8634765,49271590.87105135,169.1,-9.339647117684512e-07,169.4,ASK
361,1712604630.5283394,49271590.87105135,169.1,-0.0,169.4,ASK
362,1712604631.8036668,49275205.74739485,169.1,4.113884440174169e-07,169.4,BID
363,1712604646.8236704,49275241.16652117,169.1,-4.0308486043108836e-09,169.4,ASK
364,1712604659.4338317,49275276.58564749,169.4,4.030848605158792e-09,169.4,BID
365,1712604660.7970643,49275276.58564749,169.4,0.0,169.4,BID
366,1712604682.1239853,49275312.00477381,169.1,-4.030562715577951e-09,169.4,ASK
367,1712604690.7630866,49275312.00477381,169.1,-0.0,169.4,ASK
368,1712604702.0339258,49275347.42390013,169.4,4.0305599684766285e-09,169.4,BID
369,1712604715.163797,49275382.84302645,169.1,-4.030559969324475e-09,169.4,ASK
370,1712604720.5295992,49275382.84302645,169.1,-0.0,169.4,ASK
371,1712604726.443642,49275418.26215277,169.4,4.030554469411607e-09,169.4,BID
372,1712604748.9638867,49275453.68127909,169.1,-4.030554470259453e-09,169.4,ASK
373,1712604750.563614,49275453.68127909,169.1,-0.0,169.4,ASK
374,1712604761.8938856,49275489.10040541,169.4,4.030548970361591e-09,169.4,BID
375,1712604780.5966306,49275489.10040541,169.4,0.0,169.4,BID
376,1712604787.1341789,49275524.51953173,169.1,-4.030546218405414e-09,169.4,ASK
377,1712604796.7564569,49275559.93865805,169.4,4.030546219253258e-09,169.4,BID
378,1712604810.540504,49275559.93865805,169.4,0.0,169.4,BID
379,1712604818.2939477,49275595.35778437,169.1,-4.030540719377912e-09,169.4,ASK
380,1712604831.567738,49275630.77691069,169.4,4.030540720225755e-09,169.4,BID
381,1712604834.2237952,49276541.77691069,169.4,1.0366779130858381e-07,169.4,BID
382,1712604840.816398,49276541.77691069,169.4,0.0,169.4,BID
383,1712604852.1042442,49276577.19603701,169.1,-4.0304644401706925e-09,169.4,ASK
384,1712604859.0047696,49278902.78616408,169.1,-2.646369146916816e-07,169.4,ASK
385,1712604859.009534,49280903.23776857,169.0,-2.276382817583231e-07,169.4,ASK
386,1712604859.0144403,49285543.76408435,169.1,-5.28061481022321e-07,169.4,ASK
387,1712604859.0165985,49286727.19603701,169.0,-1.3466680007554278e-07,169.4,ASK
388,1712604869.9937084,49286762.63608426,169.3,4.032845105151174e-09,169.4,BID
389,1712604870.7243736,49286762.63608426,169.3,0.0,169.4,BID
390,1712604881.9144938,49286798.07613151,169.0,-4.032052245745148e-09,169.4,ASK
391,1712604894.643834,49286833.49525783,169.4,4.029672049652277e-09,169.4,BID
392,1712604900.533432,49286833.49525783,169.4,0.0,169.4,BID
393,1712604919.0940714,49286868.91438415,169.0,-4.02983454248815e-09,169.4,ASK
394,1712604930.529571,49286868.91438415,169.0,-0.0,169.4,ASK
395,1712604960.7324195,49286868.91438415,169.0,-0.0,169.4,ASK
396,1712604970.304463,49286904.33351047,169.4,4.0298317988509854e-09,169.4,BID
397,1712604981.5842066,49286939.75263679,169.0,-4.029831798003291e-09,169.4,ASK
398,1712604982.234258,49286989.75263679,169.4,5.688779223331537e-09,169.4,BID
399,1712604990.7500496,49286989.75263679,169.4,0.0,169.4,BID
400,1712605020.5938764,49286989.75263679,169.4,0.0,169.4,BID
401,1712605033.2745054,49287025.17176311,169.4,4.0298224190982355e-09,169.4,BID
402,1712605043.254665,49287320.50549022,169.4,3.3601689211385425e-08,169.4,BID
403,1712605043.259708,49291119.17176311,169.4,4.321944695130008e-07,169.4,BID
404,1712605050.513937,49291119.17176311,169.4,0.0,169.4,BID
405,1712605055.6444302,49291154.59088943,169.0,-4.029501717863007e-09,169.4,ASK
406,1712605065.9045796,49291171.29708899,169.4,1.9006019289060718e-09,169.4,BID
407,1712605065.9103694,49291189.99897568,169.5,2.127643800673323e-09,169.5,BID
408,1712605070.1244614,49291230.29413914,169.5,4.584230251673221e-09,169.5,BID
409,1712605070.1287522,49291551.60578289,169.5,3.6554425668246736e-08,169.5,BID
410,1712605080.735643,49291551.60578289,169.5,0.0,169.5,BID
411,1712605091.6457114,49291651.60578289,169.5,1.137653167657722e-08,169.5,BID
412,1712605091.6508176,49310135.7159574,169.5,2.1028506491370582e-06,169.5,BID
413,1712605091.6551175,49310171.12404365,169.5,4.028212148044171e-09,169.5,BID
414,1712605091.6572375,49310849.8123999,169.5,7.721119583408219e-08,169.5,BID
415,1712605091.6594863,49311537.01386914,169.5,7.817969282943774e-08,169.5,BID
416,1712605097.0100148,49312339.01386914,169.5,9.12397840461493e-08,169.5,BID
417,1712605110.7650428,49312339.01386914,169.5,0.0,169.5,BID
418,1712605112.464126,49312374.41209922,169.5,4.025477257972226e-09,169.5,BID
419,1712605113.624101,49326774.28001187,169.5,1.6375491278459638e-06,169.5,BID
420,1712605127.034429,49329221.28001187,169.5,2.78272185560737e-07,169.5,BID
421,1712605128.05426,49329256.67824195,169.2,-4.025477257972226e-09,169.5,ASK
422,1712605131.4641075,49330591.57545151,169.5,1.5180415365826485e-07,169.5,BID
423,1712605133.115009,49337576.05353887,169.4,7.942729801267821e-07,169.5,BID
424,1712605133.119775,49347291.57545151,169.5,1.104846553532518e-06,169.5,BID
425,1712605133.1354747,49348786.17824411,169.5,1.6996582984941225e-07,169.5,BID
426,1712605133.1386588,49352647.26678577,169.5,4.390819563270989e-07,169.5,BID
427,1712605133.1418695,49354425.62783463,169.6,2.0223474286187469e-07,169.6,BID
428,1712605133.1450684,49355069.92045061,169.6,7.326878397604174e-08,169.6,BID
429,1712605133.1482716,49355641.57545151,169.5,6.500845381522253e-08,169.6,BID
430,1712605133.154544,49356732.11200812,169.6,1.240155255584225e-07,169.6,BID
431,1712605133.1565297,49358738.53116866,169.6,2.2816945032928522e-07,169.6,BID
432,1712605133.1584291,49363991.57545151,169.6,5.973747909419424e-07,169.6,BID
433,1712605140.5028226,49363991.57545151,169.6,0.0,169.6,BID
434,1712605142.3864152,49364026.95281,169.6,4.019102044292306e-09,169.6,BID
435,1712605163.96464,49364600.95281,169.5,6.521019861214755e-08,169.6,BID
436,1712605164.96407,49364636.33016849,169.2,-4.019102045138741e-09,169.6,ASK
437,1712605170.507751,49364636.33016849,169.2,-0.0,169.6,ASK
438,1712605187.5444572,49364671.72839857,169.5,4.021423269543038e-09,169.6,BID
439,1712605199.1844392,49364707.12662865,169.2,-4.021423270389463e-09,169.6,ASK
440,1712605200.5887756,49364707.12662865,169.2,-0.0,169.6,ASK
441,1712605216.5246022,49364742.52485873,169.5,4.02237842435655e-09,169.6,BID
442,1712605229.3009653,49365362.52485873,169.5,7.045195812780055e-08,169.6,BID
443,1712605230.5008316,49365362.52485873,169.5,0.0,169.6,BID
444,1712605241.0744815,49365397.92308881,169.2,-4.022327649752138e-09,169.6,ASK
445,1712605257.174262,49366104.92308881,169.5,8.033694457840855e-08,169.6,BID
446,1712605260.7579827,49366104.92308881,169.5,0.0,169.6,BID
447,1712605279.854445,49370099.71374082,169.5,4.539245922644322e-07,169.6,BID
448,1712605290.7286596,49370099.71374082,169.5,0.0,169.6,BID
449,1712605290.7386696,49371438.71374082,169.6,1.5213770155462045e-07,169.6,BID
450,1712605291.5741096,49371474.09109931,169.6,4.019589251344677e-09,169.6,BID
451,1712605313.3852751,49371509.4684578,169.2,-4.019589252191214e-09,169.6,ASK
452,1712605320.5013986,49371509.4684578,169.2,-0.0,169.6,ASK
453,1712605350.521769,49371509.4684578,169.2,-0.0,169.6,ASK
454,1712605351.9771006,49372045.4684578,169.5,6.089887449681276e-08,169.6,BID
455,1712605352.7743158,49372556.4684578,169.5,5.80584419176704e-08,169.6,BID
456,1712605356.4245825,49389273.0162086,169.5,1.899289073685718e-06,169.6,BID
457,1712605369.2846525,49389308.41443868,169.5,4.021851438901834e-09,169.6,BID
458,1712605378.7805004,49390170.41443868,169.4,9.793811532882949e-08,169.6,BID
459,1712605380.73956,49390170.41443868,169.4,0.0,169.6,BID
460,1712605385.8144867,49390205.81266876,169.2,-4.020406644729491e-09,169.6,ASK
461,1712605395.044804,49399343.81266876,169.4,1.037861944879671e-06,169.6,BID
462,1712605397.3546672,49399379.21089884,169.5,4.02040664388328e-09,169.6,BID
463,1712605410.7580132,49399379.21089884,169.5,0.0,169.6,BID
464,1712605422.264715,49399414.60912892,169.4,-4.0196944532536214e-09,169.6,ASK
465,1712605425.1345718,49400351.60912892,169.5,1.0640231711689364e-07,169.6,BID
466,1712605432.0247722,49402772.59922384,169.5,2.749188429199656e-07,169.6,BID
467,1712605439.6246064,49424576.24524153,169.5,2.4759428579285635e-06,169.6,BID
468,1712605440.538485,49424576.24524153,169.5,0.0,169.6,BID
469,1712605444.6665154,49427320.09025337,169.5,3.114300352035216e-07,169.6,BID
470,1712605444.6718946,49427784.38683445,169.5,5.26982755831418e-08,169.6,BID
471,1712605470.5478623,49427784.38683445,169.5,0.0,169.6,BID
472,1712605474.5055072,49427865.21442054,169.5,9.17347166160035e-09,169.6,BID
473,1712605474.5145776,49428259.38683445,169.5,4.473632881539904e-08,169.6,BID
474,1712605476.0945375,49431342.5168652,169.5,3.499177364261972e-07,169.6,BID
475,1712605476.6948204,49431377.89422369,169.6,4.015129131644578e-09,169.6,BID
476,1712605490.685062,49431413.27158218,169.5,-4.015129131644578e-09,169.6,ASK
477,1712605496.4458458,49446212.36637685,169.6,1.6796131528858229e-06,169.6,BID
478,1712605496.451857,49446302.84958251,169.7,1.0269329607817658e-08,169.7,BID
479,1712605496.455904,49447726.60400303,169.7,1.6158803523877565e-07,169.7,BID
480,1712605496.4583442,49454177.83041813,169.6,7.321775344637208e-07,169.7,BID
481,1712605496.4608638,49473107.39080504,169.7,2.148397523317232e-06,169.7,BID
482,1712605500.5665207,49473107.39080504,169.7,0.0,169.7,BID
483,1712605506.7470343,49473142.74731653,169.7,4.010310807500078e-09,169.7,BID
484,1712605520.6647372,49474748.15686278,169.7,1.8209350930643533e-07,169.7,BID
485,1712605530.577323,49474748.15686278,169.7,0.0,169.7,BID
486,1712605534.254948,49474783.51337427,169.6,-4.010184158592739e-09,169.7,ASK
487,1712605542.145208,49477962.47879674,169.6,-3.605626302256847e-07,169.7,ASK
488,1712605542.1509397,49517935.29486377,169.6,-4.533771772653696e-06,169.7,ASK
489,1712605544.464581,49517970.65137526,169.7,4.010184158592739e-09,169.7,BID
490,1712605560.7473457,49517970.65137526,169.7,0.0,169.7,BID
491,1712605573.155084,49518006.00788675,169.6,-4.0068527027473415e-09,169.7,ASK
492,1712605590.0551353,49518041.36439824,169.7,4.006852701902989e-09,169.7,BID
493,1712605590.7478423,49518041.36439824,169.7,0.0,169.7,BID
494,1712605596.4873817,49518596.36439824,169.7,6.28964830697061e-08,169.7,BID
495,1712605596.4931748,49527847.26326049,169.7,1.0483765831875313e-06,169.7,BID
496,1712605605.040523,49536882.74522382,169.7,-1.0239640330327176e-06,169.7,ASK
497,1712605605.394831,49536918.10173531,169.7,-4.0068472544934875e-09,169.7,ASK
498,1712605608.4652164,49542810.85365046,169.7,-6.678078757931023e-07,169.7,ASK
499,1712605619.78563,49544375.56912852,169.7,-1.7732450554031216e-07,169.7,ASK
500,1712605619.7947772,49546010.01766735,169.7,-1.8522714387563205e-07,169.7,ASK
501,1712605620.503845,49546010.01766735,169.7,-0.0,169.7,ASK
502,1712605624.405093,49546045.37417884,169.7,4.004693203268665e-09,169.7,BID
503,1712605641.625264,49546080.73069033,169.6,-4.004693203268665e-09,169.7,ASK
504,1712605650.5080876,49546080.73069033,169.6,-0.0,169.7,ASK
505,1712605652.2477431,49546116.08720182,169.7,4.004687761729355e-09,169.7,BID
506,1712605676.9074728,49546151.44371331,169.6,-4.004687761729355e-09,169.7,ASK
507,1712605680.7854197,49546151.44371331,169.6,-0.0,169.7,ASK
508,1712605689.365105,49546186.8002248,169.7,4.004682321048728e-09,169.7,BID
509,1712605710.7547362,49546186.8002248,169.7,0.0,169.7,BID
510,1712605710.8757243,49546222.15673629,169.6,-4.004679598646243e-09,169.7,ASK
511,1712605723.4347892,49564215.42568303,169.6,-2.03801998642525e-06,169.7,ASK
512,1712605729.844901,49564250.78219452,169.7,4.004679598646243e-09,169.7,BID
513,1712605740.5424402,49564250.78219452,169.7,0.0,169.7,BID
514,1712605745.6353524,49564286.13870601,169.6,-4.0032904297781044e-09,169.7,ASK
515,1712605763.2552962,49564321.4952175,169.7,4.003290428934502e-09,169.7,BID
516,1712605770.5539744,49564321.4952175,169.7,0.0,169.7,BID
517,1712605776.4052508,49564911.11785901,169.6,-6.676075698253257e-08,169.7,ASK
518,1712605777.1653693,49564946.4743705,169.6,-4.003284991206673e-09,169.7,ASK
519,1712605796.507562,49564981.83088199,169.7,4.003284991206673e-09,169.7,BID
520,1712605800.5739903,49564981.83088199,169.7,0.0,169.7,BID
521,1712605807.208325,49565017.18739348,169.6,-4.008416798458743e-09,169.7,ASK
522,1712605812.015211,49565078.91578854,169.6,-6.998233855149993e-09,169.7,ASK
523,1712605820.7794092,49565114.27230003,169.7,4.008416798458743e-09,169.7,BID
524,1712605830.526692,49565114.27230003,169.7,0.0,169.7,BID
525,1712605843.5352,49565149.62881152,169.6,-4.008406590067083e-09,169.7,ASK
526,1712605859.6450818,49565184.98532301,169.7,4.008406589222402e-09,169.7,BID
527,1712605860.7199652,49565184.98532301,169.7,0.0,169.7,BID
528,1712605874.5353534,49565220.3418345,169.6,-4.008401137586992e-09,169.7,ASK
529,1712605887.5864582,49565320.3418345,169.6,-1.1337094551549045e-08,169.7,ASK
530,1712605887.5931864,49565801.50119558,169.4,-5.45494917091935e-08,169.7,ASK
531,1712605887.5972571,49565828.12069277,169.6,-3.017877565286515e-09,169.7,ASK
532,1712605890.76586,49565828.12069277,169.6,-0.0,169.7,ASK
533,1712605891.0156977,49565863.47720426,169.7,4.008351614798536e-09,169.7,BID
534,1712605906.0654535,49565898.83371575,169.4,-4.0083516139538675e-09,169.7,ASK
535,1712605917.5657697,49565934.19022724,169.7,4.0083516139538675e-09,169.7,BID
536,1712605920.5771222,49565934.19022724,169.7,0.0,169.7,BID
537,1712605942.715679,49565969.54673873,169.4,-4.008343439140641e-09,169.7,ASK
538,1712605950.59136,49565969.54673873,169.4,-0.0,169.7,ASK
539,1712605953.0688262,49566004.90325022,169.7,4.008340717423668e-09,169.7,BID
540,1712605960.9756782,49567670.39727267,169.6,1.8881578594025282e-07,169.7,BID
541,1712605966.415849,49571302.39727267,169.6,4.117570674469554e-07,169.7,BID
542,1712605966.4247088,49571901.12966532,169.6,6.787783430193756e-08,169.7,BID
543,1712605975.125749,49571936.48617681,169.4,-4.008340717423668e-09,169.7,ASK
544,1712605980.7589476,49571936.48617681,169.4,-0.0,169.7,ASK
545,1712605992.3652253,49571971.8426883,169.7,4.0078808994003e-09,169.7,BID
546,1712606008.725492,49572007.19919979,169.4,-4.0078808994003e-09,169.7,ASK
547,1712606010.758947,49572007.19919979,169.4,-0.0,169.7,ASK
548,1712606026.5452764,49572042.55571128,169.7,4.007875452407337e-09,169.7,BID
549,1712606040.5445764,49572042.55571128,169.7,0.0,169.7,BID
550,1712606041.0159807,49572077.91222277,169.4,-4.00787272735152e-09,169.7,ASK
551,1712606058.2357104,49572113.26873426,169.7,4.007872726506952e-09,169.7,BID
552,1712606070.4832578,49572113.26873426,169.7,0.0,169.7,BID
553,1712606070.935167,49572148.62524575,169.4,-4.007867279536205e-09,169.7,ASK
554,1712606100.5502152,49572148.62524575,169.4,-0.0,169.7,ASK
555,1712606123.0562422,49572183.98175724,169.7,4.012909324296355e-09,169.7,BID
556,1712606130.5374978,49572183.98175724,169.7,0.0,169.7,BID
557,1712606131.2963965,49572219.33826873,169.4,-4.0129065915442365e-09,169.7,ASK
558,1712606135.525679,49573674.33826873,169.7,1.6514013529266274e-07,169.7,BID
559,1712606145.5255597,49573709.69478022,169.7,4.012906592389866e-09,169.7,BID
560,1712606160.7668087,49573709.69478022,169.7,0.0,169.7,BID
561,1712606168.0057025,49573745.05129171,169.4,-4.012788675517933e-09,169.7,ASK
562,1712606190.7264922,49573745.05129171,169.4,-0.0,169.7,ASK
563,1712606208.1256905,49580970.8316871,169.4,-8.20089675464893e-07,169.7,ASK
564,1712606210.995663,49581006.18819859,169.7,4.012785947760868e-09,169.7,BID
565,1712606220.5276933,49581006.18819859,169.7,0.0,169.7,BID
566,1712606233.0758324,49581041.54471008,169.4,-4.012225824341724e-09,169.7,ASK
567,1712606250.5370789,49581041.54471008,169.4,-0.0,169.7,ASK
568,1712606250.5756812,49581076.90122157,169.7,4.012223098195305e-09,169.7,BID
569,1712606264.845745,49581112.25773306,169.4,-4.0122230973498215e-09,169.7,ASK
570,1712606280.7947285,49581112.25773306,169.4,-0.0,169.7,ASK
571,1712606281.9057667,49581147.61424455,169.7,4.012217638547765e-09,169.7,BID
572,1712606282.8257434,49581647.61424455,169.4,-5.673944444216904e-08,169.7,ASK
573,1712606297.6760194,49581682.97075604,169.4,-4.012217638547765e-09,169.7,ASK
574,1712606310.7974317,49581682.97075604,169.4,-0.0,169.7,ASK
575,1712606314.6957417,49581718.32726753,169.7,4.012173616156796e-09,169.7,BID
576,1712606329.1098764,49581753.68377902,169.4,-4.01217361700227e-09,169.7,ASK
577,1712606340.5000598,49581753.68377902,169.4,-0.0,169.7,ASK
578,1712606341.6562517,49581760.16800463,169.7,7.358136427134115e-10,169.7,BID
579,1712606341.663259,49581789.04029051,169.7,3.276354514775971e-09,169.7,BID
580,1712606368.466576,49581824.396802,169.4,-4.012168157489382e-09,169.7,ASK
581,1712606370.5385766,49581824.396802,169.4,-0.0,169.7,ASK
582,1712606378.7657318,49581859.75331349,169.7,4.012162698836823e-09,169.7,BID
583,1712606398.626408,49581895.10982498,169.4,-4.012162698836823e-09,169.7,ASK
584,1712606400.6858852,49581895.10982498,169.4,-0.0,169.7,ASK
585,1712606417.1277895,49581930.46633647,169.7,4.023766593027684e-09,169.7,BID
586,1712606430.571602,49581930.46633647,169.7,0.0,169.7,BID
587,1712606430.6955009,49581965.82284796,169.4,-4.023763846316096e-09,169.7,ASK
588,1712606434.1464703,49587758.98945425,169.7,6.592939563250257e-07,169.7,BID
589,1712606434.1529217,49587883.30563023,169.7,1.4147858860073337e-08,169.7,BID
590,1712606434.1596894,49588090.59008425,169.7,2.359010141808509e-08,169.7,BID
591,1712606442.556666,49588125.94659574,169.7,4.023763846316096e-09,169.7,BID
592,1712606460.7548802,49588125.94659574,169.7,0.0,169.7,BID
593,1712606461.2073455,49588192.76465527,169.7,7.603349860009744e-09,169.7,BID
594,1712606461.2138062,49589192.76465527,169.8,1.1379183882177057e-07,169.8,BID
595,1712606461.2201626,49589254.8518977,169.7,7.065021483703356e-09,169.8,BID
596,1712606461.2231257,49589450.59585509,169.8,2.2274064849137333e-08,169.8,BID
597,1712606461.2260306,49595025.94659574,169.8,6.344294128555958e-07,169.8,BID
598,1712606464.1159804,49595061.30310723,169.5,-4.023282456605941e-09,169.8,ASK
599,1712606469.9565668,49601504.48694419,169.8,7.331817366743101e-07,169.8,BID
600,1712606469.961615,49601961.30310723,169.8,5.198195119590671e-08,169.8,BID
601,1712606481.0759928,49601996.63879627,169.8,4.0209130316726535e-09,169.8,BID
602,1712606490.3255982,49608496.63879627,169.8,7.396469523415086e-07,169.8,BID
603,1712606490.735072,49608496.63879627,169.8,0.0,169.8,BID
604,1712606493.4362097,49608531.97448531,169.5,-4.019331035551616e-09,169.8,ASK
605,1712606494.915909,49609109.12407306,169.8,6.56490735953661e-08,169.8,BID
606,1712606504.4372475,49615553.45495931,169.8,7.330237456695545e-07,169.8,BID
607,1712606504.4426908,49616108.45495931,169.8,6.312962292400204e-08,169.8,BID
608,1712606504.446062,49617898.18448604,169.9,2.035764867717405e-07,169.9,BID
609,1712606504.448382,49626221.5496175,169.8,9.467583823565128e-07,169.9,BID
610,1712606504.4507022,49627809.12407306,169.9,1.8058194007789825e-07,169.9,BID
611,1712606505.656173,49627844.43896417,169.9,4.016965332759403e-09,169.9,BID
612,1712606520.5447285,49627844.43896417,169.9,0.0,169.9,BID
613,1712606529.886187,49627879.75385528,169.5,-4.015464648757088e-09,169.9,ASK
614,1712606546.376171,49627915.06874639,169.9,4.015464648757088e-09,169.9,BID
615,1712606550.5482051,49627915.06874639,169.9,0.0,169.9,BID
616,1712606559.2462063,49627950.3836375,169.5,-4.0154591771409265e-09,169.9,ASK
617,1712606571.4658964,49627985.69852861,169.9,4.015459176293763e-09,169.9,BID
618,1712606580.521403,49627985.69852861,169.9,0.0,169.9,BID
619,1712606582.0263312,49628112.49843411,169.9,1.441768993834026e-08,169.9,BID
620,1712606582.031707,49629017.69852861,169.9,1.0292511057513405e-07,169.9,BID
621,1712606592.9098768,49629053.01341972,169.5,-4.015453703845353e-09,169.9,ASK
622,1712606610.566595,49629053.01341972,169.5,-0.0,169.9,ASK
623,1712606611.966209,49629088.32831083,169.9,4.015370919142958e-09,169.9,BID
624,1712606624.40793,49629123.64320194,169.5,-4.015370918295812e-09,169.9,ASK
625,1712606640.792524,49629123.64320194,169.5,-0.0,169.9,ASK
626,1712606640.9814994,49629159.6121106,169.9,4.0897283961079895e-09,169.9,BID
627,1712606640.9850087,49629456.2815754,169.9,3.373184173872341e-08,169.9,BID
628,1712606640.9884665,49630515.64320194,169.9,1.204512866031108e-07,169.9,BID
629,1712606643.4049232,49630550.95809305,169.9,4.015365446087964e-09,169.9,BID
630,1712606658.4150295,49630586.27298416,169.5,-4.015365446935108e-09,169.9,ASK
631,1712606670.7526877,49630586.27298416,169.5,-0.0,169.9,ASK
632,1712606676.633924,49630621.58787527,169.9,4.015252001673896e-09,169.9,BID
633,1712606688.5837276,49630656.90276638,169.5,-4.015252001673896e-09,169.9,ASK
634,1712606697.7034743,49630951.19352565,169.9,3.3460433352365195e-08,169.9,BID
635,1712606700.5084798,49630951.19352565,169.9,0.0,169.9,BID
636,1712606730.4947069,49630951.19352565,169.9,0.0,169.9,BID
637,1712606735.852832,49630986.50841676,169.9,4.019328567142834e-09,169.9,BID
638,1712606757.4167426,49631021.82330787,169.5,-4.019328567990814e-09,169.9,ASK
639,1712606760.7830088,49631021.82330787,169.5,-0.0,169.9,ASK
640,1712606774.8118262,49631057.13819898,169.9,4.01932308414259e-09,169.9,BID
641,1712606788.0912688,49631092.45309009,169.5,-4.01932308414259e-09,169.9,ASK
642,1712606790.739842,49631092.45309009,169.5,-0.0,169.9,ASK
643,1712606800.520691,49631127.7679812,169.9,4.019317602005283e-09,169.9,BID
644,1712606820.5167713,49631127.7679812,169.9,0.0,169.9,BID
645,1712606826.0768616,49631163.08287231,169.5,-4.019314856439295e-09,169.9,ASK
646,1712606829.90035,49631282.49616254,169.9,1.3590856333892448e-08,169.9,BID
647,1712606850.4784265,49631282.49616254,169.9,0.0,169.9,BID
648,1712606873.3098614,49631317.81105365,169.9,4.019302837275418e-09,169.9,BID
649,1712606880.725802,49631317.81105365,169.9,0.0,169.9,BID
650,1712606888.538988,49631353.12594476,169.5,-4.019300093425545e-09,169.9,ASK
651,1712606907.1887648,49631388.44083587,169.9,4.019300092577571e-09,169.9,BID
652,1712606910.7551334,49631388.44083587,169.9,0.0,169.9,BID
653,1712606922.0390098,49631423.75572698,169.5,-4.019294609655014e-09,169.9,ASK
654,1712606928.5981913,49636864.30473898,169.5,-6.192053445960352e-07,169.9,ASK
655,1712606928.6079695,49639890.08236228,169.5,-3.4437290644189186e-07,169.9,ASK
656,1712606940.0689237,49639925.39725339,169.9,4.019294609655014e-09,169.9,BID
657,1712606940.522163,49639925.39725339,169.9,0.0,169.9,BID
658,1712606953.5280018,49639960.7121445,169.5,-4.018632779209675e-09,169.9,ASK
659,1712606961.9583237,49659097.81950132,169.9,2.1776934458976776e-06,169.9,BID
660,1712606961.96515,49667695.21816482,169.9,9.783348325420354e-07,169.9,BID
661,1712606961.9707563,49699647.40543446,169.9,3.635976299961129e-06,169.9,BID
662,1712606961.9785898,49702746.59407014,170.0,3.526699544333485e-07,170.0,BID
663,1712606961.981785,49703821.76210757,170.0,1.22347977921074e-07,170.0,BID
664,1712606961.9850352,49705867.70202712,169.9,2.32816270004844e-07,170.0,BID
665,1712606961.990581,49706783.07430556,170.0,1.0416413380252484e-07,170.0,BID
666,1712606961.9938433,49711412.32283224,169.9,5.267820255187338e-07,170.0,BID
667,1712606962.217956,49711681.87642231,169.9,3.067365801223984e-08,170.0,BID
668,1712606962.225127,49721412.32283224,169.9,1.1072691905562485e-06,170.0,BID
669,1712606962.2326238,49724837.48425735,170.0,3.8976379488922833e-07,170.0,BID
670,1712606962.2379272,49734837.48425735,170.0,1.1379428485684882e-06,170.0,BID
671,1712606970.5083902,49734837.48425735,170.0,0.0,170.0,BID
672,1712606971.4573538,49734872.77837499,170.0,4.0089116979706485e-09,170.0,BID
673,1712606979.7472787,49734932.19608146,169.6,-6.749009591987541e-09,170.0,ASK
674,1712606982.337066,49741732.19608146,169.7,7.723836538665586e-07,170.0,BID
675,1712606983.0771549,49742207.19608146,169.7,5.3953269939208174e-08,170.0,BID
676,1712606983.587127,49742242.4901991,169.6,-4.008911697124368e-09,170.0,ASK
677,1712606997.3070965,49742277.80509021,169.9,4.011271269878355e-09,170.0,BID
678,1712607000.6288962,49742277.80509021,169.9,0.0,170.0,BID
679,1712607011.378179,49743681.94308738,169.5,-1.5952363989773854e-07,170.0,ASK
680,1712607011.3831306,49743802.87413532,169.6,-1.3738935192960776e-08,170.0,ASK
681,1712607011.3872268,49746704.79041989,169.5,-3.296857212948148e-07,170.0,ASK
682,1712607017.582068,49746999.62825171,169.5,-3.3496425711751394e-08,170.0,ASK
683,1712607017.5855916,49758469.70781767,169.5,-1.3031118351424533e-06,170.0,ASK
684,1712607023.1564927,49758505.02270878,169.6,-4.012112757730824e-09,170.0,ASK
685,1712607030.4929404,49758505.02270878,169.6,-0.0,170.0,ASK
686,1712607032.4465652,49758540.35839782,169.8,4.013221525344338e-09,170.0,BID
687,1712607053.686303,49758575.69408686,169.6,-4.013221525344338e-09,170.0,ASK
688,1712607060.7607577,49758575.69408686,169.6,-0.0,170.0,ASK
689,1712607071.075954,49758611.0297759,169.8,4.01321605983956e-09,170.0,BID
690,1712607072.8103127,49763793.48902767,169.6,-5.885927021796183e-07,170.0,ASK
691,1712607085.105909,49763828.82471671,169.6,-4.013216058993368e-09,170.0,ASK
692,1712607090.740026,49763828.82471671,169.6,-0.0,170.0,ASK
693,1712607094.2553444,49763876.14743893,169.8,5.374087749222132e-09,170.0,BID
694,1712607094.2652202,49767570.82471671,169.9,4.195768748043352e-07,170.0,BID
695,1712607097.0453668,49767606.13960782,169.9,4.0104481476631095e-09,170.0,BID
696,1712607107.7285166,49767635.56868374,169.9,3.342040123475644e-09,170.0,BID
697,1712607119.205183,49767670.88357485,169.6,-4.0104481476631095e-09,170.0,ASK
698,1712607120.4833877,49767670.88357485,169.6,-0.0,170.0,ASK
699,1712607126.5148106,49770549.88357485,169.9,3.269222707703787e-07,170.0,BID
700,1712607136.465114,49770585.19846596,169.9,4.010150883234961e-09,170.0,BID
701,1712607147.264927,49770620.51335707,169.7,-4.010150884081004e-09,170.0,ASK
702,1712607150.56878,49770620.51335707,169.7,-0.0,170.0,ASK
703,1712607159.8849392,49770655.82824818,169.9,4.009922694810498e-09,170.0,BID
704,1712607180.7780008,49770655.82824818,169.9,0.0,170.0,BID
705,1712607183.35457,49770691.14313929,169.7,-4.009919962908704e-09,170.0,ASK
706,1712607188.4641843,49773614.85728979,169.7,-3.319806282934173e-07,170.0,ASK
707,1712607195.0342124,49773650.1721809,169.9,4.009919962908704e-09,170.0,BID
708,1712607199.6446998,49780266.3113674,169.9,7.512465073349876e-07,170.0,BID
709,1712607199.6514614,49784526.51259838,169.9,4.837354845629584e-07,170.0,BID
710,1712607210.7286346,49784526.51259838,169.9,0.0,170.0,BID
711,1712607212.053767,49784630.26962394,170.0,1.1778206874958848e-08,170.0,BID
712,1712607216.9438956,49785460.36046087,170.0,9.422958637604549e-08,170.0,BID
713,1712607219.2138386,49785495.67535198,169.9,-4.008847506715708e-09,170.0,ASK
714,1712607235.273906,49785530.96946962,170.0,4.006489361396656e-09,170.0,BID
715,1712607235.2955563,49794060.08923048,169.9,-9.682017816173211e-07,170.0,ASK
716,1712607235.3013427,49794061.56068427,169.9,-1.670353124626578e-10,170.0,ASK
717,1712607235.393433,49802287.48792698,169.9,-9.33784216326689e-07,170.0,ASK
718,1712607235.4735043,49808418.85036251,169.9,-6.960150871680441e-07,170.0,ASK
719,1712607238.9837475,49808477.63931019,170.0,6.673556648078025e-09,170.0,BID
720,1712607240.5363429,49808477.63931019,170.0,0.0,170.0,BID
721,1712607244.4236417,49808536.39371677,170.0,6.666556044911378e-09,170.0,BID
722,1712607250.0872624,49808571.68783441,169.9,-4.004639431028237e-09,170.0,ASK
723,1712607258.733411,49809167.68783441,170.0,6.762501119700198e-08,170.0,BID
724,1712607258.83504,49815642.08453836,169.9,-7.346160228163138e-07,170.0,ASK
725,1712607259.2950618,49816227.08453836,170.0,6.63768985742385e-08,170.0,BID
726,1712607261.8234563,49816262.378656,170.0,4.004639430182859e-09,170.0,BID
727,1712607267.3431897,49816749.378656,170.0,5.5257349753254964e-08,170.0,BID
728,1712607270.5886538,49816749.378656,170.0,0.0,170.0,BID
729,1712607272.823398,49826348.79535136,169.9,-1.0890220637350856e-06,170.0,ASK
730,1712607272.8314235,49826791.66940953,169.9,-5.02425966184112e-08,170.0,ASK
731,1712607276.2732508,49832143.66940953,169.9,6.071666925267566e-07,170.0,BID
732,1712607284.4632492,49832178.96352717,169.7,-4.004000873658132e-09,170.0,ASK
733,1712607284.8270698,49834471.57683486,169.9,2.600893944823846e-07,170.0,BID
734,1712607295.2528815,49834506.8709525,170.0,4.004000873658132e-09,170.0,BID
735,1712607300.5529213,49834506.8709525,170.0,0.0,170.0,BID
736,1712607302.7836356,49850755.40624661,170.0,1.8430253887024088e-06,170.0,BID
737,1712607319.1828594,49850790.70036425,169.7,-4.0033119108519434e-09,170.0,ASK
738,1712607323.4124851,49854525.70036425,170.0,4.236504830869037e-07,170.0,BID
739,1712607330.5181556,49854525.70036425,170.0,0.0,170.0,BID
740,1712607330.6091154,49855968.72281308,169.9,1.6361479618472576e-07,170.0,BID
741,1712607330.742389,49856441.72281308,169.9,5.3630349727480943e-08,170.0,BID
742,1712607334.23235,49857675.72281308,169.9,1.3991511958501368e-07,170.0,BID
743,1712607336.063672,49857711.03770419,169.9,4.0041225392733485e-09,170.0,BID
744,1712607336.0821435,49859103.03770419,169.9,1.5782969729525042e-07,170.0,BID
745,1712607336.5050485,49859582.03770419,169.9,5.4310650146857014e-08,170.0,BID
746,1712607337.0821607,49860076.03770419,169.9,5.6011401195297213e-08,170.0,BID
747,1712607338.0823565,49861467.03770419,169.9,1.577163138920211e-07,170.0,BID
748,1712607343.9453554,49864185.03770419,169.9,3.08176089977364e-07,170.0,BID
749,1712607345.277063,49864696.03770419,169.9,5.7938919050196096e-08,170.0,BID
750,1712607346.8124068,49866087.03770419,169.9,1.577163138920211e-07,170.0,BID
751,1712607348.7424002,49866122.3525953,169.8,-4.004122538428576e-09,170.0,ASK
752,1712607351.3925018,49866654.3525953,169.9,6.031997051801238e-08,170.0,BID
753,1712607360.7656288,49866654.3525953,169.9,0.0,170.0,BID
754,1712607361.0860937,49867754.3525953,169.9,1.246926098698822e-07,170.0,BID
755,1712607366.4027722,49867786.37994299,170.0,3.630521428041334e-09,170.0,BID
756,1712607366.408165,49867789.6486357,169.9,3.705289316462769e-10,170.0,BID
757,1712607380.2125192,49867824.9446761,169.8,-4.001050359687611e-09,170.0,ASK
758,1712607390.761899,49867824.9446761,169.8,-0.0,170.0,ASK
759,1712607420.4934282,49867824.9446761,169.8,-0.0,170.0,ASK
760,1712607432.6315246,49867860.23879374,170.0,4.000742205189582e-09,170.0,BID
761,1712607444.8513172,49867895.53291138,169.8,-4.000742206034137e-09,170.0,ASK
762,1712607450.486062,49867895.53291138,169.8,-0.0,170.0,ASK
763,1712607456.4814897,49867907.41349238,169.8,-1.346713854624718e-09,170.0,ASK
764,1712607456.486698,49868485.34657808,169.7,-6.551114744469709e-08,170.0,ASK
765,1712607457.1216311,49868520.64069572,170.0,4.000736767223732e-09,170.0,BID
766,1712607457.601069,49868594.68775454,170.0,8.393545737942807e-09,170.0,BID
767,1712607480.7467945,49868594.68775454,170.0,0.0,170.0,BID
768,1712607482.1738162,49868629.98187218,169.7,-4.000682945424514e-09,170.0,ASK
769,1712607498.4413147,49868665.27598982,170.0,4.000682946269057e-09,170.0,BID
770,1712607498.8009408,49872572.27598982,170.0,4.428689343800705e-07,170.0,BID
771,1712607510.728324,49872572.27598982,170.0,0.0,170.0,BID
772,1712607511.6506872,49872607.57010746,169.7,-4.000376329576708e-09,170.0,ASK
773,1712607530.1905715,49872642.8642251,170.0,4.000376329576708e-09,170.0,BID
774,1712607535.9669683,49874058.8642251,170.0,1.6049509838845581e-07,170.0,BID
775,1712607540.499619,49874058.8642251,170.0,0.0,170.0,BID
776,1712607545.938723,49874094.15834274,169.7,-4.0002617505455795e-09,170.0,ASK
777,1712607549.2804615,49874239.45246038,170.0,1.6467744206497084e-08,170.0,BID
778,1712607553.2414207,49900145.2552857,170.0,2.9361831113995007e-06,170.0,BID
779,1712607553.248648,49900486.35531881,170.0,3.866053344310793e-08,170.0,BID
780,1712607553.255437,49919956.86218181,170.0,2.206801843085871e-06,170.0,BID
781,1712607553.2594063,50114078.10540155,170.0,2.2001847221213983e-05,170.0,BID
782,1712607563.4104393,50114113.39951919,170.0,4.000261749701126e-09,170.0,BID
783,1712607570.5286777,50114113.39951919,170.0,0.0,170.0,BID
784,1712607574.570411,50114148.69363683,169.7,-3.981844317462732e-09,170.0,ASK
785,1712607580.2501175,50114266.54867513,170.0,1.3296278415759374e-08,170.0,BID
786,1712607584.2805176,50115423.54867513,170.0,1.3053149317090465e-07,170.0,BID
787,1712607594.3002608,50115458.84279277,170.0,3.981844318303298e-09,170.0,BID
788,1712607600.532401,50115458.84279277,170.0,0.0,170.0,BID
789,1712607606.1401987,50115635.313381,170.0,2.008142911907976e-08,170.0,BID
790,1712607609.430159,50115670.313381,170.0,3.982816775412741e-09,170.0,BID
791,1712607609.969929,50115705.60749864,169.7,-4.016285822798546e-09,170.0,ASK
792,1712607613.9999688,50115823.25455746,170.0,1.3387619413002449e-08,170.0,BID
793,1712607614.1102915,50115882.07808687,170.0,6.693809706077305e-09,170.0,BID
794,1712607627.949756,50115917.37220451,170.0,4.016285823646383e-09,170.0,BID
795,1712607630.45266,50115917.37220451,170.0,0.0,170.0,BID
796,1712607640.9799745,50115952.66632215,169.7,-4.0162502022857405e-09,170.0,ASK
797,1712607660.5654671,50115952.66632215,169.7,-0.0,170.0,ASK
798,1712607690.5279012,50115952.66632215,169.7,-0.0,170.0,ASK
799,1712607696.4498303,50116236.23630186,170.0,3.226847102054793e-08,170.0,BID
800,1712607717.739636,50116339.99332742,170.0,1.1806893577693232e-08,170.0,BID
801,1712607717.7472205,50138236.56478179,170.0,2.4916914059153265e-06,170.0,BID
802,1712607717.8791656,50144803.62907606,170.0,-7.472904010668184e-07,170.0,ASK
803,1712607720.738994,50144803.62907606,170.0,-0.0,170.0,ASK
804,1712607725.3692467,50144838.90244466,170.1,4.011647375899731e-09,170.1,BID
805,1712607731.949126,50144885.54675757,170.1,5.304867182567602e-09,170.1,BID
806,1712607731.9589784,50147835.73372038,170.1,3.355253625747935e-07,170.1,BID
807,1712607736.2492125,50147871.00708898,169.7,-4.0116473767470885e-09,170.1,ASK
808,1712607747.6493168,50148871.00708898,170.1,1.1373020313794009e-07,170.1,BID
809,1712607747.655805,50149160.77193318,170.1,3.2955014593270754e-08,170.1,BID
810,1712607749.8288226,50149196.04530178,170.1,4.011647375899731e-09,170.1,BID
811,1712607750.7465703,50149196.04530178,170.1,0.0,170.1,BID
1012,1712607774.2187295,50149231.31867038,169.8,-4.01130652749596e-09,170.1,ASK
812,1712607774.2187295,50149231.31867038,169.8,-4.0113065274959604e-09,170.1,ASK
813,1712607780.4940314,50149231.31867038,169.8,-0.0,170.1,ASK
814,1712607785.099046,50149266.59203898,170.1,4.01130379616461e-09,170.1,BID
815,1712607802.8790643,50149325.97446178,169.8,-6.752996592515073e-09,170.1,ASK
816,1712607805.9087348,50149361.24783038,169.8,-4.01130379616461e-09,170.1,ASK
817,1712607810.5513103,50149361.24783038,169.8,-0.0,170.1,ASK
818,1712607823.8483925,50149396.52119898,170.1,4.011293726565006e-09,170.1,BID
819,1712607836.693917,50149431.79456758,169.8,-4.011293726565006e-09,170.1,ASK
820,1712607840.7251115,50149431.79456758,169.8,-0.0,170.1,ASK
821,1712607848.9482214,50149467.06793618,170.1,4.0112882582664886e-09,170.1,BID
822,1712607870.212027,50149502.34130478,169.8,-4.011288257419208e-09,170.1,ASK
823,1712607870.7239552,50149502.34130478,169.8,-0.0,170.1,ASK
824,1712607887.8084152,50149537.61467338,170.1,4.011282789135602e-09,170.1,BID
825,1712607900.5775745,50149537.61467338,170.1,0.0,170.1,BID
826,1712607902.198327,50149572.88804198,169.8,-4.011851798681177e-09,170.1,ASK
827,1712607930.5306802,50149572.88804198,169.8,-0.0,170.1,ASK
828,1712607936.2589192,50155455.24098316,170.0,6.690348296793959e-07,170.1,BID
829,1712607936.2689843,50170235.64638856,170.0,1.6810630222088887e-06,170.1,BID
830,1712607936.3579054,50178693.7805369,170.0,-9.619936776872606e-07,170.1,ASK
831,1712607960.7131922,50178693.7805369,170.0,-0.0,170.1,ASK
832,1712607975.7979033,50178729.0539055,170.1,4.009591443851202e-09,170.1,BID
833,1712607990.7346833,50178729.0539055,170.1,0.0,170.1,BID
1034,1712607996.548189,50178759.0539055,170.0,-3.4101551973768604e-09,170.1,ASK
834,1712607996.548189,50178759.0539055,170.0,-3.41015519737686e-09,170.1,ASK
835,1712607996.5574636,50178764.3272741,169.7,-5.994335109615988e-10,170.1,ASK
836,1712608007.298022,50178799.6006427,170.1,4.009588709185382e-09,170.1,BID
837,1712608016.237687,50180983.35564388,169.8,-2.482314489023754e-07,170.1,ASK
838,1712608020.5014193,50180983.35564388,169.8,-0.0,170.1,ASK
839,1712608021.937378,50202267.08732935,169.7,-2.419255671381665e-06,170.1,ASK
840,1712608030.117759,50202302.36069795,169.7,-4.009414245969416e-09,170.1,ASK
841,1712608041.8176346,50202337.69638699,169.8,4.016498017772388e-09,170.1,BID
842,1712608048.0974598,50206700.48348946,169.8,4.959044587037428e-07,170.1,BID
843,1712608049.727142,50213085.6029951,169.7,-7.257767014140761e-07,170.1,ASK
844,1712608050.4971328,50213085.6029951,169.7,-0.0,170.1,ASK
845,1712608055.147824,50215943.37980898,169.7,-3.2463357515974386e-07,170.1,ASK
846,1712608055.1567352,50218832.21055017,169.7,-3.281611940403971e-07,170.1,ASK
847,1712608057.537418,50222103.75501424,169.8,3.716361510487001e-07,170.1,BID
848,1712608064.7974205,50222139.09070328,169.7,-4.014012223571277e-09,170.1,ASK
849,1712608072.8473911,50224382.70333518,169.7,-2.548666454393819e-07,170.1,ASK
850,1712608072.856129,50227311.03750285,169.7,-3.326486468415068e-07,170.1,ASK
851,1712608080.7557375,50227311.03750285,169.7,-0.0,170.1,ASK
852,1712608082.2574897,50227346.37319189,169.8,4.012911620749025e-09,170.1,BID
853,1712608087.9771976,50227523.15574935,169.7,-2.007638165069958e-08,170.1,ASK
854,1712608095.0914311,50227524.19157767,169.7,-1.1763425656691174e-10,170.1,ASK
855,1712608095.1003206,50227558.49143839,169.7,-3.8952773633359855e-09,170.1,ASK
856,1712608099.4376867,50227796.81736702,169.7,-2.7065579145427355e-08,170.1,ASK
857,1712608099.4464052,50228908.31634265,169.6,-1.2622782451002062e-07,170.1,ASK
858,1712608105.577295,50232508.37184606,169.6,-4.08841739193488e-07,170.1,ASK
859,1712608105.584512,50252182.07694072,169.6,-2.2342521662995763e-06,170.1,ASK
860,1712608107.2468204,50252217.41262976,169.8,4.012911619902897e-09,170.1,BID
861,1712608107.827068,50252466.44633226,169.6,-2.828161175616437e-08,170.1,ASK
862,1712608110.7238152,50252466.44633226,169.6,-0.0,170.1,ASK
863,1712608116.4176395,50264071.6992802,169.4,-1.317316917177122e-06,170.1,ASK
864,1712608116.4264865,50264103.3266313,169.4,-3.5900333093535405e-09,170.1,ASK
1064,1712608116.4264865,50264103.3266313,169.4,-3.59003330935354e-09,170.1,ASK
865,1712608118.9272404,50264162.28889545,169.6,6.6928302544358475e-09,170.1,BID
866,1712608119.5101814,50264221.70660192,169.4,-6.744527694504582e-09,170.1,ASK
867,1712608126.8969903,50265113.70660192,169.6,1.0125127779575252e-07,170.1,BID
868,1712608130.1073954,50265140.08734853,169.4,-2.9944891295014704e-09,170.1,ASK
1068,1712608130.1073954,50265140.08734853,169.4,-2.99448912950147e-09,170.1,ASK
869,1712608130.1170175,50265149.04229096,169.4,-1.0164791077733263e-09,170.1,ASK
870,1712608140.588647,50265149.04229096,169.4,-0.0,170.1,ASK
871,1712608149.1770463,50265303.02103948,169.4,-1.7473927774698363e-08,170.1,ASK
872,1712608149.183319,50270982.70434243,169.4,-6.445459310194834e-07,170.1,ASK
873,1712608149.257192,50270982.704343,169.4,6.425892563035461e-17,170.1,BID
874,1712608149.265803,50276785.92259,169.4,6.585650129434256e-07,170.1,BID
875,1712608170.5658498,50276785.92259,169.4,0.0,170.1,BID
876,1712608173.6193175,50276821.27910149,169.7,4.011455833483381e-09,170.1,BID
877,1712608185.5778887,50276880.20662064,169.6,6.6857597227540775e-09,170.1,BID
1077,1712608185.5778887,50276880.20662064,169.6,6.685759722754077e-09,170.1,BID
878,1712608196.496786,50276915.56313213,169.4,-4.011455833483381e-09,170.1,ASK
879,1712608200.8556511,50276915.56313213,169.4,-0.0,170.1,ASK
880,1712608213.75688,50276950.96136221,169.5,4.018395495290938e-09,170.1,BID
881,1712608224.5365517,50276986.35959229,169.4,-4.018395494445151e-09,170.1,ASK
882,1712608230.753023,50276986.35959229,169.4,-0.0,170.1,ASK
883,1712608243.906631,50277000.96539556,169.5,1.6580437500179607e-09,170.1,BID
884,1712608243.9158387,50277021.74556269,169.6,2.3589545594142507e-09,170.1,BID
885,1712608254.45924,50278121.28315943,169.6,1.2481897818500597e-07,170.1,BID
886,1712608257.186349,50278156.66912983,169.6,-4.016998310277998e-09,170.1,ASK
887,1712608260.5128858,50278156.66912983,169.6,-0.0,170.1,ASK
888,1712608263.7866812,50278192.06735991,169.6,-4.01829948295073e-09,170.1,ASK
889,1712608269.5063531,50278227.4238714,169.7,4.013563715729183e-09,170.1,BID
890,1712608281.1862037,50278277.4238714,169.7,5.6758480216977475e-09,170.1,BID
891,1712608290.5823605,50278277.4238714,169.7,0.0,170.1,BID
892,1712608290.8464153,50278312.78038289,169.6,-4.01355438101739e-09,170.1,ASK
893,1712608293.1861537,50278362.78038289,169.7,5.675834820859487e-09,170.1,BID
894,1712608304.3700542,50278762.78038289,169.7,4.540667856687589e-08,170.1,BID
1094,1712608304.3700542,50278762.78038289,169.7,4.5406678566875894e-08,170.1,BID
895,1712608304.3758943,50282392.06735991,169.7,4.119846679815673e-07,170.1,BID
896,1712608308.666207,50282427.40304895,169.8,4.011190685223207e-09,170.1,BID
897,1712608313.296177,50282486.33056811,169.7,-6.689257303669103e-09,170.1,ASK
898,1712608320.7312791,50282486.33056811,169.7,-0.0,170.1,ASK
899,1712608322.1265118,50282521.66625715,169.7,-4.0108654863887915e-09,170.1,ASK
900,1712608333.3757153,50282571.66625715,169.8,5.675374664508683e-09,170.1,BID
901,1712608341.5160148,50282607.00194619,169.8,4.0108654863887915e-09,170.1,BID
902,1712608350.75622,50282607.00194619,169.8,0.0,170.1,BID
903,1712608353.276132,50282657.00194619,169.8,5.675361467207856e-09,170.1,BID
904,1712608355.8863091,50282692.33763523,169.7,-4.010856159674426e-09,170.1,ASK
1104,1712608355.8863091,50282692.33763523,169.7,-4.0108561596744265e-09,170.1,ASK
905,1712608374.268346,50282742.33763523,169.8,5.675361467207856e-09,170.1,BID
906,1712608375.2057672,50282777.67332427,169.8,4.010856160520122e-09,170.1,BID
907,1712608380.48711,50282777.67332427,169.8,0.0,170.1,BID
908,1712608386.6057928,50282827.67332427,169.8,5.675342800787335e-09,170.1,BID
909,1712608388.2159915,50282863.00901331,169.7,-4.010842967857807e-09,170.1,ASK
910,1712608401.7157404,50282913.00901331,169.8,5.675342800787335e-09,170.1,BID
911,1712608410.5495296,50282913.00901331,169.8,0.0,170.1,BID
912,1712608411.0157297,50282963.00901331,169.8,5.675327999608717e-09,170.1,BID
913,1712608424.257183,50283163.00901331,169.7,-2.2701311998434868e-08,170.1,ASK
914,1712608437.985608,50283213.00901331,169.8,5.675327999608717e-09,170.1,BID
915,1712608440.523692,50283213.00901331,169.8,0.0,170.1,BID
916,1712608442.545419,50283248.34470235,169.8,4.01080932616952e-09,170.1,BID
917,1712608458.5761423,50283283.68039139,169.7,-4.010809327015205e-09,170.1,ASK
918,1712608470.5841196,50283283.68039139,169.7,-0.0,170.1,ASK
919,1712608470.597072,50283383.68039139,169.8,1.135057493986207e-08,170.1,BID
920,1712608470.7753203,50283419.01608043,169.8,4.010803864779159e-09,170.1,BID
921,1712608482.1357234,50283519.01608043,169.8,1.135057493986207e-08,170.1,BID
922,1712608494.1753962,50283554.35176947,169.7,-4.010803864779159e-09,170.1,ASK
923,1712608496.845405,50283654.35176947,169.8,1.135057493986207e-08,170.1,BID
924,1712608500.5537794,50283654.35176947,169.8,0.0,170.1,BID
925,1712608505.575618,50284682.14270475,169.8,1.1677518281498017e-07,170.1,BID
926,1712608505.5825057,50284782.14270475,169.8,1.1361764227216248e-08,170.1,BID
927,1712608511.6572027,50284817.45759586,169.9,4.012394665565234e-09,170.1,BID
1127,1712608511.6572027,50284817.45759586,169.9,4.0123946655652345e-09,170.1,BID
928,1712608524.0054064,50284867.45759586,169.9,5.680882113608124e-09,170.1,BID
929,1712608525.185464,50284902.77248697,169.8,-4.012394664718717e-09,170.1,ASK
930,1712608530.5061762,50284902.77248697,169.8,-0.0,170.1,ASK
931,1712608539.295359,50284952.77248697,169.9,5.680745288052254e-09,170.1,BID
932,1712608547.3059237,50285002.77248697,169.9,5.680745288052254e-09,170.1,BID
933,1712608555.8585472,50285102.77248697,169.9,1.1361490576104508e-08,170.1,BID
934,1712608560.7249813,50285102.77248697,169.9,0.0,170.1,BID
935,1712608561.5754912,50290223.17575294,169.9,5.817518885900876e-07,170.1,BID
936,1712608561.5847907,50291078.30692853,169.9,9.715527284728033e-08,170.1,BID
937,1712608561.6551034,50299542.90380447,169.9,-9.6170066359077e-07,170.1,ASK
938,1712608574.295524,50300272.56843363,169.4,-8.290045803012094e-08,170.1,ASK
939,1712608574.3049626,50300322.56843363,169.8,-5.68072335685569e-09,170.1,ASK
940,1712608574.3126795,50300962.37213389,169.9,-7.269095647748655e-08,170.1,ASK
941,1712608585.3152256,50301012.37213389,169.9,5.68072335685569e-09,170.1,BID
942,1712608590.716209,50301012.37213389,169.9,0.0,170.1,BID
943,1712608603.7850037,50301047.687025,169.9,4.0110508925323904e-09,170.1,BID
944,1712608608.7554388,50301470.04006971,169.9,4.7970686116902894e-08,170.1,BID
945,1712608608.7629273,50302224.85006208,169.9,8.573101029125283e-08,170.1,BID
946,1712608615.5654006,50302864.33608716,169.9,7.26325612421966e-08,170.1,BID
947,1712608620.4709518,50302864.33608716,169.9,0.0,170.1,BID
948,1712608628.10495,50302899.65097827,169.3,-4.010907551204028e-09,170.1,ASK
949,1712608639.5447834,50302934.98666731,169.8,4.013269688092827e-09,170.1,BID
950,1712608650.4881442,50302934.98666731,169.8,0.0,170.1,BID
951,1712608661.2047846,50302970.32235635,169.3,-4.013264227201278e-09,170.1,ASK
952,1712608672.4649456,50303005.65804539,169.8,4.013264227201278e-09,170.1,BID
953,1712608680.7800772,50303005.65804539,169.8,0.0,170.1,BID
954,1712608698.0152586,50303040.99373443,169.3,-4.013258765565853e-09,170.1,ASK
955,1712608708.4508224,50303076.32942347,169.8,4.013258766412055e-09,170.1,BID
956,1712608710.7357614,50303076.32942347,169.8,0.0,170.1,BID
957,1712608733.1562483,50303111.66511251,169.3,-4.013253303945295e-09,170.1,ASK
958,1712608740.5279424,50303111.66511251,169.3,-0.0,170.1,ASK
959,1712608743.1328735,50303147.00080155,169.8,4.0132505771671364e-09,170.1,BID
1159,1712608743.1328735,50303147.00080155,169.8,4.013250577167136e-09,170.1,BID
960,1712608764.2958498,50303182.33649059,169.4,-4.0132505771671364e-09,170.1,ASK
1160,1712608764.2958498,50303182.33649059,169.4,-4.013250577167136e-09,170.1,ASK
961,1712608766.5061705,50304554.27124498,169.8,1.5581747787570597e-07,170.1,BID
962,1712608766.5098977,50304882.33649059,169.8,3.7260007434961096e-08,170.1,BID
963,1712608770.4682124,50304882.33649059,169.8,0.0,170.1,BID
964,1712608781.546019,50304917.69300208,169.7,4.015478375722337e-09,170.1,BID
965,1712608788.129099,50321736.06906897,169.7,1.9100816951065003e-06,170.1,BID
966,1712608793.4299846,50323128.06906897,169.8,1.580909898205506e-07,170.1,BID
967,1712608794.8699071,50324520.06906897,169.8,1.580909898205506e-07,170.1,BID
968,1712608794.886014,50324555.42558046,169.4,-4.015478374876166e-09,170.1,ASK
969,1712608800.554098,50324555.42558046,169.4,-0.0,170.1,ASK
970,1712608806.246232,50324590.7612695,169.8,4.012691106087703e-09,170.1,BID
971,1712608829.2675748,50325610.7612695,169.7,1.1583034146979477e-07,170.1,BID
972,1712608829.7560415,50325646.09695854,169.4,-4.012691105241621e-09,170.1,ASK
973,1712608830.4822383,50325646.09695854,169.4,-0.0,170.1,ASK
974,1712608845.666692,50327344.49717773,169.7,1.928648458141931e-07,170.1,BID
975,1712608846.7262385,50327379.85368922,169.7,4.014971301327804e-09,170.1,BID
976,1712608858.176921,50327415.21020071,169.4,-4.014971300481741e-09,170.1,ASK
977,1712608860.7414365,50327415.21020071,169.4,-0.0,170.1,ASK
978,1712608871.2405407,50327450.5667122,169.7,4.0148344322020255e-09,170.1,BID
979,1712608890.6974373,50327450.5667122,169.7,0.0,170.1,BID
980,1712608899.3972175,50327485.92322369,169.4,-4.014831696827319e-09,170.1,ASK
981,1712608916.816924,50327521.27973518,169.7,4.014831696827319e-09,170.1,BID
982,1712608917.085121,50329891.27973518,169.7,2.691201909034585e-07,170.1,BID
983,1712608920.566371,50329891.27973518,169.7,0.0,170.1,BID
984,1712608921.4069269,50330415.27973518,169.7,5.949888103963194e-08,170.1,BID
1184,1712608921.4069269,50330415.27973518,169.7,5.9498881039631944e-08,170.1,BID
985,1712608922.3992684,50336606.27973518,169.7,7.02972466634277e-07,170.1,BID
986,1712608925.1869495,50337210.27973518,169.7,6.85826796716368e-08,170.1,BID
987,1712608926.4130104,50337705.27973518,169.7,5.620600403553014e-08,170.1,BID
988,1712608927.3895388,50337740.63624667,169.4,-4.014642883652717e-09,170.1,ASK
989,1712608940.347021,50337775.99275816,169.7,4.0146428844987125e-09,170.1,BID
990,1712608944.4072812,50377563.89533412,169.4,-4.517816187372516e-06,170.1,ASK
991,1712608944.5268934,50412422.07157942,169.4,3.958058171140733e-06,170.1,BID
992,1712608944.6269355,50416272.07157942,169.3,-4.371578091652344e-07,170.1,ASK
993,1712608945.206979,50417208.11754288,169.7,1.062856630294997e-07,170.1,BID
994,1712608950.5530088,50417208.11754288,169.7,0.0,170.1,BID
995,1712608962.9374683,50417243.47405437,169.3,-4.007910435769122e-09,170.1,ASK
996,1712608980.0980556,50417278.83056586,169.7,4.007910436613697e-09,170.1,BID
997,1712608980.7639472,50417278.83056586,169.7,0.0,170.1,BID
998,1712608993.527583,50417314.18707735,169.3,-4.007904990302205e-09,170.1,ASK
999,1712609005.9681945,50417349.54358884,169.7,4.007904990302205e-09,170.1,BID
1000,1712609010.743889,50417349.54358884,169.7,0.0,170.1,BID
1201,1712609029.774773,50417384.90010033,169.3,-4.0078995448500865e-09,170.1,ASK
1202,1712609040.2693362,50417420.25661182,169.7,4.0078995448500865e-09,170.1,BID
1203,1712609040.508376,50417420.25661182,169.7,0.0,170.1,BID
1204,1712609049.5984251,50418553.25661182,169.7,1.2843303322230585e-07,170.1,BID
1205,1712609062.2176435,50418588.61312331,169.3,-4.007894100257337e-09,170.1,ASK
1206,1712609070.5626895,50418588.61312331,169.3,-0.0,170.1,ASK
1207,1712609082.0685718,50419850.02299964,169.7,1.4298592741167133e-07,170.1,BID
1208,1712609082.0717962,50421484.81381495,169.7,1.8531017176844774e-07,170.1,BID
1209,1712609100.5940804,50421484.81381495,169.7,0.0,170.1,BID
1210,1712609104.9084408,50421520.17032644,169.7,4.014189927615339e-09,170.1,BID
1211,1712609130.5148127,50421520.17032644,169.7,0.0,170.1,BID
1212,1712609131.337959,50421555.52683793,169.3,-4.014187193118787e-09,170.1,ASK
1213,1712609146.9481382,50421590.88334942,169.7,4.014187193118787e-09,170.1,BID
1214,1712609149.7584176,50422621.13143427,169.7,1.169687984992797e-07,170.1,BID
1215,1712609158.3484895,50422656.48794576,169.3,-4.014187193118787e-09,170.1,ASK
1216,1712609160.5337043,50422656.48794576,169.3,-0.0,170.1,ASK
1217,1712609177.5782957,50422691.86530425,169.6,4.016466128320327e-09,170.1,BID
1218,1712609189.1582718,50422727.24266274,169.3,-4.016466129166208e-09,170.1,ASK
1219,1712609190.4950497,50422727.24266274,169.3,-0.0,170.1,ASK
1220,1712609202.5885055,50422762.62002123,169.6,4.016460661192916e-09,170.1,BID
1221,1712609220.759314,50422762.62002123,169.6,0.0,170.1,BID
1222,1712609226.0316248,50422811.86530425,169.6,5.590909431757173e-09,170.1,BID
1223,1712609226.1481314,50423333.86530425,169.7,5.9263639981193776e-08,170.1,BID
1224,1712609228.728297,50423369.24266274,169.6,-4.016457926060878e-09,170.1,ASK
1225,1712609246.7185247,50423404.59917423,169.7,4.0140911261470796e-09,170.1,BID
1226,1712609250.7646537,50423404.59917423,169.7,0.0,170.1,BID
1227,1712609256.6150682,50423408.68217989,169.6,-4.635455647992449e-10,170.1,ASK
1228,1712609256.617757,50423439.95568572,169.6,-3.5504959171259433e-09,170.1,ASK
1229,1712609280.5088518,50423439.95568572,169.6,-0.0,170.1,ASK
1230,1712609296.7685676,50423734.29879112,169.7,3.3416889305459366e-08,170.1,BID
1231,1712609310.543728,50423734.29879112,169.7,0.0,170.1,BID
1232,1712609310.6985753,50423769.65530261,169.7,4.014015986375164e-09,170.1,BID
1233,1712609324.908427,50423805.0118141,169.6,-4.014015987221026e-09,170.1,ASK
1234,1712609337.6887844,50423840.36832559,169.7,4.014015986375164e-09,170.1,BID
1235,1712609340.7974267,50423840.36832559,169.7,0.0,170.1,BID
1236,1712609344.251721,50426711.27368562,169.6,-3.259325080617512e-07,170.1,ASK
1237,1712609344.2530837,50432040.03477051,169.6,-6.04971689224765e-07,170.1,ASK
1238,1712609362.9987514,50432071.64747051,169.4,-3.588974663252154e-09,170.1,ASK
1239,1712609363.0081792,50432075.391282,169.4,-4.2503312196667745e-10,170.1,ASK
1240,1712609367.7594066,50432189.71122493,169.4,-1.2978688269930024e-08,170.1,ASK
1241,1712609367.7627933,50432830.61146105,169.4,-7.2761096302619e-08,170.1,ASK
1242,1712609367.8385706,50445263.45221505,169.4,1.4114944455168676e-06,170.1,BID
1243,1712609367.8583531,50445263.45221521,169.4,1.7763077647883056e-17,170.1,BID
1244,1712609370.769832,50445263.45221521,169.4,0.0,170.1,BID
1245,1712609379.2785518,50445298.8087267,169.7,4.0123539218077335e-09,170.1,BID
1246,1712609394.148473,50445334.16523819,169.4,-4.0123539218077335e-09,170.1,ASK
1247,1712609400.5722756,50445334.16523819,169.4,-0.0,170.1,ASK
1248,1712609405.6283278,50445369.52174968,169.7,4.014710955521418e-09,170.1,BID
1249,1712609423.172695,50445959.49225115,169.5,-6.699080128263913e-08,170.1,ASK
1250,1712609423.248378,50454126.54806667,169.5,9.273643543882204e-07,170.1,BID
1251,1712609425.7987175,50454161.90457816,169.4,-4.014710954675409e-09,170.1,ASK
1252,1712609425.9384246,50454198.67674697,169.5,4.175458006287756e-09,170.1,BID
1253,1712609430.5501244,50454198.67674697,169.5,0.0,170.1,BID
1254,1712609432.398548,50457638.32214157,169.5,3.9050307425207673e-07,170.1,BID
1255,1712609437.4784534,50457673.72037165,169.5,4.018762425159855e-09,170.1,BID
1256,1712609459.679086,50457709.11860173,169.4,-4.0187624260057195e-09,170.1,ASK
1257,1712609460.723923,50457709.11860173,169.4,-0.0,170.1,ASK
1258,1712609471.4187012,50457744.51683181,169.5,4.018490967135109e-09,170.1,BID
1259,1712609490.7269206,50457744.51683181,169.5,0.0,170.1,BID
1260,1712609491.788579,50460956.51559752,169.5,3.646334635139277e-07,170.1,BID
1261,1712609493.4587152,50460991.9138276,169.4,-4.018488230005267e-09,170.1,ASK
1262,1712609520.51187,50460991.9138276,169.4,-0.0,170.1,ASK
1263,1712609523.1920805,50464258.9138276,169.4,-3.7085415649107387e-07,170.1,ASK
1264,1712609525.668856,50464378.66619621,169.5,1.3593714003728769e-08,170.1,BID
1265,1712609538.1388717,50464414.06442629,169.5,4.018237146021178e-09,170.1,BID
1266,1712609550.5556393,50464414.06442629,169.5,0.0,170.1,BID
1267,1712609558.049884,50464449.46265637,169.4,-4.017972732439478e-09,170.1,ASK
1268,1712609580.7161868,50464449.46265637,169.4,-0.0,170.1,ASK
1269,1712609585.0193336,50466566.04431519,169.4,-2.402482153106078e-07,170.1,ASK
1270,1712609585.218665,50469566.04431519,169.4,-3.405229573492479e-07,170.1,ASK
1271,1712609587.1486392,50470053.78330282,169.5,5.53621074943365e-08,170.1,BID
1272,1712609605.5290227,50470089.1815329,169.5,4.017969996784276e-09,170.1,BID
1273,1712609609.8201149,50470667.1815329,169.5,6.560742311595509e-08,170.1,BID
1274,1712609610.7661958,50470667.1815329,169.5,0.0,170.1,BID
1275,1712609625.118925,50480886.18412599,169.5,1.159796320172555e-06,170.1,BID
1276,1712609627.1288123,50480921.58235607,169.4,-4.017489634357052e-09,170.1,ASK
1277,1712609639.2134197,50480956.98058615,169.5,4.017489633511455e-09,170.1,BID
1278,1712609640.521036,50480956.98058615,169.5,0.0,170.1,BID
1279,1712609642.9786546,50483073.56224498,169.4,-2.401719514255556e-07,170.1,ASK
1280,1712609649.9302547,50483368.72163104,169.4,-3.3492213936581824e-08,170.1,ASK
1281,1712609649.932099,50486129.22791448,169.4,-3.132391222655943e-07,170.1,ASK
1282,1712609662.3887582,50486164.62614456,169.3,-4.016694540863091e-09,170.1,ASK
1283,1712609666.278654,50486194.62614456,169.4,3.404148624598888e-09,170.1,BID
1284,1712609670.5326574,50486194.62614456,169.4,0.0,170.1,BID
1285,1712609679.5188334,50486230.04527088,169.4,4.01866108086502e-09,170.1,BID
1286,1712609679.698434,50486706.04527088,169.4,5.400705418237196e-08,170.1,BID
1287,1712609694.088969,50486741.4643972,169.3,-4.0186610800196754e-09,170.1,ASK
1288,1712609700.7847989,50486741.4643972,169.3,-0.0,170.1,ASK
1289,1712609710.018741,50486776.88352352,169.4,4.019244205145832e-09,170.1,BID
1290,1712609721.2188897,50491858.58092457,169.3,-5.766540554599563e-07,170.1,ASK
1291,1712609721.2221518,50504681.44575034,169.3,-1.455095890373417e-06,170.1,ASK
1292,1712609723.6687338,50504716.86487666,169.1,-4.019244205145832e-09,170.1,ASK
1293,1712609730.747481,50504716.86487666,169.1,-0.0,170.1,ASK
1294,1712609733.059415,50505308.23093224,169.1,-6.708307948221808e-08,170.1,ASK
1295,1712609733.06346,50511714.99284431,169.1,-7.267669737072959e-07,170.1,ASK
1296,1712609733.1733496,50520240.36835331,169.1,9.67097176924383e-07,170.1,BID
1297,1712609733.183462,50528526.44041438,169.1,9.399511950644686e-07,170.1,BID
1298,1712609741.6887252,50528561.88046163,169.3,4.020229914308658e-09,170.1,BID
1299,1712609750.0587173,50534431.45372527,169.3,6.658296431666262e-07,170.1,BID
1300,1712609756.658991,50534466.89377252,169.3,-4.020229913463483e-09,170.1,ASK
1301,1712609760.5352378,50534466.89377252,169.3,-0.0,170.1,ASK
1302,1712609773.298962,50537463.72504824,169.3,-3.397590728522401e-07,170.1,ASK
1303,1712609776.269029,50537499.14417456,169.4,4.015564579398145e-09,170.1,BID
1304,1712609790.1511045,50537534.56330088,169.3,-4.015564578553452e-09,170.1,ASK
1305,1712609790.4975348,50537534.56330088,169.3,-0.0,170.1,ASK
1306,1712609802.9187517,50537569.9824272,169.4,4.015328151725883e-09,170.1,BID
1307,1712609820.7235088,50537569.9824272,169.4,0.0,170.1,BID
1308,1712609825.8785813,50537605.40155352,169.3,-4.015325419670585e-09,170.1,ASK
1309,1712609831.0587783,50539474.87465047,169.3,-2.119347264643923e-07,170.1,ASK
1310,1712609832.489298,50540257.87465047,169.3,8.876559448338182e-08,170.1,BID
1311,1712609836.258597,50540293.31469772,169.3,4.0176971425213255e-09,170.1,BID
1312,1712609836.3636718,50541624.31469772,169.3,1.5089017401964393e-07,170.1,BID
1313,1712609850.724585,50541624.31469772,169.3,0.0,170.1,BID
1314,1712609858.9785714,50541659.75474497,169.0,-4.017384532710679e-09,170.1,ASK
1315,1712609875.5992036,50541662.93014169,169.3,3.599540816284571e-10,170.1,BID
1316,1712609875.6025543,50541674.22533852,169.4,1.2803918890011731e-09,170.1,BID
1317,1712609875.6058204,50541695.16338567,169.5,2.3734784033223873e-09,170.1,BID
1318,1712609880.5426683,50541695.16338567,169.5,0.0,170.1,BID
1319,1712609891.6391509,50541730.57202637,169.0,-4.013818919690811e-09,170.1,ASK
1320,1712609908.184809,50542200.57202637,169.4,5.3277811706160176e-08,170.1,BID
1321,1712609908.9186184,50542235.99115269,169.4,4.0150075376782306e-09,170.1,BID
1322,1712609910.498179,50542235.99115269,169.4,0.0,170.1,BID
1323,1712609923.5786903,50542271.41027901,169.0,-4.0149658481654356e-09,170.1,ASK
1324,1712609936.6489909,50542306.82940533,169.4,4.0149658473208685e-09,170.1,BID
1325,1712609940.5746138,50542306.82940533,169.4,0.0,170.1,BID
1326,1712609959.788842,50542342.24853165,169.0,-4.014960392336944e-09,170.1,ASK
1327,1712609970.537546,50542342.24853165,169.0,-0.0,170.1,ASK
1328,1712609971.3289034,50542377.66765797,169.4,4.014957668919083e-09,170.1,BID
1329,1712609992.4784598,50542413.08678429,169.0,-4.014957668074517e-09,170.1,ASK
1330,1712610000.6659598,50542413.08678429,169.0,-0.0,170.1,ASK
1331,1712610003.8703322,50542594.90496609,169.0,-2.0664565594321283e-08,170.1,ASK
1332,1712610010.8312905,50542630.32409241,169.4,4.025564725165721e-09,170.1,BID
1333,1712610015.168632,50543652.32409241,169.4,1.161555232139014e-07,170.1,BID
1334,1712610025.348449,50543687.74321873,169.0,-4.025564725165721e-09,170.1,ASK
1335,1712610030.5303235,50543687.74321873,169.0,-0.0,170.1,ASK
1336,1712610037.3387816,50543723.16234505,169.4,4.025465976065524e-09,170.1,BID
1337,1712610045.139197,50544530.41631043,169.4,9.17462882035519e-08,170.1,BID
1338,1712610045.1427794,50544797.16234505,169.4,3.031630641560065e-08,170.1,BID
1339,1712610060.757388,50544797.16234505,169.4,0.0,170.1,BID
1340,1712610062.9985025,50544832.58147137,169.0,-4.0253799958495005e-09,170.1,ASK
1341,1712610071.448963,50544867.58147137,169.0,-3.9777463338357e-09,170.1,ASK
1342,1712610071.4592738,50549827.11964345,169.0,-5.636509937575387e-07,170.1,ASK
1343,1712610071.4628472,50551919.46283871,169.0,-2.377945849734238e-07,170.1,ASK
1344,1712610071.508224,50552681.46283871,169.0,8.660122018236582e-08,170.1,BID
1345,1712610071.5697713,50557439.88312699,169.0,5.407939673301086e-07,170.1,BID
1346,1712610084.4385705,50557723.2367658,168.9,-3.2203111370486195e-08,170.1,ASK
1347,1712610084.4585247,50569095.57689052,168.9,-1.2924652639495146e-06,170.1,ASK
1348,1712610084.538751,50569272.57689052,168.9,2.01160314596834e-08,170.1,BID
1349,1712610084.559102,50574716.66601852,168.9,6.18720159142481e-07,170.1,BID
1350,1712610084.563209,50596232.25873563,168.9,2.4452448585931765e-06,170.1,BID
1351,1712610086.7489607,50596409.25873563,169.0,2.01160314596834e-08,170.1,BID
1352,1712610086.760325,50599232.25873563,169.0,3.208336542976623e-07,170.1,BID
1353,1712610090.7187543,50599232.25873563,169.0,0.0,170.1,BID
1354,1712610097.800643,50604328.19249162,169.4,5.785477061148437e-07,170.1,BID
1355,1712610097.8092198,50607332.25873563,169.4,3.410553821353278e-07,170.1,BID
1356,1712610099.3284988,50607361.77467423,169.4,3.3509812705380702e-09,170.1,BID
1357,1712610106.0084054,50608021.77467423,169.4,7.493062200556952e-08,170.1,BID
1358,1712610106.89863,50608784.77467423,169.4,8.66243402882569e-08,170.1,BID
1359,1712610109.0785098,50608820.19380055,169.4,4.021177524814859e-09,170.1,BID
1360,1712610117.8390975,50615570.19380055,169.4,7.663359068751429e-07,170.1,BID
1361,1712610120.5197732,50615570.19380055,169.4,0.0,170.1,BID
1362,1712610122.24831,50622070.19380055,169.4,7.3772129291493e-07,170.1,BID
1363,1712610124.1586516,50622101.87180055,168.9,-3.595313094422958e-09,170.1,ASK
1364,1712610124.1624134,50622105.61292687,168.9,-4.246013148731032e-10,170.1,ASK
1365,1712610125.35753,50622223.67668129,169.4,1.33997147007541e-08,170.1,BID
1366,1712610135.3450086,50639520.71560035,168.9,-1.963137525379978e-06,170.1,ASK
1367,1712610150.5503025,50639520.71560035,168.9,-0.0,170.1,ASK
1368,1712610174.2894504,50639556.13472667,169.4,4.0180681368019936e-09,170.1,BID
1369,1712610176.0484078,50641036.30050523,168.9,-1.6791512296300745e-07,170.1,ASK
1370,1712610176.052606,50642493.67010402,168.9,-1.65329045522485e-07,170.1,ASK
1371,1712610180.7213042,50642493.67010402,168.9,-0.0,170.1,ASK
1372,1712610186.8094306,50643309.3893148,168.9,-9.253273609039176e-08,170.1,ASK
1373,1712610186.8142424,50643865.0434274,168.9,-6.303173283058948e-08,170.1,ASK
1374,1712610186.9353387,50643925.0434274,168.9,-6.806219704090062e-09,170.1,ASK
1375,1712610189.5387783,50643960.46255372,168.9,-4.017839257329564e-09,170.1,ASK
1376,1712610206.3907828,50644723.46255372,169.3,8.655242723701196e-08,170.1,BID
1377,1712610207.8586376,50644758.90260097,169.3,4.020212465022899e-09,170.1,BID
1378,1712610210.7621737,50644758.90260097,169.3,0.0,170.1,BID
1379,1712610222.5083892,50644794.34264822,169.1,-4.0200378476036365e-09,170.1,ASK
1380,1712610233.174773,50651794.34264822,169.3,7.940244754596469e-07,170.1,BID
1381,1712610239.668323,50651829.78269547,169.3,4.020037846758501e-09,170.1,BID
1382,1712610240.5538197,50651829.78269547,169.3,0.0,170.1,BID
1383,1712610251.728357,50651865.22274272,169.1,-4.019492045060554e-09,170.1,ASK
1384,1712610270.53493,50651865.22274272,169.1,-0.0,170.1,ASK
1385,1712610279.8926709,50655787.82321553,169.2,-4.448879700658945e-07,170.1,ASK
1386,1712610286.239471,50655847.91936937,169.1,-6.815900848473378e-09,170.1,ASK
1387,1712610286.3019502,50656847.91936937,169.2,1.1341659012941325e-07,170.1,BID
1388,1712610286.4982934,50657476.91936937,169.2,7.133903519140093e-08,170.1,BID
1389,1712610286.579214,50658004.52547094,169.2,5.983928497182735e-08,170.1,BID
1390,1712610286.5849087,50664076.91936937,169.3,6.887102098823002e-07,170.1,BID
1391,1712610287.5579867,50667646.91936937,169.3,4.048972267620053e-07,170.1,BID
1392,1712610288.3606102,50669020.91936937,169.3,1.558343948378138e-07,170.1,BID
1393,1712610291.761125,50670394.91936937,169.3,1.558343948378138e-07,170.1,BID
1394,1712610295.1101575,50671767.91936937,169.3,1.557209782476844e-07,170.1,BID
1395,1712610300.7299366,50671767.91936937,169.3,0.0,170.1,BID
1396,1712610302.5831425,50671803.35941662,169.3,4.019271180009887e-09,170.1,BID
1397,1712610316.318863,50671838.79946387,169.1,-4.019271180009887e-09,170.1,ASK
1398,1712610327.5225334,50673212.79946387,169.3,1.558259378860891e-07,170.1,BID
1399,1712610330.770493,50673212.79946387,169.3,0.0,170.1,BID
1400,1712610335.0785656,50673248.23951112,169.3,4.0191596826818505e-09,170.1,BID
1401,1712610337.831394,50676217.36065126,169.1,-3.367199793938839e-07,170.1,ASK
1402,1712610344.191034,50676247.36065126,169.3,3.402218671793228e-09,170.1,BID
1403,1712610348.2682772,50678131.36065126,169.3,2.136593325886147e-07,170.1,BID
1404,1712610350.0088973,50678166.80069851,169.2,-4.0191596826818505e-09,170.1,ASK
1405,1712610352.2382338,50684834.80069851,169.3,7.561998034505747e-07,170.1,BID
1406,1712610360.5098407,50684834.80069851,169.3,0.0,170.1,BID
1407,1712610367.7883475,50684870.24074576,169.3,4.0182633167036605e-09,170.1,BID
1408,1712610369.6982558,50693362.24074576,169.3,9.628399151251053e-07,170.1,BID
1409,1712610376.6328828,50696797.24074576,169.3,3.894671583201527e-07,170.1,BID
1410,1712610379.0733902,50698281.80131583,169.2,-1.6832244150765236e-07,170.1,ASK
1411,1712610380.8410544,50698317.24136308,169.2,-4.0182633167036605e-09,170.1,ASK
1412,1712610381.7244728,50698347.24136308,169.3,3.4014598979925997e-09,170.1,BID
1413,1712610385.068374,50698649.913055,169.2,-3.4317520744606384e-08,170.1,ASK
1414,1712610390.5077007,50698649.913055,169.2,-0.0,170.1,ASK
1415,1712610391.8881965,50698679.913055,169.3,3.4005581776988595e-09,170.1,BID
1416,1712610400.4981394,50698715.35310225,169.3,4.0171980830431365e-09,170.1,BID
1417,1712610406.9508018,50699303.35310225,169.3,6.665094028289766e-08,170.1,BID
1418,1712610414.3682814,50699338.7931495,169.2,-4.0171980830431365e-09,170.1,ASK
1419,1712610420.7289083,50699338.7931495,169.2,-0.0,170.1,ASK
1420,1712610422.99815,50700338.7931495,169.3,1.1335044081591501e-07,170.1,BID
1421,1712610426.348165,50700374.23319675,169.3,4.017144978233445e-09,170.1,BID
1422,1712610426.417122,50701748.23319675,169.3,1.5574350568106724e-07,170.1,BID
1423,1712610426.451558,50701992.50056108,169.3,2.7687813423814063e-08,170.1,BID
1424,1712610428.338488,50702169.50056108,169.3,2.006302802441696e-08,170.1,BID
1425,1712610428.4010155,50703329.50056108,169.3,1.3148651134646145e-07,170.1,BID
1426,1712610434.6154532,50703998.50056108,169.3,7.583144490584715e-08,170.1,BID
1427,1712610449.088019,50704033.94060833,169.2,-4.017144978233445e-09,170.1,ASK
1428,1712610450.7903247,50704033.94060833,169.2,-0.0,170.1,ASK
1429,1712610454.947938,50705026.94060833,169.3,1.125468471966763e-07,170.1,BID
1430,1712610459.8679495,50705062.38065558,169.3,4.016783063845386e-09,170.1,BID
1431,1712610460.1079748,50705653.0481098,169.3,6.694638440502316e-08,170.1,BID
1432,1712610462.938542,50706169.0481098,169.2,5.848355805990428e-08,170.1,BID
1433,1712610462.9449868,50765919.52325361,169.2,6.772132523604712e-06,170.1,BID
1434,1712610479.700142,50765954.96330086,169.1,-4.016783063845386e-09,170.1,ASK
1435,1712610480.5614345,50765954.96330086,169.1,-0.0,170.1,ASK
1436,1712610492.4011464,50765990.42429376,169.2,4.014390009283036e-09,170.1,BID
1437,1712610499.7996418,50774262.04012086,169.1,-9.363948729585912e-07,170.1,ASK
1438,1712610500.1583235,50774774.04012086,169.1,5.796136873084716e-08,170.1,BID
1439,1712610510.5888956,50774774.04012086,169.1,0.0,170.1,BID
1440,1712610514.8779328,50774809.50111376,168.9,-4.013712394788659e-09,170.1,ASK
1441,1712610524.8979104,50774844.98307709,169.1,4.016085968786432e-09,170.1,BID
1442,1712610540.7631152,50774844.98307709,169.1,0.0,170.1,BID
1443,1712610545.765831,50785580.35551544,168.9,-1.215099618704032e-06,170.1,ASK
1444,1712610545.769196,50793220.74130496,168.9,-8.647888010312138e-07,170.1,ASK
1445,1712610546.9480605,50793973.74130496,169.1,8.522946158952538e-08,170.1,BID
1446,1712610549.2080448,50794009.22326829,168.9,-4.016080519663248e-09,170.1,ASK
1447,1712610559.5328388,50794044.70523162,169.1,4.016080518819942e-09,170.1,BID
1448,1712610560.4677093,50794221.36409385,169.1,1.9995404664695253e-08,170.1,BID
1449,1712610560.477903,50795722.70523162,169.1,1.699316027021356e-07,170.1,BID
1450,1712610570.7738442,50795722.70523162,169.1,0.0,170.1,BID
1451,1712610581.3480692,50795758.18719495,168.9,-4.0144780212971055e-09,170.1,ASK
1452,1712610583.3279986,50796401.18719495,169.1,7.274990235906825e-08,170.1,BID
1453,1712610593.728142,50796436.66915828,169.1,4.0144780212971055e-09,170.1,BID
1454,1712610600.5291677,50796436.66915828,169.1,0.0,170.1,BID
1455,1712610601.8977275,50796536.66915828,169.1,1.1322042919868249e-08,170.1,BID
1456,1712610615.127969,50796572.15112161,168.9,-4.017283116923236e-09,170.1,ASK
1457,1712610630.5246425,50796572.15112161,168.9,-0.0,170.1,ASK
1458,1712610631.8577566,50796607.63308494,169.1,4.017272699827498e-09,170.1,BID
1459,1712610646.0878386,50796643.11504827,168.9,-4.017272699827498e-09,170.1,ASK
1460,1712610660.1990843,50796678.5970116,169.1,4.017272700671053e-09,170.1,BID
1461,1712610660.7697222,50796678.5970116,169.1,0.0,170.1,BID
1462,1712610681.145811,50796714.07897493,169.0,-4.017264516020989e-09,170.1,ASK
1463,1712610690.776293,50796714.07897493,169.0,-0.0,170.1,ASK
1464,1712610692.20257,50796740.87947983,169.0,-3.034348557730588e-09,170.1,ASK
1465,1712610698.7978404,50796776.3824384,169.0,4.0196388657472644e-09,170.1,BID
1466,1712610698.877586,50797145.02875428,169.0,4.1738072512284576e-08,170.1,BID
1467,1712610709.383431,50797180.53171285,169.0,-4.0196388665908174e-09,170.1,ASK
1468,1712610710.485592,50797337.1590718,169.1,1.7733322655574167e-08,170.1,BID
1469,1712610710.4883385,50802627.53171285,169.1,5.989750809850178e-07,170.1,BID
1470,1712610713.127681,50803250.81962769,169.1,7.05685505721158e-08,170.1,BID
1471,1712610713.3676136,50806175.72804645,169.1,-3.3115762836941895e-07,170.1,ASK
1472,1712610713.466464,50809167.97939045,169.0,3.3878218278894295e-07,170.1,BID
1473,1712610713.4689388,50809167.979391,169.0,6.24229556257041e-17,170.1,BID
1474,1712610713.471417,50812159.979391,169.3,3.387537256641549e-07,170.1,BID
1475,1712610720.5655296,50812159.979391,169.3,0.0,170.1,BID
1476,1712610722.5777054,50812195.41943825,169.3,4.0113297159036015e-09,170.1,BID
1477,1712610738.217996,50812744.15777256,169.3,6.210969108499529e-08,170.1,BID
1478,1712610745.417995,50812779.59781981,168.9,-4.0113297159036015e-09,170.1,ASK
1479,1712610750.524148,50812779.59781981,168.9,-0.0,170.1,ASK
1480,1712610755.977829,50812815.03786706,169.3,4.0112820947551605e-09,170.1,BID
1481,1712610763.1581454,50821675.04968041,169.3,1.0028205238076944e-06,170.1,BID
1482,1712610763.1678574,50828119.53007061,169.3,7.294185760372859e-07,170.1,BID
1483,1712610776.2480369,50830303.28507179,169.3,-2.4716833118113576e-07,170.1,ASK
1484,1712610777.999458,50830338.72511904,169.3,-4.0112820947551605e-09,170.1,ASK
1485,1712610780.7797449,50830338.72511904,169.3,-0.0,170.1,ASK
1486,1712610783.398699,50831030.19039689,169.4,7.823717962861281e-08,170.1,BID
1487,1712610783.4037852,50835338.72511904,169.4,4.874975154800678e-07,170.1,BID
1488,1712610790.2887166,50835374.14424536,169.4,4.007565725582021e-09,170.1,BID
1489,1712610810.738444,50835374.14424536,169.4,0.0,170.1,BID
1490,1712610813.2403026,50835964.46301749,169.4,6.678631627722117e-08,170.1,BID
1491,1712610813.3981097,50835999.88214381,169.3,-4.007178975352019e-09,170.1,ASK
1492,1712610814.2891445,50836948.44456025,169.4,1.0731657630302e-07,170.1,BID
1493,1712610814.293699,50839445.52699015,169.4,2.825099671654928e-07,170.1,BID
1494,1712610820.1685102,50840033.76228426,169.5,6.655059986522049e-08,170.1,BID
1495,1712610828.7585726,50840069.16051434,169.5,4.00481485865219e-09,170.1,BID
1496,1712610840.5077145,50840069.16051434,169.5,0.0,170.1,BID
1497,1712610840.5216954,50840104.55874442,169.4,-4.0044545066944884e-09,170.1,ASK
1498,1712610849.1688926,50840640.62471736,169.5,6.064291339343599e-08,170.1,BID
1499,1712610849.1798797,50840840.55874442,169.5,2.2617704722007532e-08,170.1,BID
1500,1712610850.8781097,50841430.52924589,169.5,6.674090845389859e-08,170.1,BID
1501,1712610850.9583664,50845895.75973542,169.5,5.051329491659846e-07,170.1,BID
1502,1712610850.9627993,50847081.20384589,169.5,1.341043605691308e-07,170.1,BID
1503,1712610851.1583092,50847672.91982222,169.4,-6.69383667641906e-08,170.1,ASK
