,time,acc_trade_volume,trade_price,dev,high,ask_bid
0,1712601588.491414,35647474.12830094,289.4,0.0,293.8,BID
1,1712601600.3681347,35647474.12830094,289.4,0.0,293.8,BID
2,1712601606.6363883,35647494.86085104,289.0,-1.886482016761691e-09,293.8,ASK
3,1712601630.3761685,35647494.86085104,289.0,-0.0,293.8,ASK
4,1712601634.9863577,35647515.59340114,289.4,1.88648098826489e-09,293.8,BID
5,1712601635.1164188,35651683.60824883,289.4,3.792529491662745e-07,293.8,BID
6,1712601635.118168,35652029.15075056,289.4,3.144134981119422e-08,293.8,BID
7,1712601641.8467178,35652149.94693374,289.1,-1.0991397677737142e-08,293.8,ASK
8,1712601660.566009,35652149.94693374,289.1,-0.0,293.8,ASK
9,1712601673.2160351,35652170.67948384,288.9,-1.886249774614264e-09,293.8,ASK
10,1712601690.557353,35652170.67948384,288.9,-0.0,293.8,ASK
11,1712601701.595877,35652191.39771588,289.6,1.884946089030285e-09,293.8,BID
12,1712601707.765916,35652540.07218417,289.0,-3.1722425638162707e-08,293.8,ASK
13,1712601717.3959794,35655158.80803363,289.0,-2.38252756672574e-07,293.8,ASK
14,1712601720.3709557,35655158.80803363,289.0,-0.0,293.8,ASK
15,1712601742.9158616,35655179.52626567,289.0,-1.884798002886216e-09,293.8,ASK
16,1712601750.3485086,35655179.52626567,289.0,-0.0,293.8,ASK
17,1712601772.126408,35655200.24449771,289.6,1.88479697554702e-09,293.8,BID
18,1712601780.5470862,35655200.24449771,289.6,0.0,293.8,BID
19,1712601810.607519,35655200.24449771,289.6,0.0,293.8,BID
20,1712601813.5455327,35655220.96272975,289.0,-1.8847959474330703e-09,293.8,ASK
21,1712601840.3556888,35655220.96272975,289.0,-0.0,293.8,ASK
22,1712601844.6455643,35655241.68096179,289.6,1.8847949200961143e-09,293.8,BID
23,1712601870.3766086,35655241.68096179,289.6,0.0,293.8,BID
24,1712601874.575454,35655262.39919383,289.1,-1.8847938919844078e-09,293.8,ASK
25,1712601900.3701737,35655262.39919383,289.1,-0.0,293.8,ASK
26,1712601908.195562,35655283.12458243,289.5,1.886651298464566e-09,293.8,BID
27,1712601915.4452348,35655593.29632293,289.5,2.8235220492373385e-08,293.8,BID
28,1712601915.446599,35655629.02558243,289.5,3.252467547715714e-09,293.8,BID
29,1712601930.366156,35655629.02558243,289.5,0.0,293.8,BID
30,1712601960.555426,35655629.02558243,289.5,0.0,293.8,BID
31,1712601971.8146503,35655649.75097103,289.2,-1.886633069380543e-09,293.8,ASK
32,1712601990.5768907,35655649.75097103,289.2,-0.0,293.8,ASK
33,1712602003.8548863,35655729.02558243,289.2,-7.216367556130248e-09,293.8,ASK
34,1712602004.6350815,35655749.77247039,289.2,1.8885891271679954e-09,293.8,BID
35,1712602011.7451715,35657132.89833484,289.2,1.259059418546062e-07,293.8,BID
36,1712602011.8448532,35662229.3571395,289.2,4.6393062440546746e-07,293.8,BID
37,1712602020.58851,35662229.3571395,289.2,0.0,293.8,BID
38,1712602044.275463,35662250.10402746,289.1,-1.888262053955245e-09,293.8,ASK
39,1712602050.3360555,35662250.10402746,289.1,-0.0,293.8,ASK
40,1712602080.5566237,35662250.10402746,289.1,-0.0,293.8,ASK
41,1712602104.7146585,35662270.8222595,289.6,1.8856529283833504e-09,293.8,BID
42,1712602110.5655682,35662270.8222595,289.6,0.0,293.8,BID
43,1712602140.3545246,35662270.8222595,289.6,0.0,293.8,BID
44,1712602142.714658,35662291.54049154,289.1,-1.885651898656968e-09,293.8,ASK
45,1712602170.3557527,35662291.54049154,289.1,-0.0,293.8,ASK
46,1712602172.6241767,35662312.25872358,289.6,1.885650870031441e-09,293.8,BID
47,1712602180.5642378,35662346.78911032,289.6,3.142751451182581e-09,293.8,BID
48,1712602200.3859794,35662346.78911032,289.6,0.0,293.8,BID
49,1712602208.8243918,35662367.50734236,289.1,-1.8856481247810195e-09,293.8,ASK
50,1712602230.3698585,35662367.50734236,289.1,-0.0,293.8,ASK
51,1712602244.9142303,35662388.23273096,289.5,1.886298443121478e-09,293.8,BID
52,1712602260.405986,35662388.23273096,289.5,0.0,293.8,BID
53,1712602278.28412,35662408.95811956,289.2,-1.886297412367669e-09,293.8,ASK
54,1712602290.3841815,35662408.95811956,289.2,-0.0,293.8,ASK
55,1712602305.4244456,35662429.68350816,289.5,1.886296384038631e-09,293.8,BID
56,1712602309.0140276,35662625.07005074,289.2,-1.7782871812357655e-08,293.8,ASK
57,1712602320.554524,35662625.07005074,289.2,-0.0,293.8,ASK
58,1712602347.4341362,35664353.9773813,289.2,-1.573535317482395e-07,293.8,ASK
59,1712602347.4361317,35665887.35348721,289.2,-1.3955759311043506e-07,293.8,ASK
60,1712602350.587268,35665887.35348721,289.2,-0.0,293.8,ASK
61,1712602379.824901,35665908.07887581,289.1,-1.8861236979556434e-09,293.8,ASK
62,1712602380.3471618,35665908.07887581,289.1,-0.0,293.8,ASK
63,1712602410.3573625,35665908.07887581,289.1,-0.0,293.8,ASK
64,1712602415.0134704,35665928.82576377,289.2,1.888079227583217e-09,293.8,BID
65,1712602440.545318,35665928.82576377,289.2,0.0,293.8,BID
66,1712602451.9735837,35665949.57265173,289.1,-1.888078196631135e-09,293.8,ASK
67,1712602469.0562403,35666124.35698844,289.2,1.5906313076712936e-08,293.8,BID
68,1712602469.0584948,35667853.86234991,289.2,1.5739427379787668e-07,293.8,BID
69,1712602470.5652294,35667853.86234991,289.2,0.0,293.8,BID
70,1712602487.3633478,35667874.58773851,289.5,1.8860260846027e-09,293.8,BID
71,1712602500.3748443,35667874.58773851,289.5,0.0,293.8,BID
72,1712602517.0638125,35668047.29931018,289.5,1.5716930733235843e-08,293.8,BID
73,1712602519.9136004,35668068.02469878,289.2,-1.886031688069662e-09,293.8,ASK
74,1712602530.3474095,35668068.02469878,289.2,-0.0,293.8,ASK
75,1712602553.984593,35668088.75008738,289.5,1.8860220778596088e-09,293.8,BID
76,1712602560.5566428,35668088.75008738,289.5,0.0,293.8,BID
77,1712602589.356033,35668109.47547598,289.2,-1.88602104808572e-09,293.8,ASK
78,1712602590.5678992,35668109.47547598,289.2,-0.0,293.8,ASK
79,1712602620.392106,35668109.47547598,289.2,-0.0,293.8,ASK
80,1712602622.7665277,35668130.20086458,289.5,1.886020019380077e-09,293.8,BID
81,1712602650.3691094,35668130.20086458,289.5,0.0,293.8,BID
82,1712602657.7474828,35668133.83499382,289.1,-3.3070727295797805e-10,293.8,ASK
83,1712602657.7494266,35668150.92625318,289.1,-1.5553117159724523e-09,293.8,ASK
84,1712602680.5576682,35668150.92625318,289.1,-0.0,293.8,ASK
85,1712602690.3878431,35668171.65164178,289.5,1.886017961260745e-09,293.8,BID
86,1712602710.5500605,35668171.65164178,289.5,0.0,293.8,BID
87,1712602724.808648,35668192.37703038,289.1,-1.8860169314913523e-09,293.8,ASK
88,1712602740.3423407,35668192.37703038,289.1,-0.0,293.8,ASK
89,1712602748.6493022,35668213.10241898,289.5,1.886015903145906e-09,293.8,BID
90,1712602770.3819816,35668213.10241898,289.5,0.0,293.8,BID
91,1712602790.079859,35668233.82780758,289.1,-1.88601487337876e-09,293.8,ASK
92,1712602800.4541347,35668233.82780758,289.1,-0.0,293.8,ASK
93,1712602824.0308766,35668254.55319618,289.5,1.88616951832741e-09,293.8,BID
94,1712602830.3722632,35668254.55319618,289.5,0.0,293.8,BID
95,1712602860.5609918,35668254.55319618,289.5,0.0,293.8,BID
96,1712602862.8713715,35668275.27858478,289.1,-1.8861684890705683e-09,293.8,ASK
97,1712602890.5713162,35668275.27858478,289.1,-0.0,293.8,ASK
98,1712602894.931922,35668296.00397338,289.5,1.8861674605598422e-09,293.8,BID
99,1712602920.3567193,35668296.00397338,289.5,0.0,293.8,BID
100,1712602922.972018,35668941.70104475,289.5,5.8763295772188024e-08,293.8,BID
101,1712602930.4620683,35668962.42643335,289.1,-1.88616642994913e-09,293.8,ASK
102,1712602950.3897831,35668962.42643335,289.1,-0.0,293.8,ASK
103,1712602960.4526682,35668983.15182195,289.5,1.8861333152850472e-09,293.8,BID
104,1712602980.564983,35668983.15182195,289.5,0.0,293.8,BID
105,1712603003.923775,35669003.87721055,289.1,-1.886132285389683e-09,293.8,ASK
106,1712603010.5753386,35669003.87721055,289.1,-0.0,293.8,ASK
107,1712603040.3690302,35669003.87721055,289.1,-0.0,293.8,ASK
108,1712603068.6836183,35669024.60259915,289.5,1.8861312569184398e-09,293.8,BID
109,1712603070.40777,35669024.60259915,289.5,0.0,293.8,BID
110,1712603100.546245,35669024.60259915,289.5,0.0,293.8,BID
111,1712603111.2442431,35669045.32798775,289.1,-1.886511072821825e-09,293.8,ASK
112,1712603130.5591335,35669045.32798775,289.1,-0.0,293.8,ASK
113,1712603134.6145642,35669066.05337635,289.5,1.8865100432592675e-09,293.8,BID
114,1712603160.380931,35669066.05337635,289.5,0.0,293.8,BID
115,1712603177.104875,35669086.77876495,289.1,-1.8865090136306304e-09,293.8,ASK
116,1712603190.3572445,35669086.77876495,289.1,-0.0,293.8,ASK
117,1712603196.047366,35669224.99576564,289.4,1.2581065689528044e-08,293.8,BID
118,1712603204.785031,35669245.72831574,289.4,1.8871598530222982e-09,293.8,BID
119,1712603208.374892,35669349.39106625,289.4,9.435799266467851e-09,293.8,BID
120,1712603220.556872,35669349.39106625,289.4,0.0,293.8,BID
121,1712603243.9360423,35669370.12361635,289.1,-1.8871467980714154e-09,293.8,ASK
122,1712603250.5771034,35669370.12361635,289.1,-0.0,293.8,ASK
123,1712603272.5157082,35669390.85616645,289.4,1.887145768493487e-09,293.8,BID
124,1712603280.3570552,35669390.85616645,289.4,0.0,293.8,BID
125,1712603310.3481512,35669390.85616645,289.4,0.0,293.8,BID
126,1712603311.2458131,35669411.58871655,289.1,-1.8871447378482875e-09,293.8,ASK
127,1712603317.825844,35669931.76991655,289.1,-4.7348599646082544e-08,293.8,ASK
128,1712603340.575879,35669931.76991655,289.1,-0.0,293.8,ASK
129,1712603343.296107,35669952.51680451,289.2,1.888422937001833e-09,293.8,BID
130,1712603370.5682726,35669952.51680451,289.2,0.0,293.8,BID
131,1712603381.0863664,35669973.26369247,289.1,-1.888421905674364e-09,293.8,ASK
132,1712603394.5563972,35679583.27983247,289.1,-8.747222729524414e-07,293.8,ASK
133,1712603397.7778864,35685743.6827877,289.1,-5.607318028194081e-07,293.8,ASK
134,1712603400.3984084,35685743.6827877,289.1,-0.0,293.8,ASK
135,1712603409.4865549,35685764.4153378,289.4,1.8864353429073983e-09,293.8,BID
136,1712603430.3872015,35685764.4153378,289.4,0.0,293.8,BID
137,1712603445.2768416,35685785.1478879,289.1,-1.886434313038036e-09,293.8,ASK
138,1712603460.5467937,35685785.1478879,289.1,-0.0,293.8,ASK
139,1712603470.9468756,35685805.880438,289.4,1.8864332842373868e-09,293.8,BID
140,1712603490.5684793,35685805.880438,289.4,0.0,293.8,BID
141,1712603505.717305,35688774.45599374,289.1,-2.701074711510601e-07,293.8,ASK
142,1712603505.7199662,35692808.68155845,289.0,-3.670698100404935e-07,293.8,ASK
143,1712603511.6370995,35692829.41410855,289.0,-1.886432254370272e-09,293.8,ASK
144,1712603520.367188,35692829.41410855,289.0,-0.0,293.8,ASK
145,1712603535.227735,35692850.14665865,289.4,1.886083863703731e-09,293.8,BID
146,1712603550.389886,35692850.14665865,289.4,0.0,293.8,BID
147,1712603578.6601164,35692870.87920875,289.0,-1.886082834218101e-09,293.8,ASK
148,1712603580.3995605,35692870.87920875,289.0,-0.0,293.8,ASK
149,1712603593.2888775,35692888.57206083,289.0,-1.6095543600145775e-09,293.8,ASK
150,1712603599.880183,35693862.27797626,289.0,-8.857998667911268e-08,293.8,ASK
151,1712603599.887282,35695059.20587794,289.0,-1.0888693999542673e-07,293.8,ASK
152,1712603606.318049,35696649.58954117,289.0,-1.4468040244115813e-07,293.8,ASK
153,1712603610.357394,35696649.58954117,289.0,-0.0,293.8,ASK
154,1712603636.1077952,35696670.32209127,289.4,1.885894450578036e-09,293.8,BID
155,1712603640.567455,35696670.32209127,289.4,0.0,293.8,BID
156,1712603670.5777595,35696670.32209127,289.4,0.0,293.8,BID
157,1712603672.5479803,35696691.05464137,289.1,-1.885893421976899e-09,293.8,ASK
158,1712603700.412701,35696691.05464137,289.1,-0.0,293.8,ASK
159,1712603706.2480717,35696711.78719147,289.4,1.8862751044585683e-09,293.8,BID
160,1712603730.3532662,35696711.78719147,289.4,0.0,293.8,BID
161,1712603760.5603912,35696711.78719147,289.4,0.0,293.8,BID
162,1712603774.118051,35696732.51974157,289.2,-1.8862740747641576e-09,293.8,ASK
163,1712603790.5805025,35696732.51974157,289.2,-0.0,293.8,ASK
164,1712603812.358378,35696753.25229167,289.4,1.886273045782476e-09,293.8,BID
165,1712603820.3684216,35696753.25229167,289.4,0.0,293.8,BID
166,1712603843.6084986,35696773.98484177,289.2,-1.886272016090313e-09,293.8,ASK
167,1712603850.3918002,35696773.98484177,289.2,-0.0,293.8,ASK
168,1712603880.2509365,35696794.71739187,289.4,1.886270987110877e-09,293.8,BID
169,1712603880.5944543,35696794.71739187,289.4,0.0,293.8,BID
170,1712603910.578655,35696794.71739187,289.4,0.0,293.8,BID
171,1712603916.718841,35696815.44994197,289.2,-1.886269957420962e-09,293.8,ASK
172,1712603940.3529563,35696815.44994197,289.2,-0.0,293.8,ASK
173,1712603951.09854,35696836.18249207,289.4,1.886268928443772e-09,293.8,BID
174,1712603970.3606129,35696836.18249207,289.4,0.0,293.8,BID
175,1712603989.6091142,35696856.91504217,289.2,-1.886267898756104e-09,293.8,ASK
176,1712604000.3912947,35696856.91504217,289.2,-0.0,293.8,ASK
177,1712604018.7990837,35696868.68374237,289.4,1.0708556040716895e-09,293.8,BID
178,1712604018.802514,35696877.64759227,289.4,8.15637134162733e-10,293.8,BID
179,1712604030.3820753,35696877.64759227,289.4,0.0,293.8,BID
180,1712604050.9695766,35706089.72244566,289.5,8.382231198663696e-07,293.8,BID
181,1712604050.9726532,35709494.1428676,289.6,3.0977428568848694e-07,293.8,BID
182,1712604050.9756143,35710700.48715746,289.4,1.0976741834684289e-07,293.8,BID
183,1712604050.9799392,35712440.48715746,289.6,1.5832570314283616e-07,293.8,BID
184,1712604050.9829223,35712786.02965919,289.4,3.1441528478485934e-08,293.8,BID
185,1712604050.984868,35720240.77268546,289.5,6.783203628641285e-07,293.8,BID
186,1712604050.9862256,35720739.02281856,289.6,4.533666819748359e-08,293.8,BID
187,1712604050.987708,35728639.8754545,289.5,7.189126718468454e-07,293.8,BID
188,1712604050.989045,35730744.82508568,289.6,1.9153312094042213e-07,293.8,BID
189,1712604051.1298635,35730750.76970632,289.2,-5.409116336785463e-10,293.8,ASK
190,1712604051.1330276,35731437.84238568,289.6,-6.251796843126993e-08,293.8,ASK
191,1712604056.4793851,35731447.44975682,289.2,-8.741918343261341e-10,293.8,ASK
192,1712604056.4826646,35731458.57493578,289.2,-1.0122998739762563e-09,293.8,ASK
193,1712604060.5895257,35731458.57493578,289.2,-0.0,293.8,ASK
194,1712604076.688999,35732498.53583578,289.2,-9.454176971595565e-08,293.8,ASK
195,1712604086.7627866,35732519.25406782,289.6,1.883473044743314e-09,293.8,BID
196,1712604090.6034565,35732519.25406782,289.6,0.0,293.8,BID
197,1712604120.380721,35732519.25406782,289.6,0.0,293.8,BID
198,1712604122.169189,35732539.97229986,289.2,-1.883420521242981e-09,293.8,ASK
199,1712604148.6297295,35732560.6905319,289.6,1.883420521920286e-09,293.8,BID
200,1712604149.1096442,35732595.26867851,289.2,-3.1433758823415194e-09,293.8,ASK
201,1712604149.112687,35739493.09954403,289.2,-6.270571823814935e-07,293.8,ASK
202,1712604150.366535,35739493.09954403,289.2,-0.0,293.8,ASK
203,1712604153.8795288,35743047.18482481,289.2,-3.230299810237064e-07,293.8,ASK
204,1712604180.5629227,35743047.18482481,289.2,-0.0,293.8,ASK
205,1712604187.6794145,35743067.90305685,289.2,-1.882899370163417e-09,293.8,ASK
206,1712604193.4398966,35743139.28064428,289.2,-6.486886242830225e-09,293.8,ASK
207,1712604201.0297508,35745394.88024428,289.2,-2.0499177040484601e-07,293.8,ASK
208,1712604201.036733,35746608.17854428,289.2,-1.1026609800245525e-07,293.8,ASK
209,1712604201.049668,35747302.17694428,289.2,-6.307146032189995e-08,293.8,ASK
210,1712604210.5994916,35747302.17694428,289.2,-0.0,293.8,ASK
211,1712604214.519644,35748402.17694428,289.2,-9.995822523199937e-08,293.8,ASK
212,1712604218.0102184,35750126.37438991,289.7,1.5667974237711293e-07,293.8,BID
213,1712604240.3594906,35750126.37438991,289.7,0.0,293.8,BID
214,1712604245.6588862,35750147.08547033,289.7,1.8818991257369063e-09,293.8,BID
215,1712604270.3828754,35750147.08547033,289.7,0.0,293.8,BID
216,1712604283.359671,35750167.79655075,289.2,-1.8818980990750848e-09,293.8,ASK
217,1712604300.5894232,35750167.79655075,289.2,-0.0,293.8,ASK
218,1712604314.050004,35750188.50763117,289.7,1.8836305882508993e-09,293.8,BID
219,1712604330.5621586,35750188.50763117,289.7,0.0,293.8,BID
220,1712604354.8301246,35750209.21871159,289.2,-1.883629561054878e-09,293.8,ASK
221,1712604360.396839,35750209.21871159,289.2,-0.0,293.8,ASK
222,1712604383.8928325,35750229.92979201,289.7,1.883628534278777e-09,293.8,BID
223,1712604390.381451,35750229.92979201,289.7,0.0,293.8,BID
224,1712604420.3980937,35750229.92979201,289.7,0.0,293.8,BID
225,1712604423.2600012,35750250.64087243,289.2,-1.883627506407383e-09,293.8,ASK
226,1712604450.3701768,35750250.64087243,289.2,-0.0,293.8,ASK
227,1712604480.57996,35750250.64087243,289.2,-0.0,293.8,ASK
228,1712604491.9361253,35750271.35195285,289.7,1.883626480988748e-09,293.8,BID
229,1712604510.590057,35750271.35195285,289.7,0.0,293.8,BID
230,1712604540.3952866,35750271.35195285,289.7,0.0,293.8,BID
231,1712604560.2802377,35750292.06303327,289.2,-1.883625452441982e-09,293.8,ASK
232,1712604570.3740842,35750292.06303327,289.2,-0.0,293.8,ASK
233,1712604589.3501103,35750312.77411369,289.7,1.883624427025584e-09,293.8,BID
234,1712604600.472026,35750312.77411369,289.7,0.0,293.8,BID
235,1712604622.0307324,35750380.680009,289.2,-6.1766805332586994e-09,293.8,ASK
236,1712604630.3739617,35750380.680009,289.2,-0.0,293.8,ASK
237,1712604630.554819,35750401.39108942,289.2,-1.883864400024034e-09,293.8,ASK
238,1712604660.5898871,35750401.39108942,289.2,-0.0,293.8,ASK
239,1712604664.7503884,35750422.10216984,289.7,1.883863374347375e-09,293.8,BID
240,1712604690.580128,35750422.10216984,289.7,0.0,293.8,BID
241,1712604695.793477,35750442.81325026,289.2,-1.883862345541969e-09,293.8,ASK
242,1712604720.365124,35750442.81325026,289.2,-0.0,293.8,ASK
243,1712604731.390412,35750463.52433068,289.7,1.883861319867548e-09,293.8,BID
244,1712604750.396391,35750463.52433068,289.7,0.0,293.8,BID
245,1712604768.340954,35750484.2354111,289.2,-1.8838602910643846e-09,293.8,ASK
246,1712604780.4304752,35750484.2354111,289.2,-0.0,293.8,ASK
247,1712604781.1104734,35760640.72552135,289.2,-9.238242334974156e-07,293.8,ASK
248,1712604801.2903688,35760661.43660177,289.7,1.8838592653922016e-09,293.8,BID
249,1712604810.3915424,35760661.43660177,289.7,0.0,293.8,BID
250,1712604835.1802106,35760682.14768219,289.2,-1.883355060953907e-09,293.8,ASK
251,1712604840.6033163,35760682.14768219,289.2,-0.0,293.8,ASK
252,1712604861.3706472,35760702.85876261,289.7,1.883354035154464e-09,293.8,BID
253,1712604868.5205276,35760737.37722999,289.7,3.138923393730815e-09,293.8,BID
254,1712604870.572731,35760737.37722999,289.7,0.0,293.8,BID
255,1712604874.940664,35763137.37722999,289.2,-2.182427481764179e-07,293.8,ASK
256,1712604900.3733706,35763137.37722999,289.2,-0.0,293.8,ASK
257,1712604900.8104403,35763190.44011612,289.2,-4.825631681167912e-09,293.8,ASK
258,1712604930.3735037,35763190.44011612,289.2,-0.0,293.8,ASK
259,1712604937.2408736,35763211.15119654,289.2,-1.8834992518253024e-09,293.8,ASK
260,1712604960.5736475,35763211.15119654,289.2,-0.0,293.8,ASK
261,1712604961.9906778,35763231.86227696,289.7,1.883498225868781e-09,293.8,BID
262,1712604990.5805,35763231.86227696,289.7,0.0,293.8,BID
263,1712605020.4550316,35763231.86227696,289.7,0.0,293.8,BID
264,1712605039.3807223,35763252.57335738,289.4,-1.8834971988171647e-09,293.8,ASK
265,1712605050.3880172,35763252.57335738,289.4,-0.0,293.8,ASK
266,1712605070.2709074,35763273.2844378,289.7,1.8834961714758024e-09,293.8,BID
267,1712605080.5707717,35763273.2844378,289.7,0.0,293.8,BID
268,1712605110.4409978,35763293.99551822,289.4,-1.883495144426426e-09,293.8,ASK
269,1712605110.5819223,35763293.99551822,289.4,-0.0,293.8,ASK
270,1712605140.3633544,35763293.99551822,289.4,-0.0,293.8,ASK
271,1712605147.3408697,35763314.70659864,289.7,1.8834941170873046e-09,293.8,BID
272,1712605147.3608208,35767368.85813138,289.4,-3.686901121495218e-07,293.8,ASK
273,1712605147.4212756,35768780.08030041,289.4,-1.2833848354393745e-07,293.8,ASK
274,1712605170.3607929,35768780.08030041,289.4,-0.0,293.8,ASK
275,1712605182.4709191,35768800.79138083,289.4,-1.883222206685842e-09,293.8,ASK
276,1712605200.429108,35768800.79138083,289.4,-0.0,293.8,ASK
277,1712605220.8108804,35768821.50246125,289.7,1.8833292045078354e-09,293.8,BID
278,1712605230.3807106,35768821.50246125,289.7,0.0,293.8,BID
279,1712605260.5735674,35768821.50246125,289.7,0.0,293.8,BID
280,1712605290.565457,35768821.50246125,289.7,0.0,293.8,BID
281,1712605293.2811944,35768842.21354167,289.4,-1.8833281776406022e-09,293.8,ASK
282,1712605320.3730166,35768842.21354167,289.4,-0.0,293.8,ASK
283,1712605325.610978,35768862.92462209,289.7,1.883327150483553e-09,293.8,BID
284,1712605325.7310836,35772317.15605559,289.5,-3.1410470684180925e-07,293.8,ASK
285,1712605329.603086,35772353.81294708,289.4,-3.333332573708771e-09,293.8,ASK
286,1712605350.3927906,35772353.81294708,289.4,-0.0,293.8,ASK
287,1712605363.421087,35772374.5240275,289.4,-1.8831530650745016e-09,293.8,ASK
288,1712605373.2313936,35772410.37917271,289.4,-3.260125751654977e-09,293.8,ASK
289,1712605377.390949,35772444.89764009,289.7,3.138588442919908e-09,293.8,BID
290,1712605380.5654056,35772444.89764009,289.7,0.0,293.8,BID
291,1712605401.4614198,35772465.60872051,289.7,1.883148550500374e-09,293.8,BID
292,1712605410.5728853,35772465.60872051,289.7,0.0,293.8,BID
293,1712605436.1513472,35772486.31980093,289.4,-1.883147522475313e-09,293.8,ASK
294,1712605440.3767648,35772486.31980093,289.4,-0.0,293.8,ASK
295,1712605470.3684757,35772486.31980093,289.4,-0.0,293.8,ASK
296,1712605500.387962,35772486.31980093,289.4,-0.0,293.8,ASK
297,1712605511.475614,35772507.03088135,289.7,1.883325057917634e-09,293.8,BID
298,1712605530.3946075,35772507.03088135,289.7,0.0,293.8,BID
299,1712605549.3317428,35772707.03088135,289.4,-1.818663238978769e-08,293.8,ASK
300,1712605556.401476,35772727.74196177,289.4,-1.883324029699914e-09,293.8,ASK
301,1712605560.5713968,35772727.74196177,289.4,-0.0,293.8,ASK
302,1712605581.4523716,35772748.45304219,289.7,1.8833130909553404e-09,293.8,BID
303,1712605590.574253,35772748.45304219,289.7,0.0,293.8,BID
304,1712605620.3787165,35772748.45304219,289.7,0.0,293.8,BID
305,1712605621.491622,35772769.16412261,289.4,-1.883312064105684e-09,293.8,ASK
306,1712605650.375277,35772769.16412261,289.4,-0.0,293.8,ASK
307,1712605657.0522203,35772789.87520303,289.7,1.883311036966205e-09,293.8,BID
308,1712605680.5814068,35772789.87520303,289.7,0.0,293.8,BID
309,1712605692.4778688,35772810.58628345,289.4,-1.88331001011879e-09,293.8,ASK
310,1712605710.5842,35772810.58628345,289.4,-0.0,293.8,ASK
311,1712605721.7815928,35772831.29736387,289.7,1.883308982981552e-09,293.8,BID
312,1712605740.3834686,35772831.29736387,289.7,0.0,293.8,BID
313,1712605759.281884,35772852.00844429,289.4,-1.8833079554588783e-09,293.8,ASK
314,1712605770.3819425,35772852.00844429,289.4,-0.0,293.8,ASK
315,1712605787.9518957,35772872.71952471,289.7,1.883306929678877e-09,293.8,BID
316,1712605800.414331,35772872.71952471,289.7,0.0,293.8,BID
317,1712605830.3938248,35772872.71952471,289.7,0.0,293.8,BID
318,1712605859.0417635,35772893.43060513,289.4,-1.884307419527052e-09,293.8,ASK
319,1712605860.5641694,35772893.43060513,289.4,-0.0,293.8,ASK
320,1712605883.4718957,35772914.14168555,289.7,1.884306392657649e-09,293.8,BID
321,1712605890.5856478,35772914.14168555,289.7,0.0,293.8,BID
322,1712605920.3855853,35772914.14168555,289.7,0.0,293.8,BID
323,1712605950.4247649,35772914.14168555,289.7,0.0,293.8,BID
324,1712605959.631863,35772934.85276597,289.4,-1.8843053633684673e-09,293.8,ASK
325,1712605980.574331,35772934.85276597,289.4,-0.0,293.8,ASK
326,1712605984.222205,35772955.57099801,289.6,1.884954994297257e-09,293.8,BID
327,1712606003.2733226,35773764.03333139,289.4,-7.355430279112367e-08,293.8,ASK
328,1712606010.5720518,35773764.03333139,289.4,-0.0,293.8,ASK
329,1712606025.344498,35773784.75156343,289.4,-1.884913841919207e-09,293.8,ASK
330,1712606040.3861277,35773784.75156343,289.4,-0.0,293.8,ASK
331,1712606050.1730003,35773805.46264385,289.7,1.8842621697967553e-09,293.8,BID
332,1712606070.349512,35773805.46264385,289.7,0.0,293.8,BID
333,1712606087.9735324,35773826.17372427,289.4,-1.884261141911554e-09,293.8,ASK
334,1712606100.390344,35773826.17372427,289.4,-0.0,293.8,ASK
335,1712606114.41292,35773846.88480469,289.7,1.885952147280395e-09,293.8,BID
336,1712606130.389289,35773846.88480469,289.7,0.0,293.8,BID
337,1712606148.6822374,35773867.59588511,289.4,-1.885951117549957e-09,293.8,ASK
338,1712606160.5675452,35773867.59588511,289.4,-0.0,293.8,ASK
339,1712606182.912273,35773888.30696553,289.7,1.885950087530788e-09,293.8,BID
340,1712606190.0226908,35774337.14709499,289.7,4.087136278710089e-08,293.8,BID
341,1712606190.5639918,35774337.14709499,289.7,0.0,293.8,BID
342,1712606215.1922765,35774357.85817541,289.4,-1.88592672762423e-09,293.8,ASK
343,1712606220.3766878,35774357.85817541,289.4,-0.0,293.8,ASK
344,1712606242.432248,35774378.56925583,289.7,1.8859256976316928e-09,293.8,BID
345,1712606250.37211,35774378.56925583,289.7,0.0,293.8,BID
346,1712606280.2825408,35774399.28033625,289.4,-1.885924667930148e-09,293.8,ASK
347,1712606280.5820458,35774399.28033625,289.4,-0.0,293.8,ASK
348,1712606303.892403,35774411.68678019,289.4,-1.1297144048245243e-09,293.8,ASK
349,1712606306.5624084,35774432.41933029,289.4,1.8878786388777993e-09,293.8,BID
350,1712606310.6052372,35774432.41933029,289.4,0.0,293.8,BID
351,1712606340.364252,35774432.41933029,289.4,0.0,293.8,BID
352,1712606347.4324384,35774453.15188039,289.2,-1.8878769902110087e-09,293.8,ASK
353,1712606370.3741248,35774453.15188039,289.2,-0.0,293.8,ASK
354,1712606382.3285162,35774473.88443049,289.4,1.8878759594797713e-09,293.8,BID
355,1712606400.4994967,35774473.88443049,289.4,0.0,293.8,BID
356,1712606430.3855045,35774473.88443049,289.4,0.0,293.8,BID
357,1712606448.4441557,35774494.61698059,289.2,-1.8888381736094342e-09,293.8,ASK
358,1712606455.8129315,35811564.65427562,289.2,-3.377264311624201e-06,293.8,ASK
359,1712606460.587184,35811564.65427562,289.2,-0.0,293.8,ASK
360,1712606472.7733245,35811585.38682572,289.4,1.886994106560235e-09,293.8,BID
361,1712606490.5778685,35811585.38682572,289.4,0.0,293.8,BID
362,1712606498.4924605,35811929.50244856,289.3,3.1320015847338124e-08,293.8,BID
363,1712606498.5124493,35813106.38112121,289.3,1.0711474932047349e-07,293.8,BID
364,1712606505.862327,35833958.27709967,289.2,-1.8978554565494257e-06,293.8,ASK
365,1712606510.212633,35833979.00964977,289.2,-1.886993076080686e-09,293.8,ASK
366,1712606513.2332296,35837196.25169408,289.2,-2.928203926947858e-07,293.8,ASK
367,1712606513.2378707,35840234.5784433,289.2,-2.765362442698385e-07,293.8,ASK
368,1712606520.394786,35840234.5784433,289.2,-0.0,293.8,ASK
369,1712606538.2433767,35840255.31815985,289.3,1.8862229124910462e-09,293.8,BID
370,1712606550.4030654,35840255.31815985,289.3,0.0,293.8,BID
371,1712606560.4628196,35840325.07749016,289.2,-6.344424963799368e-09,293.8,ASK
372,1712606569.8323607,35840813.12560174,289.2,-4.438667356593911e-08,293.8,ASK
373,1712606571.5027604,35840847.61040265,289.2,-3.13630063259651e-09,293.8,ASK
374,1712606571.505602,35846443.13751592,289.2,-5.088982612834916e-07,293.8,ASK
375,1712606575.6626563,35846463.87723247,289.2,-1.886221883887009e-09,293.8,ASK
376,1712606580.3915176,35846463.87723247,289.2,-0.0,293.8,ASK
377,1712606589.3726966,35846567.9355051,289.2,-9.462277088784228e-09,293.8,ASK
378,1712606602.9428568,35846588.67522165,289.3,1.885913919190014e-09,293.8,BID
379,1712606610.3701477,35846588.67522165,289.3,0.0,293.8,BID
380,1712606615.872709,35849704.45278079,289.2,-2.833244594896206e-07,293.8,ASK
381,1712606615.8763502,35851655.68594441,289.2,-1.7742989379927424e-07,293.8,ASK
382,1712606636.9319184,35856215.9955949,289.2,-4.146789179606829e-07,293.8,ASK
383,1712606638.808308,35856236.73531145,289.2,-1.885907729479731e-09,293.8,ASK
384,1712606640.5746384,35856236.73531145,289.2,-0.0,293.8,ASK
385,1712606656.9812424,35856348.47162587,289.2,-1.015784988805652e-08,293.8,ASK
386,1712606670.560659,35856348.47162587,289.2,-0.0,293.8,ASK
387,1712606684.1108506,35865082.04667191,289.2,7.939592794931371e-07,293.8,BID
388,1712606684.1157389,35869412.69102036,289.2,3.936939052462113e-07,293.8,BID
389,1712606700.368436,35869412.69102036,289.2,0.0,293.8,BID
390,1712606700.6697695,35886233.40129463,289.2,-1.5287989610768083e-06,293.8,ASK
391,1712606706.9396954,35890926.61823721,289.2,-4.265566119946391e-07,293.8,ASK
392,1712606730.3712194,35890926.61823721,289.2,-0.0,293.8,ASK
393,1712606760.5974426,35890926.61823721,289.2,-0.0,293.8,ASK
394,1712606790.5718422,35890926.61823721,289.2,-0.0,293.8,ASK
395,1712606806.3479073,35892586.61823721,289.1,-1.5078863757836248e-07,293.8,ASK
396,1712606806.3526907,35892932.5193095,289.1,-3.1420452666813894e-08,293.8,ASK
397,1712606806.3573637,35901026.51918846,289.0,-7.35230851993139e-07,293.8,ASK
398,1712606806.3603475,35901372.30068846,289.1,-3.1409591135130845e-08,293.8,ASK
399,1712606810.7264998,35901725.29682816,289.2,3.206494396110969e-08,293.8,BID
400,1712606810.7287543,35913079.27626329,289.2,1.0313560783832175e-06,293.8,BID
401,1712606820.3472538,35913079.27626329,289.2,0.0,293.8,BID
402,1712606850.3588676,35913079.27626329,289.2,0.0,293.8,BID
403,1712606862.3600447,35913986.97309711,289.2,-8.240408839126781e-08,293.8,ASK
404,1712606862.4559069,35914369.51023201,289.2,-3.472814127230863e-08,293.8,ASK
405,1712606864.7660592,35914390.24994856,289.3,1.882828464638741e-09,293.8,BID
406,1712606880.5478463,35914390.24994856,289.3,0.0,293.8,BID
407,1712606906.1156733,35914390.24994857,289.2,-6.763680866638103e-19,293.8,ASK
408,1712606906.1249592,35914410.98966511,289.0,-1.882763660473956e-09,293.8,ASK
409,1712606910.5848484,35914410.98966511,289.0,-0.0,293.8,ASK
410,1712606920.8373835,35915180.98966511,289.0,-6.990101463601819e-08,293.8,ASK
411,1712606923.4449797,35919949.53384734,289.0,-4.328910086679004e-07,293.8,ASK
412,1712606940.382509,35919949.53384734,289.0,-0.0,293.8,ASK
413,1712606963.3344944,35919970.29509301,289.0,1.884443238828366e-09,293.8,BID
414,1712606970.367989,35919970.29509301,289.0,0.0,293.8,BID
415,1712607000.4618008,35919970.29509301,289.0,0.0,293.8,BID
416,1712607001.7533703,35919991.05633868,288.9,-1.8847206543426923e-09,293.8,ASK
417,1712607030.3644366,35919991.05633868,288.9,-0.0,293.8,ASK
418,1712607032.413227,35920070.29509301,288.9,-7.1933465803791435e-09,293.8,ASK
419,1712607032.4177885,35934627.37277744,288.9,-1.3215011502155285e-06,293.8,ASK
420,1712607060.5734854,35934627.37277744,288.9,-0.0,293.8,ASK
421,1712607063.3228488,35934648.13402311,289.0,1.883996436873354e-09,293.8,BID
422,1712607090.565497,35934648.13402311,289.0,0.0,293.8,BID
423,1712607103.3419406,35934668.89526878,288.9,-1.883995411761118e-09,293.8,ASK
424,1712607120.3544135,35934668.89526878,288.9,-0.0,293.8,ASK
425,1712607150.3829455,35934668.89526878,288.9,-0.0,293.8,ASK
426,1712607152.2711024,35935819.55837066,288.9,-1.0441776270954356e-07,293.8,ASK
427,1712607157.7111828,35935842.0575053,288.9,2.0417003888374836e-09,293.8,BID
428,1712607168.6912787,35936547.97509532,288.8,-6.405900674713204e-08,293.8,ASK
429,1712607168.6956654,35937991.55251464,288.8,-1.3099848615852696e-07,293.8,ASK
430,1712607180.5660565,35937991.55251464,288.8,-0.0,293.8,ASK
431,1712607198.530634,35938012.3281379,288.8,1.8851349162036472e-09,293.8,BID
432,1712607198.6303668,35941330.67616984,288.8,3.010996908498449e-07,293.8,BID
433,1712607199.1908083,35945646.13259785,288.9,3.915751403528492e-07,293.8,BID
434,1712607210.5631416,35945646.13259785,288.9,0.0,293.8,BID
435,1712607216.6904993,35949205.21170754,288.7,-3.228783273654855e-07,293.8,ASK
436,1712607216.700235,35949305.21170754,288.7,-9.071962645795485e-09,293.8,ASK
437,1712607240.3536863,35949305.21170754,288.7,-0.0,293.8,ASK
438,1712607257.050346,35949374.4637851,288.8,-6.281920585538163e-09,293.8,ASK
439,1712607257.055529,35958982.08473454,288.7,-8.715162627508011e-07,293.8,ASK
440,1712607270.379715,35958982.08473454,288.7,-0.0,293.8,ASK
441,1712607300.3823416,35958982.08473454,288.7,-0.0,293.8,ASK
442,1712607302.3997986,35965930.69971711,288.7,-6.305016617974864e-07,293.8,ASK
443,1712607302.739792,35965951.47534037,288.7,-1.885133227222256e-09,293.8,ASK
444,1712607327.3489635,35965972.23658604,289.0,1.883828638101477e-09,293.8,BID
445,1712607330.3672512,35965972.23658604,289.0,0.0,293.8,BID
446,1712607334.789,35966030.7140947,289.0,5.305145881942028e-09,293.8,BID
447,1712607334.7990246,35966041.44073828,289.0,9.731332669173756e-10,293.8,BID
448,1712607360.5719388,35966041.44073828,289.0,0.0,293.8,BID
449,1712607365.7311068,35966062.20198395,288.7,-1.8834803268228553e-09,293.8,ASK
450,1712607390.5746553,35966062.20198395,288.7,-0.0,293.8,ASK
451,1712607420.3576262,35966062.20198395,288.7,-0.0,293.8,ASK
452,1712607450.3607962,35966062.20198395,288.7,-0.0,293.8,ASK
453,1712607468.0282445,35968480.62587044,289.0,2.194016393867317e-07,293.8,BID
454,1712607468.0327263,35968546.86684662,289.4,6.009442286232514e-09,293.8,BID
455,1712607468.0370257,35972478.72831635,289.3,3.567020889601424e-07,293.8,BID
456,1712607468.0393493,35972732.22463668,289.4,2.299741933976948e-08,293.8,BID
457,1712607480.572869,35972732.22463668,289.4,0.0,293.8,BID
458,1712607490.1276038,35972752.95718678,289.4,1.8805469269094843e-09,293.8,BID
459,1712607510.5589392,35972752.95718678,289.4,0.0,293.8,BID
460,1712607526.887244,35972773.68973688,288.9,-1.88054590345946e-09,293.8,ASK
461,1712607540.366358,35972773.68973688,288.9,-0.0,293.8,ASK
462,1712607546.3775537,35972799.46086645,289.4,2.3375689714794675e-09,293.8,BID
463,1712607546.382449,35976229.11475415,289.4,3.110865780538235e-07,293.8,BID
464,1712607554.7073724,35976249.84730425,289.4,1.880544881778773e-09,293.8,BID
465,1712607570.3945656,35976249.84730425,289.4,0.0,293.8,BID
466,1712607589.5767534,35976270.57985435,288.9,-1.880373299261187e-09,293.8,ASK
467,1712607600.3899336,35976270.57985435,288.9,-0.0,293.8,ASK
468,1712607616.2073307,35976305.18193047,289.0,-3.1436866694521514e-09,293.8,ASK
469,1712607616.2136133,35976570.04652101,288.9,-2.4063622066730703e-08,293.8,ASK
470,1712607619.4565682,35976590.77907111,289.4,1.883604935848901e-09,293.8,BID
471,1712607623.4872377,35978290.77907111,289.6,1.544493260875603e-07,293.8,BID
472,1712607623.4915895,35980516.21936033,289.7,2.0218691348141042e-07,293.8,BID
473,1712607623.495829,35980997.70155871,289.4,4.374388297819871e-08,293.8,BID
474,1712607630.3385017,35980997.70155871,289.4,0.0,293.8,BID
475,1712607644.9063797,35981171.70577981,289.4,-1.5806760443698496e-08,293.8,ASK
476,1712607654.8062675,35981192.43832991,289.0,-1.883370706355549e-09,293.8,ASK
477,1712607660.3930614,35981192.43832991,289.0,-0.0,293.8,ASK
478,1712607680.3066735,35981860.08711883,289.0,-6.064973814975608e-08,293.8,ASK
479,1712607680.3112936,35983278.34602381,288.9,-1.2883574814217886e-07,293.8,ASK
480,1712607680.3156905,35983395.89957371,289.0,-1.0678656411022452e-08,293.8,ASK
481,1712607690.141303,35983416.61065413,289.7,1.8814107431167343e-09,293.8,BID
482,1712607690.374576,35983416.61065413,289.7,0.0,293.8,BID
483,1712607720.5614865,35983416.61065413,289.7,0.0,293.8,BID
484,1712607721.2958755,35984340.16542284,289.7,8.38915399429255e-08,293.8,BID
485,1712607721.300854,35985744.00951933,289.6,1.275188511652623e-07,293.8,BID
486,1712607723.295905,35985764.72059975,288.9,-1.88130091352501e-09,293.8,ASK
487,1712607750.5729513,35985764.72059975,288.9,-0.0,293.8,ASK
488,1712607753.6959815,35985785.43168017,289.7,1.8811847014843034e-09,293.8,BID
489,1712607780.356084,35985785.43168017,289.7,0.0,293.8,BID
490,1712607787.3038144,35989127.90274811,289.7,3.035960405039014e-07,293.8,BID
491,1712607787.3164816,35992785.76996115,289.7,3.3224341512525665e-07,293.8,BID
492,1712607792.3559103,35992806.48104157,288.9,-1.8811836762783136e-09,293.8,ASK
493,1712607810.3763423,35992806.48104157,288.9,-0.0,293.8,ASK
494,1712607813.6755085,35992980.48526267,288.9,-1.5801852492024595e-08,293.8,ASK
495,1712607816.105359,35993001.19634309,289.7,1.8808361983283366e-09,293.8,BID
496,1712607840.545008,35993001.19634309,289.7,0.0,293.8,BID
497,1712607854.4450982,35993021.90742351,288.9,-1.880826587918202e-09,293.8,ASK
498,1712607870.5589886,35993021.90742351,288.9,-0.0,293.8,ASK
499,1712607879.825112,35993042.61850393,289.7,1.8808255652559024e-09,293.8,BID
500,1712607900.3952036,35993042.61850393,289.7,0.0,293.8,BID
501,1712607911.5248277,35994766.81594956,289.7,1.5669763241727686e-07,293.8,BID
502,1712607916.9846983,35994787.52702998,288.9,-1.882253842530929e-09,293.8,ASK
503,1712607930.3775935,35994787.52702998,288.9,-0.0,293.8,ASK
504,1712607943.034792,35994808.2381104,289.7,1.882167376802475e-09,293.8,BID
505,1712607960.5408478,35994808.2381104,289.7,0.0,293.8,BID
506,1712607990.5568807,35994808.2381104,289.7,0.0,293.8,BID
507,1712608014.974408,35994828.94919082,288.9,-1.8821663505251302e-09,293.8,ASK
508,1712608020.3757043,35994828.94919082,288.9,-0.0,293.8,ASK
509,1712608046.5140638,35994849.66027124,289.7,1.88216532776003e-09,293.8,BID
510,1712608050.3728669,35994849.66027124,289.7,0.0,293.8,BID
511,1712608078.773924,35994870.37135166,288.9,-1.882164300807833e-09,293.8,ASK
512,1712608080.557777,35994870.37135166,288.9,-0.0,293.8,ASK
513,1712608081.9240017,35995215.38351937,289.7,3.135371111635439e-08,293.8,BID
514,1712608110.5636592,35995215.38351937,289.7,0.0,293.8,BID
515,1712608111.933707,35995236.09459979,289.7,1.8821461821910163e-09,293.8,BID
516,1712608140.3736734,35995236.09459979,289.7,0.0,293.8,BID
517,1712608170.3736963,35995236.09459979,289.7,0.0,293.8,BID
518,1712608179.193498,35995256.80568021,289.0,-1.8821451552597047e-09,293.8,ASK
519,1712608200.633877,35995256.80568021,289.0,-0.0,293.8,ASK
520,1712608230.5685906,35995256.80568021,289.0,-0.0,293.8,ASK
521,1712608235.9033651,35995277.52391225,289.6,1.8831132493245023e-09,293.8,BID
522,1712608260.3770218,35995277.52391225,289.6,0.0,293.8,BID
523,1712608274.8628912,35995298.24214429,289.0,-1.883112221692816e-09,293.8,ASK
524,1712608290.3742757,35995298.24214429,289.0,-0.0,293.8,ASK
525,1712608300.8829415,35995318.96037633,289.6,1.8831111975443043e-09,293.8,BID
526,1712608320.557865,35995318.96037633,289.6,0.0,293.8,BID
527,1712608337.582621,35995339.67860837,289.0,-1.883110170592051e-09,293.8,ASK
528,1712608350.5702424,35995339.67860837,289.0,-0.0,293.8,ASK
529,1712608367.1226425,35995360.39684041,289.6,1.883109145091384e-09,293.8,BID
530,1712608380.357499,35995360.39684041,289.6,0.0,293.8,BID
531,1712608410.372294,35995360.39684041,289.6,0.0,293.8,BID
532,1712608440.384003,35995360.39684041,289.6,0.0,293.8,BID
533,1712608470.3775454,35995360.39684041,289.6,0.0,293.8,BID
534,1712608474.4620118,35995381.11507245,289.0,-1.883108118818561e-09,293.8,ASK
535,1712608500.4267857,35995381.11507245,289.0,-0.0,293.8,ASK
536,1712608502.9733446,35995401.83330449,289.6,1.883460813040521e-09,293.8,BID
537,1712608530.379583,35995401.83330449,289.6,0.0,293.8,BID
538,1712608542.8418818,35995422.55153653,289.0,-1.8834597863842282e-09,293.8,ASK
539,1712608560.5623145,35995422.55153653,289.0,-0.0,293.8,ASK
540,1712608590.5515907,35995422.55153653,289.0,-0.0,293.8,ASK
541,1712608608.1818483,35995439.67860837,289.6,1.556992577751261e-09,293.8,BID
542,1712608608.1886368,35995443.26976857,289.6,3.2646618342892307e-10,293.8,BID
543,1712608620.3508592,35995443.26976857,289.6,0.0,293.8,BID
544,1712608650.3467767,35995443.26976857,289.6,0.0,293.8,BID
545,1712608680.5817702,35995443.26976857,289.6,0.0,293.8,BID
546,1712608680.8078208,35995463.98800061,289.0,-1.8834577331714903e-09,293.8,ASK
547,1712608710.5650022,35995463.98800061,289.0,-0.0,293.8,ASK
548,1712608712.2520597,35995484.70623265,289.6,1.883456708647e-09,293.8,BID
549,1712608732.0325053,35995830.01010005,289.6,3.13909451454713e-08,293.8,BID
550,1712608740.3526762,35995830.01010005,289.6,0.0,293.8,BID
551,1712608747.8923476,35995850.72833209,289.0,-1.8834385586532727e-09,293.8,ASK
552,1712608770.3425076,35995850.72833209,289.0,-0.0,293.8,ASK
553,1712608773.3226454,35995871.44656413,289.6,1.883437534149649e-09,293.8,BID
554,1712608800.413589,35995871.44656413,289.6,0.0,293.8,BID
555,1712608830.353913,35995871.44656413,289.6,0.0,293.8,BID
556,1712608844.1132774,35995892.16479617,289.0,-1.8852524794233233e-09,293.8,ASK
557,1712608851.053525,35995899.43647209,289.0,-6.616850809911113e-10,293.8,ASK
558,1712608851.0584445,35995962.16479617,289.0,-5.707954629828852e-09,293.8,ASK
559,1712608860.553943,35995962.16479617,289.0,-0.0,293.8,ASK
560,1712608874.5432358,35995982.88302821,289.6,1.885247981177415e-09,293.8,BID
561,1712608890.5384014,35995982.88302821,289.6,0.0,293.8,BID
562,1712608914.193503,35996003.60126025,289.0,-1.885246952571218e-09,293.8,ASK
563,1712608920.3758008,35996003.60126025,289.0,-0.0,293.8,ASK
564,1712608944.330513,35996024.31949229,289.6,1.8852459247427107e-09,293.8,BID
565,1712608950.3716817,35996024.31949229,289.6,0.0,293.8,BID
566,1712608979.4775715,35996045.03772433,289.0,-1.885244896138758e-09,293.8,ASK
567,1712608980.5662885,35996045.03772433,289.0,-0.0,293.8,ASK
568,1712609009.8644893,35996065.75595637,289.6,1.885243868312492e-09,293.8,BID
569,1712609010.5682054,35996065.75595637,289.6,0.0,293.8,BID
570,1712609040.3685217,35996065.75595637,289.6,0.0,293.8,BID
571,1712609046.3042493,35996086.47418841,289.0,-1.8852428397107844e-09,293.8,ASK
572,1712609070.3862247,35996086.47418841,289.0,-0.0,293.8,ASK
573,1712609070.8548772,35996107.19242045,289.6,1.885241812564721e-09,293.8,BID
574,1712609088.944604,35996452.49628785,289.6,3.1420696877434604e-08,293.8,BID
575,1712609100.4026582,35996452.49628785,289.6,0.0,293.8,BID
576,1712609112.6144905,35996473.21451989,289.0,-1.88558577218604e-09,293.8,ASK
577,1712609130.3710756,35996473.21451989,289.0,-0.0,293.8,ASK
578,1712609160.4048853,35996473.21451989,289.0,-0.0,293.8,ASK
579,1712609169.0850835,35996493.93275193,289.6,1.8855847453443437e-09,293.8,BID
580,1712609178.4251156,35996666.58468564,289.6,1.5713206212559033e-08,293.8,BID
581,1712609178.4324,36009539.9247516,289.6,1.1716141415700503e-06,293.8,BID
582,1712609184.8648417,36013759.12612209,289.6,-3.839932734210815e-07,293.8,ASK
583,1712609190.364883,36013759.12612209,289.6,-0.0,293.8,ASK
584,1712609208.856537,36013779.84435413,289.0,-1.8847260631751e-09,293.8,ASK
585,1712609220.56746,36013779.84435413,289.0,-0.0,293.8,ASK
586,1712609237.4689317,36013800.57690423,289.4,1.886027541522271e-09,293.8,BID
587,1712609250.5605533,36013800.57690423,289.4,0.0,293.8,BID
588,1712609271.1175652,36013821.30945433,289.0,-1.886026512098125e-09,293.8,ASK
589,1712609280.366748,36013821.30945433,289.0,-0.0,293.8,ASK
590,1712609302.614936,36013842.04200443,289.4,1.88602548409794e-09,293.8,BID
591,1712609310.3778677,36013842.04200443,289.4,0.0,293.8,BID
592,1712609317.1651046,36013876.5962546,289.4,3.143374091804509e-09,293.8,BID
593,1712609333.705156,36013947.86330306,289.2,-6.483109678025888e-09,293.8,ASK
594,1712609340.5689914,36013947.86330306,289.2,-0.0,293.8,ASK
595,1712609342.464987,36013968.59585316,289.2,-1.886019202852293e-09,293.8,ASK
596,1712609369.9149373,36014004.36683468,289.2,-3.254050164047539e-09,293.8,ASK
597,1712609370.5512173,36014004.36683468,289.2,-0.0,293.8,ASK
598,1712609400.4007783,36014004.36683468,289.2,-0.0,293.8,ASK
599,1712609409.5853376,36014025.09938478,289.4,1.8865472562461035e-09,293.8,BID
600,1712609422.1153874,36050906.35813342,289.4,3.3559903227176978e-06,293.8,BID
601,1712609422.216297,36051664.1965409,289.4,6.895909868525423e-08,293.8,BID
602,1712609423.4448526,36051664.19654091,289.4,6.779615780555359e-19,293.8,BID
603,1712609430.3717504,36051664.19654091,289.4,0.0,293.8,BID
604,1712609442.6454954,36051684.92909101,289.4,-1.88467817128133e-09,293.8,ASK
605,1712609460.5560262,36051684.92909101,289.4,-0.0,293.8,ASK
606,1712609462.125513,36052009.73904263,289.4,-2.952660858492716e-08,293.8,ASK
607,1712609475.5155978,36052030.45012305,289.7,1.882725457714376e-09,293.8,BID
608,1712609490.5694945,36052030.45012305,289.7,0.0,293.8,BID
609,1712609508.5052843,36052051.16120347,289.2,-1.882708343093335e-09,293.8,ASK
610,1712609520.3773203,36052051.16120347,289.2,-0.0,293.8,ASK
611,1712609542.835715,36052071.87228389,289.7,1.882707318675544e-09,293.8,BID
612,1712609550.3588655,36052071.87228389,289.7,0.0,293.8,BID
613,1712609562.0954938,36052466.96641787,289.7,3.591537460415086e-08,293.8,BID
614,1712609569.8260562,36057028.19074223,289.7,4.146305049191828e-07,293.8,BID
615,1712609569.8322463,36060757.2842542,289.7,3.389870385239777e-07,293.8,BID
616,1712609569.8372796,36060792.06686289,289.7,3.161855146136252e-09,293.8,BID
617,1712609569.8428326,36060812.06686289,289.8,1.8180667094347142e-09,293.8,BID
618,1712609569.845796,36066589.09154499,289.7,5.251508127058508e-07,293.8,BID
619,1712609569.8487823,36066609.09154499,289.8,1.8180667094347142e-09,293.8,BID
620,1712609569.85178,36072124.89412601,289.7,5.014048524182996e-07,293.8,BID
621,1712609569.8547957,36082109.51849781,289.8,9.076356588287176e-07,293.8,BID
622,1712609569.8577995,36082799.88784542,289.7,6.275687640515695e-08,293.8,BID
623,1712609569.8608246,36084963.95340788,289.8,1.967207778075225e-07,293.8,BID
624,1712609577.1953804,36084984.6644883,289.2,-1.8827062911320118e-09,293.8,ASK
625,1712609580.548965,36084984.6644883,289.2,-0.0,293.8,ASK
626,1712609609.9694562,36085005.36842204,289.8,1.8804265709094037e-09,293.8,BID
627,1712609610.2314956,36085023.31183128,289.8,1.629703028301935e-09,293.8,BID
628,1712609610.5556242,36085023.31183128,289.8,0.0,293.8,BID
629,1712609640.3402104,36085023.31183128,289.8,0.0,293.8,BID
630,1712609644.7456324,36085044.01576502,289.2,-1.8804246580745776e-09,293.8,ASK
631,1712609670.3691971,36085044.01576502,289.2,-0.0,293.8,ASK
632,1712609672.025271,36085064.71969876,289.8,1.8804236354648314e-09,293.8,BID
633,1712609700.5568414,36085064.71969876,289.8,0.0,293.8,BID
634,1712609707.7853982,36085085.4236325,289.2,-1.882718543995785e-09,293.8,ASK
635,1712609730.5739343,36085085.4236325,289.2,-0.0,293.8,ASK
636,1712609732.7153206,36085106.12756624,289.8,1.8827175182120834e-09,293.8,BID
637,1712609738.9352002,36085331.19487725,289.7,2.046655358235263e-08,293.8,BID
638,1712609760.3604784,36085331.19487725,289.7,0.0,293.8,BID
639,1712609790.3652165,36085331.19487725,289.7,0.0,293.8,BID
640,1712609806.4052713,36085351.89881099,289.3,-1.8827053281241344e-09,293.8,ASK
641,1712609811.1051288,36086571.74342424,289.6,1.1092616417181901e-07,293.8,BID
642,1712609820.5660625,36086571.74342424,289.6,0.0,293.8,BID
643,1712609826.8051414,36087119.42828947,289.4,-4.980191408129516e-08,293.8,ASK
644,1712609840.4054632,36087140.14652151,289.6,1.883943992700953e-09,293.8,BID
645,1712609850.5587776,36087140.14652151,289.6,0.0,293.8,BID
646,1712609855.455505,36087490.92345521,289.6,3.189626465002039e-08,293.8,BID
647,1712609856.2752118,36087567.58945521,289.3,-6.971265185261687e-09,293.8,ASK
648,1712609858.565797,36093574.52928923,289.2,-5.462130609951459e-07,293.8,ASK
649,1712609858.5733604,36095274.52928923,289.1,-1.54581572206321e-07,293.8,ASK
650,1712609858.5774486,36096398.26893032,289.3,-1.0218202380628189e-07,293.8,ASK
651,1712609858.5808053,36096547.42627489,289.2,-1.3562927546438845e-08,293.8,ASK
652,1712609858.5842,36098240.06843596,289.1,-1.5391252143594498e-07,293.8,ASK
653,1712609865.358871,36099066.94588382,289.6,7.518824465406462e-08,293.8,BID
654,1712609875.0750456,36099087.66411586,289.4,-1.883915813268141e-09,293.8,ASK
655,1712609880.3741648,36099087.66411586,289.4,-0.0,293.8,ASK
656,1712609884.7556732,36099483.47318167,289.4,-3.5979746463966354e-08,293.8,ASK
657,1712609901.0553558,36099504.19141371,289.6,1.883324057512004e-09,293.8,BID
658,1712609910.3592708,36099504.19141371,289.6,0.0,293.8,BID
659,1712609926.8857214,36099792.49141371,289.6,2.6206694430624065e-08,293.8,BID
660,1712609926.8912885,36103480.424982,289.6,3.352360322683282e-07,293.8,BID
661,1712609940.4284737,36103480.424982,289.6,0.0,293.8,BID
662,1712609943.1052809,36103501.14321404,289.3,-1.883106309127031e-09,293.8,ASK
663,1712609970.3943386,36103501.14321404,289.3,-0.0,293.8,ASK
664,1712609975.7853904,36103521.86860264,289.5,1.883755751526274e-09,293.8,BID
665,1712609975.9251344,36103535.8052591,289.5,1.266719638833782e-09,293.8,BID
666,1712610000.5391831,36103535.8052591,289.5,0.0,293.8,BID
667,1712610008.7252133,36103556.5306477,289.3,-1.886552896185216e-09,293.8,ASK
668,1712610025.685428,36103754.03606165,289.3,-1.7978162815875938e-08,293.8,ASK
669,1712610030.379156,36103754.03606165,289.3,-0.0,293.8,ASK
670,1712610041.2052853,36103774.75429369,289.6,1.8858906234059673e-09,293.8,BID
671,1712610060.5766163,36103774.75429369,289.6,0.0,293.8,BID
672,1712610078.3254228,36103795.47252573,289.3,-1.885889594098158e-09,293.8,ASK
673,1712610083.4957864,36103952.47653459,289.3,-1.4291384801746121e-08,293.8,ASK
674,1712610083.5020769,36105091.49496065,289.3,-1.0367984067012036e-07,293.8,ASK
675,1712610087.8560436,36105195.08612087,289.6,9.429447971168984e-09,293.8,BID
676,1712610090.5488374,36105195.08612087,289.6,0.0,293.8,BID
677,1712610092.8253398,36108998.35952222,289.6,3.461823110083689e-07,293.8,BID
678,1712610092.8328931,36116255.12285186,289.6,6.605265608841069e-07,293.8,BID
679,1712610093.5699806,36121132.93305822,289.7,4.439890146462864e-07,293.8,BID
680,1712610093.573813,36124390.97267859,289.7,2.9655393291897417e-07,293.8,BID
681,1712610093.577555,36138443.44122259,289.8,1.2790865979316756e-06,293.8,BID
682,1712610093.5812874,36141946.25122617,289.7,3.188334716173017e-07,293.8,BID
683,1712610094.4056215,36142372.87238658,289.9,3.8831996454293924e-08,293.8,BID
684,1712610094.4108844,36144596.70491476,289.9,2.024181284543444e-07,293.8,BID
685,1712610094.416577,36156847.64942617,289.9,1.1151079176923518e-06,293.8,BID
686,1712610116.2251348,36156871.86866519,289.9,2.204488410282722e-09,293.8,BID
687,1712610120.408404,36156871.86866519,289.9,0.0,293.8,BID
688,1712610134.6950612,36156892.56545718,289.9,1.881303371989973e-09,293.8,BID
689,1712610150.374714,36156892.56545718,289.9,0.0,293.8,BID
690,1712610172.7357576,36156913.26224917,289.7,-1.881302345946773e-09,293.8,ASK
691,1712610175.8551085,36162087.46024848,289.9,4.703255866146926e-07,293.8,BID
692,1712610180.550866,36162087.46024848,289.9,0.0,293.8,BID
693,1712610199.095193,36162108.15704047,289.9,1.8810448452018084e-09,293.8,BID
694,1712610210.5701444,36162108.15704047,289.9,0.0,293.8,BID
695,1712610224.9851246,36163729.13682308,289.9,1.473239912135945e-07,293.8,BID
696,1712610240.3676274,36163729.13682308,289.9,0.0,293.8,BID
697,1712610261.734977,36172606.3536739,289.6,-8.06778207518064e-07,293.8,ASK
698,1712610261.739133,36173334.67579099,289.6,-6.61912874267256e-08,293.8,ASK
699,1712610266.3849933,36173355.37258298,289.6,-1.8809634849477902e-09,293.8,ASK
700,1712610270.3439567,36173355.37258298,289.6,-0.0,293.8,ASK
701,1712610285.6555572,36173375.74578298,289.8,1.851085849492341e-09,293.8,BID
702,1712610294.7547135,36173396.44257497,289.9,1.8804870509677768e-09,293.8,BID
703,1712610300.5651534,36173396.44257497,289.9,0.0,293.8,BID
704,1712610330.5924692,36173396.44257497,289.9,0.0,293.8,BID
705,1712610330.6151009,36173417.13936696,289.8,-1.8807693726121113e-09,293.8,ASK
706,1712610332.3453774,36174302.64925759,289.8,-8.046850362704568e-08,293.8,ASK
707,1712610349.6049151,36177422.7515631,289.8,-2.835315182179989e-07,293.8,ASK
708,1712610349.7048292,36178376.06937496,289.8,-8.663037941548586e-08,293.8,ASK
709,1712610349.8246973,36178376.06937497,289.8,-6.770529365403792e-19,293.8,ASK
710,1712610359.4750843,36178396.77330871,289.8,1.881418361027379e-09,293.8,BID
711,1712610360.3757522,36178396.77330871,289.8,0.0,293.8,BID
712,1712610390.3765054,36178396.77330871,289.8,0.0,293.8,BID
713,1712610391.5848413,36183610.95635851,289.6,-4.737634984712067e-07,293.8,ASK
714,1712610395.9046,36183631.66029225,289.6,-1.881170643562701e-09,293.8,ASK
715,1712610420.5560408,36183631.66029225,289.6,-0.0,293.8,ASK
716,1712610430.2349477,36183652.35708424,289.9,1.880262739262702e-09,293.8,BID
717,1712610450.5651505,36183652.35708424,289.9,0.0,293.8,BID
718,1712610480.362772,36183652.35708424,289.9,0.0,293.8,BID
719,1712610496.935548,36183673.05387623,289.7,-1.8802617150311584e-09,293.8,ASK
720,1712610510.3976588,36183673.05387623,289.7,-0.0,293.8,ASK
721,1712610529.4755676,36183693.75066822,289.9,1.880260690830937e-09,293.8,BID
722,1712610540.5651278,36183693.75066822,289.9,0.0,293.8,BID
723,1712610566.122558,36183714.44746021,289.7,-1.880259665924757e-09,293.8,ASK
724,1712610570.5818515,36183714.44746021,289.7,-0.0,293.8,ASK
725,1712610589.6351588,36184018.23855003,289.7,-2.7598761302801442e-08,293.8,ASK
726,1712610589.6414056,36189193.29205994,289.7,-4.701423818418963e-07,293.8,ASK
727,1712610597.8445978,36189213.98885193,289.9,1.8802586410499e-09,293.8,BID
728,1712610600.3872433,36189213.98885193,289.9,0.0,293.8,BID
729,1712610604.614829,36190035.22666092,289.7,-7.461687158504594e-08,293.8,ASK
730,1712610604.6220744,36195558.18144172,289.7,-5.018103199034603e-07,293.8,ASK
731,1712610630.014418,36196120.84353824,289.6,-5.112293289734408e-08,293.8,ASK
732,1712610630.3961363,36196120.84353824,289.6,-0.0,293.8,ASK
733,1712610630.5523486,36196141.54033023,289.6,-1.880148662347844e-09,293.8,ASK
734,1712610632.5295148,36196486.84419763,289.6,-3.136827217758341e-08,293.8,ASK
735,1712610632.534368,36198428.85472939,289.6,-1.764171232449365e-07,293.8,ASK
736,1712610632.5373192,36211771.2875794,289.6,-1.2120601726878832e-06,293.8,ASK
737,1712610660.561285,36211771.2875794,289.6,-0.0,293.8,ASK
738,1712610664.0544229,36211791.98437139,289.9,1.8793748633365927e-09,293.8,BID
739,1712610690.5874968,36211791.98437139,289.9,0.0,293.8,BID
740,1712610720.3600914,36211791.98437139,289.9,0.0,293.8,BID
741,1712610750.3473034,36211791.98437139,289.9,0.0,293.8,BID
742,1712610762.8843925,36211812.68116338,289.6,-1.879373840072441e-09,293.8,ASK
743,1712610772.7971916,36212137.28823879,289.6,-2.9475971256137664e-08,293.8,ASK
744,1712610780.5800283,36212137.28823879,289.6,-0.0,293.8,ASK
745,1712610793.635115,36212158.00647083,289.6,1.881303621781802e-09,293.8,BID
746,1712610801.3146968,36215277.14441566,289.6,2.832309968513167e-07,293.8,BID
747,1712610807.8650465,36216494.73874317,289.5,-1.1056274561769097e-07,293.8,ASK
748,1712610807.8726916,36216840.16188652,289.5,-3.1365891139410505e-08,293.8,ASK
749,1712610810.5580058,36216840.16188652,289.5,-0.0,293.8,ASK
750,1712610826.6049385,36216860.88011856,289.5,-1.881071014441907e-09,293.8,ASK
751,1712610833.6447897,36223769.34298558,289.5,-6.272402602282662e-07,293.8,ASK
752,1712610840.379479,36223769.34298558,289.5,-0.0,293.8,ASK
753,1712610856.0750277,36223790.06121762,289.6,1.8807284768646784e-09,293.8,BID
754,1712610870.3528736,36223790.06121762,289.6,0.0,293.8,BID
755,1712610900.4085107,36223790.06121762,289.6,0.0,293.8,BID
756,1712610915.9803317,36224514.6946462,289.5,-6.578040901778671e-08,293.8,ASK
757,1712610915.9838924,36225205.5409329,289.5,-6.271329684096606e-08,293.8,ASK
758,1712610925.7253375,36225226.25916494,289.4,-1.8807492501391768e-09,293.8,ASK
759,1712610927.8250527,36225571.56303234,289.5,3.134582084827805e-08,293.8,BID
760,1712610930.3791373,36225571.56303234,289.5,0.0,293.8,BID
761,1712610954.115288,36225592.28842094,289.5,1.881310826375701e-09,293.8,BID
762,1712610958.798694,36227656.14067554,289.5,1.8734257124381093e-07,293.8,BID
763,1712610960.5688562,36227656.14067554,289.5,0.0,293.8,BID
764,1712610990.578931,36227656.14067554,289.5,0.0,293.8,BID
765,1712610991.7355902,36227676.86606414,289.5,-1.8812077732234502e-09,293.8,ASK
766,1712610998.4054737,36229592.28842094,289.5,-1.738595833310184e-07,293.8,ASK
767,1712610998.8454804,36229937.71156429,289.5,3.1353462886381225e-08,293.8,BID
768,1712611019.455645,36229958.42979633,289.6,1.880558184768057e-09,293.8,BID
769,1712611020.3862324,36229958.42979633,289.6,0.0,293.8,BID
770,1712611050.3854775,36229958.42979633,289.6,0.0,293.8,BID
771,1712611053.5337927,36229979.14802837,289.5,-1.880444420896487e-09,293.8,ASK
772,1712611080.5558834,36229979.14802837,289.5,-0.0,293.8,ASK
773,1712611088.0357883,36229999.86626041,289.6,1.8804433965281915e-09,293.8,BID
774,1712611110.5614407,36229999.86626041,289.6,0.0,293.8,BID
775,1712611125.8255155,36230020.58449245,289.5,-1.8804423731598736e-09,293.8,ASK
776,1712611140.3705275,36230020.58449245,289.5,-0.0,293.8,ASK
777,1712611153.935694,36230623.97370717,289.5,-5.476519554458757e-08,293.8,ASK
778,1712611153.9403431,36233013.86175785,289.5,-2.169125387611336e-07,293.8,ASK
779,1712611155.3757398,36233034.57998989,289.6,1.880441348793808e-09,293.8,BID
780,1712611156.3657677,36237354.76417758,289.5,-3.921113040424473e-07,293.8,ASK
781,1712611170.384071,36237354.76417758,289.5,-0.0,293.8,ASK
782,1712611176.0157895,36238045.61046428,289.5,6.269094865067218e-08,293.8,BID
783,1712611181.795904,36243401.67786534,289.5,4.860371299289315e-07,293.8,BID
784,1712611181.8077817,36306784.46042263,289.9,5.751679994721895e-06,293.8,BID
785,1712611181.8128889,36311784.46042263,289.6,4.537257408605752e-07,293.8,BID
786,1712611181.8179903,36315287.27042621,289.9,3.178630127935125e-07,293.8,BID
787,1712611181.821201,36317307.14171162,289.8,1.8329351908369226e-07,293.8,BID
788,1712611181.8241403,36341486.62537832,289.9,2.194170828059532e-06,293.8,BID
789,1712611181.827078,36343084.55626224,289.5,1.4500447483027185e-07,293.8,BID
790,1712611181.8300428,36348128.75168672,289.6,4.577362612037443e-07,293.8,BID
791,1712611181.833003,36348146.2924995,290.0,1.5917436543714103e-09,293.8,BID
792,1712611181.8360145,36352767.88324849,289.5,4.193869373084766e-07,293.8,BID
793,1712611181.8390176,36433252.80310324,290.0,7.303615977839663e-06,293.8,BID
794,1712611181.8422549,36438045.61046428,290.0,4.349240141383405e-07,293.8,BID
795,1712611189.0256524,36438097.30873928,290.0,4.691367625104769e-09,293.8,BID
796,1712611191.8556314,36438118.02697132,289.6,-1.880079035938131e-09,293.8,ASK
797,1712611200.4019573,36438118.02697132,289.6,-0.0,293.8,ASK
798,1712611215.886021,36438138.71662649,290.0,1.880504620552244e-09,293.8,BID
799,1712611223.3560016,36438847.67124058,290.0,6.443763400713197e-08,293.8,BID
800,1712611223.3627954,36439342.23455752,290.0,4.4951382466982855e-08,293.8,BID
801,1712611230.3587346,36439342.23455752,290.0,0.0,293.8,BID
802,1712611254.4956443,36439362.92421269,289.7,-1.880443942084149e-09,293.8,ASK
803,1712611260.5800805,36439362.92421269,289.7,-0.0,293.8,ASK
804,1712611277.9558952,36440447.15168939,289.7,-9.854334753216082e-08,293.8,ASK
805,1712611277.959861,36441759.65972587,289.7,-1.1929132802561354e-07,293.8,ASK
806,1712611278.0397348,36443333.04798439,289.7,1.4300222904746858e-07,293.8,BID
1007,1712611278.057906,36443333.0479844,289.7,6.771689233636885e-19,293.8,BID
807,1712611278.057906,36443333.0479844,289.7,6.7716892336368855e-19,293.8,BID
808,1712611288.4756742,36443353.73763957,290.0,1.880442917685396e-09,293.8,BID
809,1712611290.571802,36443353.73763957,290.0,0.0,293.8,BID
810,1712611320.380575,36443353.73763957,290.0,0.0,293.8,BID
811,1712611322.6059308,36443374.42729474,289.7,-1.8802453419190656e-09,293.8,ASK
812,1712611350.381658,36443374.42729474,289.7,-0.0,293.8,ASK
813,1712611355.70594,36443395.11694991,290.0,1.880244317736682e-09,293.8,BID
814,1712611380.5570524,36443395.11694991,290.0,0.0,293.8,BID
815,1712611410.5804374,36443395.11694991,290.0,0.0,293.8,BID
816,1712611424.807344,36443415.80660508,289.7,-1.8802432924948202e-09,293.8,ASK
1016,1712611424.807344,36443415.80660508,289.7,-1.88024329249482e-09,293.8,ASK
817,1712611436.5759523,36444185.3872295,289.7,-6.993827568552555e-08,293.8,ASK
818,1712611436.5856192,36444346.49517405,289.6,-1.4641236386856793e-08,293.8,ASK
819,1712611440.3822927,36444346.49517405,289.6,-0.0,293.8,ASK
820,1712611446.036167,36444380.97793267,290.0,3.133660335622372e-09,293.8,BID
821,1712611455.716098,36444401.66758784,290.0,1.880196201238007e-09,293.8,BID
822,1712611470.3688138,36444401.66758784,290.0,0.0,293.8,BID
823,1712611470.7060876,36444560.46671876,289.9,1.443103261709737e-08,293.8,BID
824,1712611470.7130136,36445019.29793266,290.0,4.1696753470806214e-08,293.8,BID
1024,1712611470.7130136,36445019.29793266,290.0,4.169675347080621e-08,293.8,BID
825,1712611471.1661727,36445735.3157858,290.0,6.506885102564953e-08,293.8,BID
826,1712611492.2061155,36445756.00544097,289.7,-1.8801934674021184e-09,293.8,ASK
827,1712611500.552905,36445756.00544097,289.7,-0.0,293.8,ASK
828,1712611500.763833,36449253.44707659,290.0,3.181202330928256e-07,293.8,BID
829,1712611500.767722,36449357.39718054,290.0,9.455091676999272e-09,293.8,BID
830,1712611500.7714152,36452804.48439185,290.1,3.135400962767833e-07,293.8,BID
831,1712611500.7761204,36453850.14490073,290.0,9.5111169671256e-08,293.8,BID
832,1712611500.780674,36454850.14490073,290.1,9.095798192977828e-08,293.8,BID
833,1712611500.787613,36471222.41735738,290.1,1.48918886226101e-06,293.8,BID
834,1712611500.8460915,36474669.03588691,290.1,3.1349746592835897e-07,293.8,BID
835,1712611511.2559566,36474738.4463126,290.1,-6.313432245225931e-09,293.8,ASK
836,1712611511.26586,36475822.06575417,290.1,-9.856383758497601e-08,293.8,ASK
837,1712611516.4962535,36475842.74115044,290.2,1.880592320413169e-09,293.8,BID
838,1712611525.0762112,36475872.06575417,290.2,2.667306776075745e-09,293.8,BID
839,1712611525.0850315,36475940.10166407,290.2,6.188409063130982e-09,293.8,BID
840,1712611525.23623,36476804.61436407,290.2,-7.863433054524284e-08,293.8,ASK
841,1712611528.5494902,36477398.14214502,290.2,-5.398608917447781e-08,293.8,ASK
842,1712611530.5902948,36477398.14214502,290.2,-0.0,293.8,ASK
843,1712611554.4858449,36478085.08372502,290.3,6.243069578939793e-08,293.8,BID
844,1712611557.1773725,36478105.75912129,290.2,-1.8790235043390395e-09,293.8,ASK
845,1712611560.3862205,36478105.75912129,290.2,-0.0,293.8,ASK
846,1712611566.5271728,36478624.52662129,290.2,-4.714580147920477e-08,293.8,ASK
847,1712611581.4860723,36478645.19489548,290.3,1.878341168387678e-09,293.8,BID
848,1712611590.3695316,36478645.19489548,290.3,0.0,293.8,BID
849,1712611615.1660478,36480365.82872255,290.3,1.5636967763572224e-07,293.8,BID
850,1712611620.551255,36480365.82872255,290.3,0.0,293.8,BID
851,1712611623.856828,36482088.1849058,290.3,1.565190987927237e-07,293.8,BID
852,1712611638.2163663,36483067.07906753,290.3,8.895699594427728e-08,293.8,BID
853,1712611650.561106,36483067.07906753,290.3,0.0,293.8,BID
854,1712611654.2996616,36483087.74734172,290.2,-1.878095348776444e-09,293.8,ASK
855,1712611664.0660894,36484642.16491832,290.2,-1.4124761425454412e-07,293.8,ASK
856,1712611680.377515,36484642.16491832,290.2,-0.0,293.8,ASK
857,1712611681.7702937,36484649.13576215,290.2,-6.334039068227278e-10,293.8,ASK
858,1712611681.7795682,36485180.03820521,290.2,-4.82403120502926e-08,293.8,ASK
859,1712611684.5160418,36485200.69936223,290.4,1.877370645639981e-09,293.8,BID
860,1712611710.3827188,36485200.69936223,290.4,0.0,293.8,BID
861,1712611717.1158895,36485221.36051925,290.2,-1.877342994815548e-09,293.8,ASK
862,1712611740.592246,36485221.36051925,290.2,-0.0,293.8,ASK
863,1712611748.4860506,36485242.02167627,290.4,1.877341972030373e-09,293.8,BID
864,1712611770.571363,36485242.02167627,290.4,0.0,293.8,BID
865,1712611786.1059527,36485262.68283329,290.2,-1.877340948541431e-09,293.8,ASK
866,1712611800.6757443,36485262.68283329,290.2,-0.0,293.8,ASK
867,1712611809.136057,36485271.36051925,290.4,7.89653093338738e-10,293.8,BID
868,1712611809.1404626,36485283.34399031,290.4,1.0904733165637323e-09,293.8,BID
869,1712611812.9927497,36485353.01416673,290.4,6.339854952956265e-09,293.8,BID
870,1712611812.996179,36485972.04922446,290.4,5.6331025392267855e-08,293.8,BID
871,1712611830.5657632,36485972.04922446,290.4,0.0,293.8,BID
872,1712611848.0159476,36485992.71038148,290.2,-1.8800911664422597e-09,293.8,ASK
873,1712611860.39687,36485992.71038148,290.2,-0.0,293.8,ASK
874,1712611879.065977,36486013.3715385,290.4,1.8800901406604604e-09,293.8,BID
875,1712611890.3779,36486013.3715385,290.4,0.0,293.8,BID
876,1712611913.2463524,36486034.03269552,290.2,-1.8800891141728336e-09,293.8,ASK
877,1712611920.5831614,36486034.03269552,290.2,-0.0,293.8,ASK
878,1712611926.7265522,36486206.20900405,290.4,1.5667400740226482e-08,293.8,BID
879,1712611939.8762026,36486226.87016107,290.4,1.880088088393274e-09,293.8,BID
880,1712611939.975969,36486547.14057099,290.3,-2.9143410612857047e-08,293.8,ASK
881,1712611940.0564528,36487366.92665614,290.2,-7.459747061954475e-08,293.8,ASK
882,1712611940.071442,36490459.35257954,290.2,-2.813992041855562e-07,293.8,ASK
883,1712611940.0758982,36492408.57208332,290.2,-1.7737169158843405e-07,293.8,ASK
884,1712611950.5762334,36492408.57208332,290.2,-0.0,293.8,ASK
885,1712611977.8557937,36492429.23324034,289.8,-1.8797716490209326e-09,293.8,ASK
886,1712611980.3823469,36492429.23324034,289.8,-0.0,293.8,ASK
887,1712612009.2978053,36492449.90863661,290.2,1.8810661235475407e-09,293.8,BID
888,1712612010.39651,36492449.90863661,290.2,0.0,293.8,BID
889,1712612011.926318,36492774.31304204,289.8,-2.9514588087720308e-08,293.8,ASK
890,1712612011.93469,36495568.07204505,289.8,-2.5417856481022015e-07,293.8,ASK
891,1712612040.5713065,36495568.07204505,289.8,-0.0,293.8,ASK
892,1712612045.9660292,36496462.70054505,289.8,-8.1387368886408e-08,293.8,ASK
893,1712612047.066125,36496483.37594132,289.8,-1.88091045968833e-09,293.8,ASK
894,1712612057.5264685,36497618.91389853,289.8,-1.0330371389656137e-07,293.8,ASK
895,1712612057.5341258,36499073.1771648,289.7,-1.3229922913270454e-07,293.8,ASK
896,1712612057.540405,36511251.78162229,289.8,-1.1079286804565242e-06,293.8,ASK
897,1712612057.5437791,36526693.94765611,289.7,-1.4048258728624398e-06,293.8,ASK
898,1712612070.583579,36526693.94765611,289.7,-0.0,293.8,ASK
899,1712612079.4060016,36526698.86937289,290.2,4.4737810599165255e-10,293.8,BID
900,1712612079.4147737,36527038.53759408,290.2,3.0875430722801975e-08,293.8,BID
901,1712612100.3734586,36527038.53759408,290.2,0.0,293.8,BID
902,1712612109.4861553,36527059.21299035,290.2,1.8796685132253523e-09,293.8,BID
903,1712612130.3966334,36527059.21299035,290.2,0.0,293.8,BID
904,1712612157.355801,36528972.4603639,290.2,1.739395384367397e-07,293.8,BID
905,1712612160.558828,36528972.4603639,290.2,0.0,293.8,BID
906,1712612175.2258472,36528993.13576017,289.7,-1.8795726122404404e-09,293.8,ASK
907,1712612190.5606103,36528993.13576017,289.7,-0.0,293.8,ASK
1108,1712612209.7458198,36529013.82541534,290.0,1.880867845496628e-09,293.8,BID
908,1712612209.7458198,36529013.82541534,290.0,1.8808678454966282e-09,293.8,BID
909,1712612217.175826,36532478.82888034,289.8,-3.14998657461716e-07,293.8,ASK
910,1712612220.3707373,36532478.82888034,289.8,-0.0,293.8,ASK
911,1712612234.7457564,36532998.37518034,289.8,-4.7226896342003816e-08,293.8,ASK
912,1712612242.175699,36533019.06483551,289.8,-1.880695137383025e-09,293.8,ASK
913,1712612250.3676672,36533019.06483551,289.8,-0.0,293.8,ASK
914,1712612270.27606,36533039.75449068,290.0,1.880668372876737e-09,293.8,BID
915,1712612270.8568058,36534057.53681753,289.8,-9.251536658592913e-08,293.8,ASK
916,1712612280.5703807,36534057.53681753,289.8,-0.0,293.8,ASK
917,1712612310.5786085,36534057.53681753,289.8,-0.0,293.8,ASK
918,1712612318.3461628,36534231.34055709,289.9,-1.5798148966334373e-08,293.8,ASK
919,1712612332.4279652,36534259.3334285,290.0,2.544453609925616e-09,293.8,BID
920,1712612332.435823,36534293.83998475,290.0,3.136524664699185e-09,293.8,BID
921,1712612332.535885,36534812.38138475,290.0,-4.7133590468384185e-08,293.8,ASK
922,1712612336.4658475,36539835.40313177,290.0,-4.5657501973305414e-07,293.8,ASK
923,1712612340.378244,36539835.40313177,290.0,-0.0,293.8,ASK
924,1712612344.5161097,36539856.09278694,290.0,-1.880330546339856e-09,293.8,ASK
925,1712612351.766134,36540081.32372835,290.2,2.046958326016284e-08,293.8,BID
926,1712612351.772183,36541317.16521394,290.2,1.123165406437207e-07,293.8,BID
927,1712612351.866109,36541317.16521395,290.2,6.771284571616241e-19,293.8,BID
928,1712612351.8720543,36545027.49788177,290.2,3.372048395738092e-07,293.8,BID
929,1712612352.02559,36545545.69058177,290.2,-4.709472220290477e-08,293.8,ASK
1129,1712612352.02559,36545545.69058177,290.2,-4.7094722202904774e-08,293.8,ASK
930,1712612369.1459088,36545566.35173879,290.4,1.8777405591077366e-09,293.8,BID
931,1712612370.3793771,36545566.35173879,290.4,0.0,293.8,BID
932,1712612393.656062,36545813.39009152,290.4,2.2448105434304805e-08,293.8,BID
933,1712612393.6638,36548410.27464505,290.4,2.359760644971474e-07,293.8,BID
1134,1712612393.668976,36548627.11335139,290.4,1.9703896533442972e-08,293.8,BID
934,1712612393.668976,36548627.11335139,290.4,1.970389653344297e-08,293.8,BID
935,1712612393.7558217,36549144.95775139,290.4,-4.70559553248716e-08,293.8,ASK
936,1712612393.7633045,36549836.09785139,290.4,-6.280314640529335e-08,293.8,ASK
937,1712612397.7255268,36551206.48787465,290.4,-1.245258454311595e-07,293.8,ASK
938,1712612400.4166849,36551206.48787465,290.4,-0.0,293.8,ASK
939,1712612406.7458255,36551227.14903167,290.4,-1.8924824818602564e-09,293.8,ASK
940,1712612430.3822746,36551227.14903167,290.4,-0.0,293.8,ASK
941,1712612441.8457234,36551247.80307642,290.5,1.8918299860807316e-09,293.8,BID
942,1712612457.8812618,36551592.0371556,290.5,3.153049976141523e-08,293.8,BID
943,1712612457.888966,36555042.01268418,290.5,3.160043097466458e-07,293.8,BID
944,1712612460.562075,36555042.01268418,290.5,0.0,293.8,BID
945,1712612483.5558205,36556467.99349983,290.4,-1.306010268582266e-07,293.8,ASK
946,1712612490.549675,36556467.99349983,290.4,-0.0,293.8,ASK
947,1712612512.6758018,36556488.64754458,290.4,-1.891566227622624e-09,293.8,ASK
948,1712612520.3772292,36556488.64754458,290.4,-0.0,293.8,ASK
949,1712612538.8561025,36556509.30158933,290.5,1.891565189247724e-09,293.8,BID
950,1712612550.3846917,36556509.30158933,290.5,0.0,293.8,BID
951,1712612570.875592,36558770.63625156,290.4,-2.0710033451698906e-07,293.8,ASK
952,1712612570.9757414,36561228.40890152,290.4,-2.2509076010512845e-07,293.8,ASK
953,1712612570.981465,36561746.6016115,290.4,-4.7457762609911167e-08,293.8,ASK
954,1712612574.8256483,36561767.25565625,290.4,-1.8915641491514675e-09,293.8,ASK
955,1712612580.572482,36561767.25565625,290.4,-0.0,293.8,ASK
956,1712612589.605647,36561801.25565625,290.4,-3.113394475635282e-09,293.8,ASK
957,1712612601.0258708,36565920.0204118,290.0,-3.771570422459258e-07,293.8,ASK
958,1712612601.035951,36570620.26155625,290.0,-4.304030827442021e-07,293.8,ASK
959,1712612607.9071522,36570640.92271327,290.4,1.8919509448395967e-09,293.8,BID
960,1712612610.5656018,36570640.92271327,290.4,0.0,293.8,BID
961,1712612611.345721,36571640.92271327,290.0,-9.154885263409869e-08,293.8,ASK
962,1712612611.3554022,36572192.72451286,290.0,-5.05168216337036e-08,293.8,ASK
963,1712612631.8753955,36572761.4600301,290.0,5.206708405567974e-08,293.8,BID
964,1712612636.355553,36573273.29347837,290.0,4.6857764928733007e-08,293.8,BID
965,1712612640.3930502,36573273.29347837,290.0,0.0,293.8,BID
966,1712612642.3426335,36573293.95463539,289.9,-1.8913730363588198e-09,293.8,ASK
967,1712612652.4459183,36573994.20199598,289.9,-6.410236248454459e-08,293.8,ASK
968,1712612653.555531,36576994.20199598,289.9,-2.746273649505061e-07,293.8,ASK
969,1712612670.3709283,36576994.20199598,289.9,-0.0,293.8,ASK
970,1712612674.556182,36577014.89165115,290.0,1.8937948222381687e-09,293.8,BID
971,1712612678.7656858,36578049.73125102,289.9,-9.472240402234877e-08,293.8,ASK
972,1712612700.4060612,36578049.73125102,289.9,-0.0,293.8,ASK
973,1712612730.356814,36578049.73125102,289.9,-0.0,293.8,ASK
974,1712612744.2256055,36578199.73125102,289.9,-1.3738506750259466e-08,293.8,ASK
975,1712612744.2322068,36579604.15646917,289.9,-1.2863136893124204e-07,293.8,ASK
976,1712612760.5966213,36579604.15646917,289.9,-0.0,293.8,ASK
1177,1712612777.605681,36579624.84612434,289.8,-1.894888240985283e-09,293.8,ASK
977,1712612777.605681,36579624.84612434,289.8,-1.8948882409852832e-09,293.8,ASK
978,1712612790.5959935,36579624.84612434,289.8,-0.0,293.8,ASK
979,1712612802.3256292,36579645.54291633,289.9,1.8955408335533512e-09,293.8,BID
980,1712612820.355867,36579645.54291633,289.9,0.0,293.8,BID
981,1712612840.3925672,36579990.60847879,289.8,-3.1603231311115095e-08,293.8,ASK
982,1712612850.400507,36579990.60847879,289.8,-0.0,293.8,ASK
983,1712612874.8199134,36580011.30527078,289.8,-1.895522432240937e-09,293.8,ASK
984,1712612880.5857587,36580011.30527078,289.8,-0.0,293.8,ASK
985,1712612887.555847,36582256.57727355,289.8,-2.0563385434593405e-07,293.8,ASK
986,1712612899.6963184,36582277.26692872,290.0,1.894867763204604e-09,293.8,BID
987,1712612910.594777,36582277.26692872,290.0,0.0,293.8,BID
988,1712612933.0759747,36585056.99085985,290.0,2.545664711161511e-07,293.8,BID
989,1712612939.235799,36585077.68051502,289.8,-1.894753808537096e-09,293.8,ASK
990,1712612940.3961103,36585077.68051502,289.8,-0.0,293.8,ASK
991,1712612950.1365085,36602663.75290325,289.8,-1.610408647687549e-06,293.8,ASK
992,1712612950.1456318,36611725.89927709,289.8,-8.298475387150816e-07,293.8,ASK
993,1712612957.9659045,36621958.93926366,289.8,9.370697289706122e-07,293.8,BID
994,1712612964.325925,36621979.62891883,290.0,1.894612899779001e-09,293.8,BID
995,1712612970.385874,36621979.62891883,290.0,0.0,293.8,BID
996,1712613000.3469746,36623402.01698123,290.0,1.3012484957118496e-07,293.8,BID
997,1712613000.3516018,36630298.48202737,290.0,6.309118449614614e-07,293.8,BID
998,1712613000.4204702,36630298.48202737,290.0,0.0,293.8,BID
999,1712613002.186162,36630319.17168254,290.0,-1.895595119547929e-09,293.8,ASK
1000,1712613016.8661506,36639076.28748609,290.0,-8.023307223954525e-07,293.8,ASK
1201,1712613016.8809211,36639284.68892391,290.0,-1.9093829510133977e-08,293.8,ASK
1202,1712613028.7063482,36639305.3571981,290.3,1.893636184647916e-09,293.8,BID
1203,1712613030.3771076,36639305.3571981,290.3,0.0,293.8,BID
1204,1712613060.5288002,36639305.3571981,290.3,0.0,293.8,BID
1205,1712613090.5763657,36639305.3571981,290.3,0.0,293.8,BID
1206,1712613102.8662877,36639326.02547229,290.0,-1.8931831228209846e-09,293.8,ASK
1207,1712613106.5501163,36639498.32044127,290.2,1.5781962458672986e-08,293.8,BID
1208,1712613120.361599,36639498.32044127,290.2,0.0,293.8,BID
1209,1712613120.7665064,36644326.02547229,290.2,4.422083200530825e-07,293.8,BID
1210,1712613120.7698572,36644431.6964832,290.2,9.679257517432336e-09,293.8,BID
1211,1712613130.6545894,36644452.36475739,290.3,1.8931734121493797e-09,293.8,BID
1212,1712613150.3922446,36644452.36475739,290.3,0.0,293.8,BID
1213,1712613167.386334,36644473.03303158,290.2,-1.8929241386431834e-09,293.8,ASK
1214,1712613179.6663888,36644973.03303158,290.2,-4.579298979864759e-08,293.8,ASK
1215,1712613180.5785348,36644973.03303158,290.2,-0.0,293.8,ASK
1216,1712613186.7368965,36647445.93495977,290.2,-2.2648001140817537e-07,293.8,ASK
1217,1712613191.6665244,36647466.60323396,290.3,1.892897943865421e-09,293.8,BID
1218,1712613206.4555404,36649230.01228455,290.0,-1.61501310400289e-07,293.8,ASK
1219,1712613210.5616262,36649230.01228455,290.0,-0.0,293.8,ASK
1220,1712613229.6264496,36649250.68055874,290.0,-1.8926838635526944e-09,293.8,ASK
1221,1712613232.7562723,36649301.28815274,290.0,-4.634357742439341e-09,293.8,ASK
1222,1712613240.3732193,36649301.28815274,290.0,-0.0,293.8,ASK
1223,1712613254.4364228,36649321.95642693,290.3,1.892680281007841e-09,293.8,BID
1224,1712613270.3708258,36649321.95642693,290.3,0.0,293.8,BID
1225,1712613293.8363366,36649342.62470112,290.0,-1.892679240402254e-09,293.8,ASK
1226,1712613300.5713656,36649342.62470112,290.0,-0.0,293.8,ASK
1227,1712613305.116529,36651592.42778659,290.0,-2.064076093876979e-07,293.8,ASK
1228,1712613305.118338,36656384.87822224,290.0,-4.396821410377574e-07,293.8,ASK
1229,1712613319.5263526,36656405.5607455,290.1,1.897512813174108e-09,293.8,BID
1230,1712613322.2566242,36657488.29951071,290.1,9.933559143990889e-08,293.8,BID
1231,1712613330.5701852,36657488.29951071,290.1,0.0,293.8,BID
1232,1712613354.4468603,36657508.98203397,290.1,-1.8971016472177607e-09,293.8,ASK
1233,1712613355.856485,36657528.98203397,290.2,1.834497293729547e-09,293.8,BID
1234,1712613360.4040458,36657528.98203397,290.2,0.0,293.8,BID
1235,1712613387.3366418,36657549.65030816,290.3,1.8957926011347207e-09,293.8,BID
1236,1712613387.4590874,36657899.91300518,290.3,3.212776370337728e-08,293.8,BID
1237,1712613387.462855,36660001.70737816,290.3,1.9278659572604602e-07,293.8,BID
1238,1712613387.5767384,36661914.0299025,290.3,1.7540733486549474e-07,293.8,BID
1239,1712613390.3613353,36661914.0299025,290.3,0.0,293.8,BID
1240,1712613404.526356,36663961.55169223,290.3,1.8778652910474057e-07,293.8,BID
1241,1712613404.6296384,36664329.45563425,290.4,3.3741962924251124e-08,293.8,BID
1242,1712613404.632504,36664980.91103371,290.4,5.974761731229075e-08,293.8,BID
1243,1712613404.6342175,36666751.21557474,290.4,1.623618106951169e-07,293.8,BID
1244,1712613404.6663065,36667443.85467474,290.4,-6.3524741550349e-08,293.8,ASK
1245,1712613420.1535685,36667547.64267474,290.4,-9.518818495390828e-09,293.8,ASK
1246,1712613420.5691152,36667547.64267474,290.4,-0.0,293.8,ASK
1247,1712613434.8115506,36668346.82586441,290.4,-7.328533753925176e-08,293.8,ASK
1248,1712613434.813084,36668799.57511337,290.4,-4.1517241552711386e-08,293.8,ASK
1249,1712613450.567469,36668799.57511337,290.4,-0.0,293.8,ASK
1250,1712613454.1966286,36668820.24338756,290.4,-1.895223740818154e-09,293.8,ASK
1251,1712613460.6020658,36671489.44022411,290.4,-2.447579883977224e-07,293.8,ASK
1252,1712613480.4085996,36671489.44022411,290.4,-0.0,293.8,ASK
1253,1712613489.566927,36671509.44022411,290.4,-1.8338134884161391e-09,293.8,ASK
1254,1712613510.3485763,36671509.44022411,290.4,-0.0,293.8,ASK
1255,1712613511.600141,36671849.70741833,290.4,-3.1199311906345725e-08,293.8,ASK
1256,1712613511.6030056,36676691.61036163,290.3,-4.439571099264346e-07,293.8,ASK
1257,1712613511.6058066,36676791.61036163,290.2,-9.16906255919328e-09,293.8,ASK
1258,1712613511.608626,36677072.52217272,290.4,-2.5756979695097174e-08,293.8,ASK
1259,1712613511.6115024,36679809.44022411,290.2,-2.509497283259715e-07,293.8,ASK
1260,1712613517.7966657,36679830.10138113,290.4,1.894434412565273e-09,293.8,BID
1261,1712613540.5897727,36679830.10138113,290.4,0.0,293.8,BID
1262,1712613570.6091385,36679830.10138113,290.4,0.0,293.8,BID
1263,1712613600.7347906,36679830.10138113,290.4,0.0,293.8,BID
1264,1712613601.042061,36680170.36857535,290.3,-3.1315942755737144e-08,293.8,ASK
1265,1712613616.155975,36680191.02973237,290.3,-1.901516283323099e-09,293.8,ASK
1266,1712613616.2670147,36681146.24330453,290.3,-8.791154143999104e-08,293.8,ASK
1267,1712613616.2688522,36687674.73968632,290.3,-6.008396414542724e-07,293.8,ASK
1268,1712613616.3873498,36688398.18345436,290.2,-6.658098109904219e-08,293.8,ASK
1269,1712613616.3970103,36691858.54527379,290.2,-3.184688224211292e-07,293.8,ASK
1270,1712613630.5801766,36691858.54527379,290.2,-0.0,293.8,ASK
1271,1712613636.9175038,36710545.95436147,290.4,1.7193131087602789e-06,293.8,BID
1272,1712613636.921477,36712310.67969111,290.5,1.6236147977410968e-07,293.8,BID
1273,1712613636.925287,36715339.25545418,290.2,2.786405534275552e-07,293.8,BID
1274,1712613636.9289114,36721038.66715027,290.3,5.243676742624888e-07,293.8,BID
1275,1712613636.930602,36721057.45415027,290.5,1.728475853637384e-09,293.8,BID
1276,1712613636.9323218,36734711.6416245,290.5,1.2562374700407596e-06,293.8,BID
1277,1712613637.4563024,36734815.4226245,290.5,-9.548248925026543e-09,293.8,ASK
1278,1712613639.7865202,36734918.9996245,290.5,-9.529480145150062e-09,293.8,ASK
1279,1712613645.046608,36734939.76805648,290.5,-1.910775174383877e-09,293.8,ASK
1280,1712613646.900879,36734960.41499385,290.6,1.8995972052601063e-09,293.8,BID
1281,1712613660.4434493,36734960.41499385,290.6,0.0,293.8,BID
1282,1712613674.686501,36734978.05594853,290.5,-1.6211683177702175e-09,293.8,ASK
1283,1712613676.7079194,36734995.60584529,290.6,1.612800277147718e-09,293.8,BID
1284,1712613679.157183,36735016.25278266,290.5,-1.897412091889752e-09,293.8,ASK
1285,1712613690.3768504,36735016.25278266,290.5,-0.0,293.8,ASK
1286,1712613699.1964002,36735987.74178266,290.5,-8.927775556336018e-08,293.8,ASK
1287,1712613704.8215652,36741896.74210792,290.5,-5.430244569548117e-07,293.8,ASK
1288,1712613710.7265437,36741997.3848936,290.1,-9.248856157348622e-09,293.8,ASK
1289,1712613711.0865417,36742018.03183097,290.6,1.8974092624953983e-09,293.8,BID
1290,1712613720.6236663,36742018.03183097,290.6,0.0,293.8,BID
1291,1712613741.256573,36742107.17198741,290.6,8.19025829049816e-09,293.8,BID
1292,1712613744.156582,36742127.81892478,290.5,-1.8970546689975e-09,293.8,ASK
1293,1712613750.582604,36742127.81892478,290.5,-0.0,293.8,ASK
1294,1712613751.5567322,36742324.12441546,290.6,1.8036629326148573e-08,293.8,BID
1295,1712613751.5680346,36742399.83888348,290.6,6.956676502815637e-09,293.8,BID
1296,1712613758.406741,36744083.37295092,290.6,1.5468380342859656e-07,293.8,BID
1297,1712613775.5765028,36744104.01988829,290.6,1.8970491083985677e-09,293.8,BID
1298,1712613780.389804,36744104.01988829,290.6,0.0,293.8,BID
1299,1712613810.3809664,36744104.01988829,290.6,0.0,293.8,BID
1300,1712613813.4968038,36745226.00044362,290.6,1.0308259627807705e-07,293.8,BID
1301,1712613813.5002718,36745824.59800253,290.6,5.4996488312266784e-08,293.8,BID
1302,1712613813.577204,36757906.60843349,290.6,1.1100415221656788e-06,293.8,BID
1303,1712613813.5812442,36759207.54890253,290.6,1.195246392763201e-07,293.8,BID
1304,1712613840.5664096,36759207.54890253,290.6,0.0,293.8,BID
1305,1712613846.826882,36759228.1958399,290.5,-1.896184379231182e-09,293.8,ASK
1306,1712613847.1666389,36760260.54270844,290.6,9.48092189642961e-08,293.8,BID
1307,1712613857.3644328,36762465.62843398,290.6,2.0251183178606325e-07,293.8,BID
1308,1712613857.367761,36777441.10625545,290.7,1.375325870724047e-06,293.8,BID
1309,1712613857.3711295,36780915.47846049,290.7,3.190812363440896e-07,293.8,BID
1310,1712613857.3741984,36785006.90230346,290.6,3.757503517692107e-07,293.8,BID
1311,1712613857.377198,36785260.54270844,290.7,2.3293961968666045e-08,293.8,BID
1312,1712613857.846696,36785776.71614271,290.6,-4.74046094814638e-08,293.8,ASK
1313,1712613857.848593,36785778.66170844,290.5,-1.7867789689391147e-10,293.8,ASK
1314,1712613859.5070355,36785978.66170844,290.5,-1.8367706020736612e-08,293.8,ASK
1315,1712613870.5810187,36785978.66170844,290.5,-0.0,293.8,ASK
1316,1712613875.2688267,36785999.30154332,290.7,1.894178432657391e-09,293.8,BID
1317,1712613885.3166287,36786034.94015377,290.5,-3.270660239222278e-09,293.8,ASK
1318,1712613900.3800128,36786034.94015377,290.5,-0.0,293.8,ASK
1319,1712613905.8368466,36787776.03922497,290.7,1.601636078730405e-07,293.8,BID
1320,1712613913.366708,36787796.67905985,290.6,-1.898657276374446e-09,293.8,ASK
1321,1712613920.4372578,36788847.82594815,290.7,9.669494448642025e-08,293.8,BID
1322,1712613920.4414103,36789399.23304302,290.7,5.07239083534761e-08,293.8,BID
1323,1712613922.2970736,36789516.42204302,290.7,-1.0780209669183904e-08,293.8,ASK
1324,1712613928.3374686,36789516.66529996,290.7,-2.237719267407116e-11,293.8,ASK
1325,1712613928.467644,36789534.55315685,290.7,1.6455029725380099e-09,293.8,BID
1326,1712613930.3624542,36789534.55315685,290.7,0.0,293.8,BID
1327,1712613931.1374283,36790056.7956749,290.7,4.803656504962806e-08,293.8,BID
1328,1712613943.9565938,36790077.43550978,290.7,1.898479607861171e-09,293.8,BID
1329,1712613951.4472728,36790212.07430108,290.7,1.2384256036283653e-08,293.8,BID
1330,1712613951.4518616,36790413.82639122,290.8,1.855742699434872e-08,293.8,BID
1331,1712613951.456088,36790761.04861344,290.7,3.1937964236642926e-08,293.8,BID
1332,1712613951.4603546,36807954.99634384,290.8,1.5815223006036916e-06,293.8,BID
1333,1712613951.5865524,36808990.53024384,290.8,-9.524979263332897e-08,293.8,ASK
1334,1712613953.472639,36809032.21138312,290.8,-3.833886919050553e-09,293.8,ASK
1335,1712613953.4988115,36810077.43550978,290.8,-9.614111263798828e-08,293.8,ASK
1336,1712613954.6379628,36810119.08738312,290.7,-3.831194998743283e-09,293.8,ASK
1337,1712613956.7066476,36810160.33867222,290.9,3.794348724467893e-09,293.8,BID
1338,1712613960.5763462,36810160.33867222,290.9,0.0,293.8,BID
1339,1712613971.3672328,36810334.49028715,290.9,1.6009865856954276e-08,293.8,BID
1340,1712613971.3709805,36814215.4686432,290.9,3.567807447569773e-07,293.8,BID
1341,1712613971.3744965,36817035.55352268,290.9,2.592521501720987e-07,293.8,BID
1342,1712613975.5068605,36823910.76837314,290.9,6.320427607853454e-07,293.8,BID
1343,1712613978.2013187,36824317.89403006,290.9,3.742731387772644e-08,293.8,BID
1344,1712613978.2032115,36831449.14631078,290.9,6.55580440379134e-07,293.8,BID
1345,1712613978.336962,36831966.61831078,290.9,-4.757152156332288e-08,293.8,ASK
1346,1712613978.3406854,36832484.19931078,290.9,-4.758154200061341e-08,293.8,ASK
1347,1712613979.71765,36832496.52458609,291.0,1.1330701953941547e-09,293.8,BID
1348,1712613979.7214146,36834074.05825563,291.0,1.450236476116926e-07,293.8,BID
1349,1712613984.120924,36835315.30081757,290.9,-1.141081977391985e-07,293.8,ASK
1350,1712613990.588696,36835315.30081757,290.9,-0.0,293.8,ASK
1351,1712613995.1567717,36835461.98743752,290.7,-1.3475926271249808e-08,293.8,ASK
1352,1712613995.1618268,36839597.96262188,290.7,-3.799671480956061e-07,293.8,ASK
1353,1712614012.5770242,36839769.78392772,291.0,1.57850201341867e-08,293.8,BID
1354,1712614016.7874892,36839790.4237626,290.6,-1.896157217402337e-09,293.8,ASK
1355,1712614020.3999436,36839790.4237626,290.6,-0.0,293.8,ASK
1356,1712614040.3863533,36840751.79355426,290.6,-8.830935104857112e-08,293.8,ASK
1357,1712614040.4054115,36840772.41211096,291.0,1.8939760512345308e-09,293.8,BID
1358,1712614049.096671,36840812.41211096,291.0,3.674313539463429e-09,293.8,BID
1359,1712614050.3782406,36840812.41211096,291.0,0.0,293.8,BID
1360,1712614080.08999,36840833.03066766,290.6,-1.893924379163715e-09,293.8,ASK
1361,1712614080.5566318,36840833.03066766,290.6,-0.0,293.8,ASK
1362,1712614110.6335893,36840833.03066766,290.6,-0.0,293.8,ASK
1363,1712614139.4766111,36840853.64922436,291.0,1.893923336796748e-09,293.8,BID
1364,1712614140.361686,36840853.64922436,291.0,0.0,293.8,BID
1365,1712614170.3824666,36840853.64922436,291.0,0.0,293.8,BID
1366,1712614172.94344,36840922.37774669,291.0,6.313074308846551e-09,293.8,BID
1367,1712614178.416675,36840942.99630339,290.7,-1.893922292996152e-09,293.8,ASK
1368,1712614200.4291687,36840942.99630339,290.7,-0.0,293.8,ASK
1369,1712614211.076989,36841677.21425615,290.7,-6.758340256289423e-08,293.8,ASK
1370,1712614211.0821726,36841697.83281285,291.0,1.8978999526189595e-09,293.8,BID
1371,1712614230.3657684,36841697.83281285,291.0,0.0,293.8,BID
1372,1712614241.1064243,36842041.47542453,291.0,3.163102696847226e-08,293.8,BID
1373,1712614245.846802,36842062.09398123,290.7,-1.897861618122052e-09,293.8,ASK
1374,1712614248.596849,36842100.91198123,290.7,-3.573052826581407e-09,293.8,ASK
1375,1712614260.6373038,36842100.91198123,290.7,-0.0,293.8,ASK
1376,1712614266.9510903,36842436.82528123,290.7,-3.0919238742379535e-08,293.8,ASK
1377,1712614266.9547975,36843132.9037253,290.7,-6.407074562290463e-08,293.8,ASK
1378,1712614267.0550182,36843342.53845517,290.7,-1.9295890521547803e-08,293.8,ASK
1379,1712614267.0571663,36844030.53295121,290.7,-6.332665624283699e-08,293.8,ASK
1380,1712614270.4666853,36844051.15859576,290.9,1.8984935340405783e-09,293.8,BID
1381,1712614281.5495076,36844298.08222916,290.9,2.2728158641301443e-08,293.8,BID
1382,1712614290.6288786,36844298.08222916,290.9,0.0,293.8,BID
1383,1712614291.1867185,36845999.8611094,290.9,1.5663152951536074e-07,293.8,BID
1384,1712614310.3365831,36846706.1425179,290.6,-6.500605840559272e-08,293.8,ASK
1385,1712614310.3463905,36859247.56386718,290.6,-1.154310957225488e-06,293.8,ASK
1386,1712614315.026256,36860278.23570899,290.9,9.486291602591773e-08,293.8,BID
1387,1712614315.0295014,36865885.78023865,290.9,-5.161177440298644e-07,293.8,ASK
1388,1712614315.0351036,36875511.08102865,290.9,-8.859115613018525e-07,293.8,ASK
1389,1712614315.0368955,36883661.78508245,290.9,-7.501898498090834e-07,293.8,ASK
1390,1712614320.3488283,36883661.78508245,290.9,-0.0,293.8,ASK
1391,1712614332.6171925,36890446.6961369,290.6,-6.238251756878704e-07,293.8,ASK
1392,1712614332.622023,36891410.5612637,290.6,-8.862066536207483e-08,293.8,ASK
1393,1712614332.6261814,36901410.5612637,290.7,-9.194301453354688e-07,293.8,ASK
1394,1712614332.630163,36923254.06980202,290.5,-2.008358023002472e-06,293.8,ASK
1395,1712614332.6337993,36926691.786594,290.6,-3.160740449672325e-07,293.8,ASK
1396,1712614332.637111,37012326.83282017,290.5,-7.873544299753358e-06,293.8,ASK
1397,1712614342.4373288,37012347.45846472,290.1,-1.8963839365993623e-09,293.8,ASK
1398,1712614350.3945072,37012347.45846472,290.1,-0.0,293.8,ASK
1399,1712614368.486683,37012368.11250947,290.5,1.892489874677705e-09,293.8,BID
1400,1712614380.53941,37012368.11250947,290.5,0.0,293.8,BID
1401,1712614406.5273278,37012388.76655422,290.2,-1.892488834930001e-09,293.8,ASK
1402,1712614410.5634751,37012388.76655422,290.2,-0.0,293.8,ASK
1403,1712614422.5965753,37012503.25007232,290.2,-1.0489890158236053e-08,293.8,ASK
1404,1712614426.2004929,37012560.39853247,290.2,-5.2363962920238815e-09,293.8,ASK
1405,1712614431.9568355,37012581.05257722,290.5,1.892487794892531e-09,293.8,BID
1406,1712614440.438485,37012581.05257722,290.5,0.0,293.8,BID
1407,1712614440.7965574,37012753.1696168,290.5,1.5770650982360417e-08,293.8,BID
1408,1712614452.4070911,37012805.46509626,290.5,4.791703113305727e-09,293.8,BID
1409,1712614452.4180288,37014130.10593349,290.5,1.2137350474694297e-07,293.8,BID
1410,1712614470.3823202,37014130.10593349,290.5,0.0,293.8,BID
1411,1712614470.946832,37014150.10593349,290.3,-1.8324740869413103e-09,293.8,ASK
1412,1712614470.951862,37014150.75997824,290.3,-5.99260032438356e-11,293.8,ASK
1413,1712614500.39668,37014150.75997824,290.3,-0.0,293.8,ASK
1414,1712614502.456594,37014171.41402299,290.5,1.8935965162822727e-09,293.8,BID
1415,1712614504.9277854,37023979.12799999,290.2,-8.991872171635391e-07,293.8,ASK
1416,1712614504.937046,37033665.4788882,290.2,-8.880604511979947e-07,293.8,ASK
1417,1712614504.9393437,37034039.06390648,290.3,-3.4250883921885526e-08,293.8,ASK
1418,1712614505.2775047,37036095.59944488,290.9,1.8854653307651937e-07,293.8,BID
1419,1712614505.2820036,37037436.62117252,290.5,1.229470596570059e-07,293.8,BID
1420,1712614505.2858398,37039076.62117252,290.9,1.5035787540360516e-07,293.8,BID
1421,1712614505.2896807,37040796.62117252,290.7,1.576924059110981e-07,293.8,BID
1422,1712614530.399741,37040796.62117252,290.7,0.0,293.8,BID
1423,1712614538.1167245,37041137.91810084,290.7,-3.1268480522178335e-08,293.8,ASK
1424,1712614538.3174856,37041158.57214559,290.7,-1.892254345969596e-09,293.8,ASK
1425,1712614546.3672426,37071603.66148766,290.9,2.789277031480909e-06,293.8,BID
1426,1712614546.3697674,37090851.35750165,291.0,1.7634093891966194e-06,293.8,BID
1427,1712614546.3721054,37115576.90697766,291.0,2.265271961244694e-06,293.8,BID
1428,1712614557.7784574,37119010.97291173,291.2,3.146176096535273e-07,293.8,BID
1429,1712614557.7808628,37125881.46415186,291.1,6.294513770599975e-07,293.8,BID
1430,1712614557.7831657,37132749.59602,291.2,6.292352193070546e-07,293.8,BID
1431,1712614557.9570787,37134817.85232,291.2,-1.8948670926841414e-07,293.8,ASK
1432,1712614557.976317,37135334.77582,291.2,-4.735879830689817e-08,293.8,ASK
1433,1712614559.5964758,37135525.56774178,291.2,-1.7479716325755088e-08,293.8,ASK
1434,1712614560.4346125,37136128.07998874,291.0,-5.520015240375829e-08,293.8,ASK
1435,1712614560.4370756,37137888.07998874,291.0,-1.6124530035858326e-07,293.8,ASK
1436,1712614560.439426,37140426.46730154,291.2,-2.325585367493201e-07,293.8,ASK
1437,1712614560.5102885,37149471.07431154,291.0,8.286365761094942e-07,293.8,BID
1438,1712614560.5263813,37149814.54518778,291.0,3.146765034296708e-08,293.8,BID
1439,1712614560.5738049,37150878.31884041,291.0,9.745937621111333e-08,293.8,BID
1440,1712614560.5806427,37150878.31884041,291.0,0.0,293.8,BID
1441,1712614561.787919,37150947.04736274,291.0,6.278428414393056e-09,293.8,BID
1442,1712614563.9763997,37150967.66591944,291.0,1.88352852445404e-09,293.8,BID
1443,1712614568.0965276,37156453.38974944,291.0,5.011270895967845e-07,293.8,BID
1444,1712614589.6863856,37173796.43518821,291.0,-1.584306858093922e-06,293.8,ASK
1445,1712614590.5817664,37173796.43518821,291.0,-0.0,293.8,ASK
1446,1712614594.7767017,37178503.493837,291.0,-4.297211890660322e-07,293.8,ASK
1447,1712614598.7565062,37178524.1123937,291.0,-1.8823285119912022e-09,293.8,ASK
1448,1712614605.286429,37179024.1123937,291.0,-4.56464664166369e-08,293.8,ASK
1449,1712614618.3615246,37179198.02547081,291.0,-1.5877034867299916e-08,293.8,ASK
1450,1712614618.9463663,37185198.02547081,291.0,-5.477575969996428e-07,293.8,ASK
1451,1712614620.3809104,37185198.02547081,291.0,-0.0,293.8,ASK
1452,1712614621.9370365,37185236.80747081,291.0,-3.5394504312036635e-09,293.8,ASK
1453,1712614631.996509,37185257.40479315,291.3,1.8798205718797718e-09,293.8,BID
1454,1712614633.8467386,37185262.33098607,291.3,4.4959041930950287e-10,293.8,BID
1455,1712614633.8525672,37185291.73366373,291.3,2.683443868743401e-09,293.8,BID
1456,1712614638.2325215,37185346.65985665,291.3,5.0128548599326764e-09,293.8,BID
1457,1712614638.2350185,37185391.73366373,291.3,4.11367402131367e-09,293.8,BID
1458,1712614642.1363916,37186421.59978113,291.3,9.399102864294709e-08,293.8,BID
1459,1712614642.6269577,37186520.67978113,291.0,-9.042564815375683e-09,293.8,ASK
1460,1712614650.3765962,37186520.67978113,291.0,-0.0,293.8,ASK
1461,1712614666.8063612,37186541.27710347,291.0,-1.879754480171728e-09,293.8,ASK
1462,1712614680.5700638,37186541.27710347,291.0,-0.0,293.8,ASK
1463,1712614689.4763594,37186946.36358469,291.0,-3.696901465806388e-08,293.8,ASK
1464,1712614691.9063718,37186966.96090703,291.3,1.8797534519305102e-09,293.8,BID
1465,1712614700.9164846,37189727.48545907,291.0,-2.519310748674993e-07,293.8,ASK
1466,1712614700.9833932,37189827.48545838,291.0,-9.126202951336644e-09,293.8,ASK
1467,1712614700.986427,37198627.18338646,291.0,-8.030782975257347e-07,293.8,ASK
1468,1712614700.9888935,37203543.84035007,291.0,-4.487040959956553e-07,293.8,ASK
1469,1712614700.9962866,37203543.84035076,291.0,-6.323582532197266e-17,293.8,ASK
1470,1712614703.4064982,37204213.88112176,290.7,-6.11492810373186e-08,293.8,ASK
1471,1712614703.4169812,37208863.51021158,290.7,-4.243345901297391e-07,293.8,ASK
1472,1712614709.2363596,37212359.57169146,290.5,-3.190576681444721e-07,293.8,ASK
1473,1712614710.2168822,37222679.48913212,290.7,-9.418166165007594e-07,293.8,ASK
1474,1712614710.2219813,37223939.52808739,290.5,-1.149937131121841e-07,293.8,ASK
1475,1712614710.5610554,37223939.52808739,290.5,-0.0,293.8,ASK
1476,1712614711.4870725,37224850.69589806,291.0,8.307257051274895e-08,293.8,BID
1477,1712614711.4908314,37225732.52385754,291.0,8.039761116000372e-08,293.8,BID
1478,1712614711.4948642,37227432.52385754,290.9,1.549916142973367e-07,293.8,BID
1479,1712614728.8964152,37227453.12117988,290.5,-1.8778895525089847e-09,293.8,ASK
1480,1712614740.3912325,37227453.12117988,290.5,-0.0,293.8,ASK
1481,1712614754.8167217,37227473.74682443,290.9,1.8802964840032955e-09,293.8,BID
1482,1712614762.4064522,37227573.74682443,290.9,9.116304120678464e-09,293.8,BID
1483,1712614770.3448417,37230598.54007246,290.5,-2.757493515126199e-07,293.8,ASK
1484,1712614770.3987448,37230598.54007246,290.5,-0.0,293.8,ASK
1485,1712614774.1964288,37231119.01196697,290.5,-4.744384849920456e-08,293.8,ASK
1486,1712614790.9663198,37235119.01196697,290.9,3.6462179033788163e-07,293.8,BID
1487,1712614791.426366,37235139.63761152,290.6,-1.8801398606485976e-09,293.8,ASK
1488,1712614796.806376,37235490.87854587,290.9,3.2017524580625054e-08,293.8,BID
1489,1712614796.8163266,37245139.63761152,291.0,8.79536951264079e-07,293.8,BID
1490,1712614796.9782865,37245219.01196697,290.6,-7.235404897798444e-09,293.8,ASK
1491,1712614796.9839315,37249053.17521152,290.6,-3.495048666684667e-07,293.8,ASK
1492,1712614800.438831,37249053.17521152,290.6,-0.0,293.8,ASK
1493,1712614818.3448656,37249073.79376822,291.0,1.8846923795428238e-09,293.8,BID
1494,1712614824.1068535,37249091.33762787,290.8,-1.603641761941083e-09,293.8,ASK
1495,1712614830.3925226,37249091.33762787,290.8,-0.0,293.8,ASK
1496,1712614839.177242,37249741.87744618,291.0,5.9464210408343867e-08,293.8,BID
1497,1712614839.182152,37250809.55068628,291.0,9.75933285089234e-08,293.8,BID
1498,1712614851.6873827,37290809.55068628,291.0,3.6562995060250914e-06,293.8,BID
1499,1712614853.7379627,37290830.16924298,290.8,-1.884690466988138e-09,293.8,ASK
1500,1712614860.5712469,37290830.16924298,290.8,-0.0,293.8,ASK
1501,1712614875.2186944,37291160.82170248,291.0,3.0190591957700675e-08,293.8,BID
1502,1712614877.9284697,37291551.23888613,290.8,-3.564747681802373e-08,293.8,ASK
1503,1712614877.9379864,37291682.10580497,290.8,-1.1948950125437604e-08,293.8,ASK
1504,1712614881.0389483,37291702.73854224,290.8,1.8838951104333397e-09,293.8,BID
1505,1712614890.6030362,37291702.73854224,290.8,0.0,293.8,BID
1506,1712614897.638636,37294523.29648391,290.8,2.575282237097993e-07,293.8,BID
1507,1712614904.8988504,37300204.008585,291.0,5.186717405035184e-07,293.8,BID
1508,1712614917.3093135,37300546.89925612,291.0,-3.13072900064289e-08,293.8,ASK
1509,1712614920.3741922,37300546.89925612,291.0,-0.0,293.8,ASK
1510,1712614942.9831593,37300568.72913544,291.0,-1.9926871642148424e-09,293.8,ASK
1511,1712614946.6594086,37302599.13967786,291.2,1.853410624238988e-07,293.8,BID
1512,1712614946.6631966,37304001.61619345,291.3,1.280216399557719e-07,293.8,BID
1513,1712614950.3804324,37304001.61619345,291.3,0.0,293.8,BID
1514,1712614953.5035474,37304022.24893072,291.0,-1.883236015252441e-09,293.8,ASK
1515,1712614967.9404535,37308851.1449959,291.0,-4.407534911238489e-07,293.8,ASK
1516,1712614967.9433987,37313025.66254812,291.0,-3.810256340299947e-07,293.8,ASK
1517,1712614967.9475691,37313094.39107045,291.0,-6.273138984170716e-09,293.8,ASK
1518,1712614973.7203872,37320590.20176701,290.8,-6.841739165065769e-07,293.8,ASK
1519,1712614973.7249322,37321702.01916728,290.8,-1.0148021287823741e-07,293.8,ASK
1520,1712614973.728959,37322217.4830848,291.0,-4.70485423846806e-08,293.8,ASK
1521,1712614974.8499165,37322561.24382732,290.9,-3.137647721824232e-08,293.8,ASK
1522,1712614974.855761,37323270.33763021,290.5,-6.472194989092809e-08,293.8,ASK
1523,1712614974.860989,37336641.95552812,290.6,-1.220483354980165e-06,293.8,ASK
1524,1712614980.6065464,37336641.95552812,290.6,-0.0,293.8,ASK
1525,1712614981.0898037,37336662.55285046,291.3,1.878376361939571e-09,293.8,BID
1526,1712614992.4102552,37336834.37415631,291.3,1.5669273606600753e-08,293.8,BID
1527,1712614992.4152532,37339392.86291501,291.3,2.333218233992723e-07,293.8,BID
1528,1712615007.125209,37342123.17297956,291.1,-2.489910970065525e-07,293.8,ASK
1529,1712615007.1287882,37349901.91952956,291.1,-7.093841325802363e-07,293.8,ASK
1530,1712615007.2003975,37351237.04178702,291.1,-1.2175670442690633e-07,293.8,ASK
1531,1712615007.204834,37351863.40538338,291.1,-5.712133614665617e-08,293.8,ASK
1532,1712615010.5714705,37351863.40538338,291.1,-0.0,293.8,ASK
1533,1712615017.540903,37351884.00270572,291.0,-1.8776175552788727e-09,293.8,ASK
1534,1712615040.2063434,37353884.00270572,290.9,-1.8231666464691922e-07,293.8,ASK
