,time,acc_trade_volume,trade_price,dev,high,ask_bid
0,1712601588.471165,1081960419.751143,13.89,0.0,13.95,BID
1,1712601588.596682,1082033013.702824,13.89,4.6516561588155964e-06,13.95,BID
2,1712601588.5982952,1082064140.9328537,13.89,1.994562465876805e-06,13.95,BID
3,1712601595.4466882,1082064572.8982964,13.87,-2.7679368133423764e-08,13.95,ASK
4,1712601600.17687,1082064572.8982964,13.87,-0.0,13.95,ASK
5,1712601604.2867885,1082065004.863739,13.89,2.7689165605184084e-08,13.95,BID
6,1712601627.356496,1082065436.829182,13.87,-2.7689165620466805e-08,13.95,ASK
7,1712601630.1587274,1082065436.829182,13.87,-0.0,13.95,ASK
8,1712601638.6266935,1082065868.7946246,13.89,2.7689144321889027e-08,13.95,BID
9,1712601660.25614,1082065868.7946246,13.89,0.0,13.95,BID
10,1712601660.9865649,1082066300.7600672,13.87,-2.7689133672586892e-08,13.95,ASK
11,1712601673.1164143,1082066732.72551,13.89,2.7689133687869613e-08,13.95,BID
12,1712601682.7872324,1082068554.1821055,13.87,-1.1675599519986356e-07,13.95,ASK
13,1712601690.2462704,1082068554.1821055,13.87,-0.0,13.95,ASK
14,1712601694.066753,1082068986.1475484,13.87,-2.7689067564825563e-08,13.95,ASK
15,1712601705.2758808,1082069418.112991,13.89,2.7689067549542875e-08,13.95,BID
16,1712601710.095804,1082076182.612631,13.89,4.336057216016869e-07,13.95,BID
17,1712601720.1561432,1082076182.612631,13.89,0.0,13.95,BID
18,1712601721.616316,1082130537.6525338,13.89,3.4841447986086164e-06,13.95,BID
19,1712601728.8159418,1082130969.617977,13.88,-2.768887951768347e-08,13.95,ASK
20,1712601735.3659997,1082166337.9205544,13.88,-2.267099567628792e-06,13.95,ASK
21,1712601741.905947,1082166769.885997,13.89,2.76888795024009e-08,13.95,BID
22,1712601750.1563182,1082166769.885997,13.89,0.0,13.95,BID
23,1712601764.499698,1082167201.85144,13.88,-2.7686647114714253e-08,13.95,ASK
24,1712601775.9456594,1082167633.8168826,13.89,2.768664709943291e-08,13.95,BID
25,1712601780.246055,1082167633.8168826,13.89,0.0,13.95,BID
26,1712601784.315915,1082168353.759287,13.88,-4.61443763590003e-08,13.95,ASK
27,1712601784.3763428,1082203447.6929295,13.88,-2.2493294904853484e-06,13.95,ASK
28,1712601784.3796697,1082357851.7704625,13.88,-9.896458133912156e-06,13.95,ASK
29,1712601790.178516,1082358571.7128673,13.88,-4.614437637428161e-08,13.95,ASK
30,1712601795.9381108,1082359003.67831,13.88,-2.76866258123439e-08,13.95,ASK
31,1712601808.6856222,1082359435.6437528,13.89,2.7686625827625243e-08,13.95,BID
32,1712601810.2659118,1082359435.6437528,13.89,0.0,13.95,BID
33,1712601834.4454973,1082359867.6091957,13.88,-2.768190235639693e-08,13.95,ASK
34,1712601840.1556528,1082359867.6091957,13.88,-0.0,13.95,ASK
35,1712601843.5793295,1082360299.5746384,13.89,2.7681891735606204e-08,13.95,BID
36,1712601863.9556751,1082360731.540081,13.88,-2.7681891720327493e-08,13.95,ASK
37,1712601870.1652637,1082360731.540081,13.88,-0.0,13.95,ASK
38,1712601875.435494,1082361163.5055237,13.89,2.768187044055026e-08,13.95,BID
39,1712601893.645812,1082361595.4709666,13.88,-2.7681870455828965e-08,13.95,ASK
40,1712601900.1751575,1082361595.4709666,13.88,-0.0,13.95,ASK
41,1712601907.2351298,1082362027.4364092,13.89,2.7720751220261373e-08,13.95,BID
42,1712601930.1556675,1082362027.4364092,13.89,0.0,13.95,BID
43,1712601930.7951183,1082362459.401852,13.88,-2.7720740561933367e-08,13.95,ASK
44,1712601939.1268888,1082362891.3672948,13.89,2.7720740546633213e-08,13.95,BID
45,1712601940.5585806,1082389167.0854745,13.88,-1.6862051784706286e-06,13.95,ASK
46,1712601940.5595536,1082444133.9802868,13.88,-3.527418814754499e-06,13.95,ASK
47,1712601960.2452974,1082444133.9802868,13.88,-0.0,13.95,ASK
48,1712601964.8053017,1082444133.9802868,13.88,-0.0,13.95,ASK
49,1712601964.8072064,1082444565.9457295,13.88,-2.7718713341138813e-08,13.95,ASK
50,1712601973.9150138,1082444997.9111724,13.89,2.7718713356437853e-08,13.95,BID
51,1712601990.2652898,1082444997.9111724,13.89,0.0,13.95,BID
52,1712601991.2448208,1082445429.876615,13.88,-2.7718692004712523e-08,13.95,ASK
53,1712602020.1551628,1082445429.876615,13.88,-0.0,13.95,ASK
54,1712602023.6552258,1082458975.1676316,13.88,-8.6918435660284e-07,13.95,ASK
55,1712602023.6570747,1082578854.1541102,13.88,-7.69248439218048e-06,13.95,ASK
56,1712602038.3445663,1082579286.1195529,13.89,2.7718681340353312e-08,13.95,BID
57,1712602049.2052326,1082616902.0873992,13.89,2.4137695358884226e-06,13.95,BID
58,1712602049.2077675,1082647993.7383857,13.89,1.9951122958736382e-06,13.95,BID
59,1712602050.155293,1082647993.7383857,13.89,0.0,13.95,BID
60,1712602058.1358206,1082720003.8428428,13.88,-4.61996447693687e-06,13.95,ASK
61,1712602058.1367297,1082720003.8428435,13.88,-4.588878356980777e-17,13.95,ASK
62,1712602058.1376088,1082720003.8428445,13.88,-6.118504475974369e-17,13.95,ASK
63,1712602062.3351164,1082720435.8082871,13.87,-2.7713680120123066e-08,13.95,ASK
64,1712602072.0145397,1082720868.0849442,13.88,2.77336467581496e-08,13.95,BID
65,1712602080.2470443,1082720868.0849442,13.88,0.0,13.95,BID
66,1712602100.214736,1082721300.3616014,13.87,-2.7731847115496884e-08,13.95,ASK
67,1712602103.2846222,1082759604.3162618,13.87,-2.4573138454357966e-06,13.95,ASK
68,1712602103.2861896,1083105330.5361214,13.87,-2.2179376367869703e-05,13.95,ASK
69,1712602103.287746,1083701160.2549312,13.87,-3.822426771684303e-05,13.95,ASK
70,1712602103.384246,1083701160.2549317,13.87,-3.059053722412911e-17,13.95,ASK
71,1712602103.5047586,1083725085.3342967,13.86,-1.534865767726025e-06,13.95,ASK
72,1712602103.5068004,1083946529.8651662,13.86,-1.4206332388544884e-05,13.95,ASK
73,1712602107.864585,1083946962.4534864,13.87,2.7751841243579258e-08,13.95,BID
74,1712602110.2450345,1083946962.4534864,13.87,0.0,13.95,BID
75,1712602130.6750157,1083947395.0418065,13.85,-2.7721601838247323e-08,13.95,ASK
76,1712602138.9843829,1084085537.2982397,13.86,8.852584438071981e-06,13.95,BID
77,1712602140.1447597,1084085537.2982397,13.86,0.0,13.95,BID
78,1712602142.5752797,1084085969.8865595,13.87,2.7718190277476084e-08,13.95,BID
79,1712602154.1350815,1084086969.8865595,13.85,-6.407521650404015e-08,13.95,ASK
80,1712602154.136914,1084099449.4290352,13.85,-7.9962938598659e-07,13.95,ASK
81,1712602154.1447728,1084125984.5404058,13.85,-1.7002430060276738e-06,13.95,ASK
82,1712602165.3343885,1084126417.128726,13.85,-2.7718190277476084e-08,13.95,ASK
83,1712602170.1569004,1084126417.128726,13.85,-0.0,13.95,ASK
84,1712602186.0246165,1084147121.52448,13.87,1.326590513121993e-06,13.95,BID
85,1712602200.174456,1084147121.52448,13.87,0.0,13.95,BID
86,1712602205.3145237,1084182244.52448,13.87,2.2510378268396294e-06,13.95,BID
87,1712602222.716827,1084197744.52448,13.87,9.933970992231375e-07,13.95,BID
88,1712602230.164454,1084197744.52448,13.87,0.0,13.95,BID
89,1712602230.4248886,1084297744.52448,13.87,6.408725148741145e-06,13.95,BID
90,1712602242.543957,1084393256.2944877,13.87,6.121086824470245e-06,13.95,BID
91,1712602242.6669402,1084424341.52448,13.87,1.9921669520815817e-06,13.95,BID
92,1712602243.5941951,1084424773.489923,13.89,2.7683477972739933e-08,13.95,BID
93,1712602260.1759017,1084424773.489923,13.89,0.0,13.95,BID
94,1712602265.3547692,1084425205.4553657,13.86,-2.7677892437780724e-08,13.95,ASK
95,1712602275.014685,1084425637.4208086,13.89,2.7677892453057218e-08,13.95,BID
96,1712602290.1740496,1084425637.4208086,13.89,0.0,13.95,BID
97,1712602299.0438724,1084426069.3862512,13.86,-2.7677871179473043e-08,13.95,ASK
98,1712602309.3844411,1084426501.351694,13.89,2.7677871194749527e-08,13.95,BID
99,1712602320.2336917,1084426501.351694,13.89,0.0,13.95,BID
100,1712602331.773773,1084426933.3171368,13.86,-2.7677849921198007e-08,13.95,ASK
101,1712602347.6339407,1084427365.2825794,13.89,2.7677849921198007e-08,13.95,BID
102,1712602350.263833,1084427365.2825794,13.89,0.0,13.95,BID
103,1712602363.673801,1084427797.2480223,13.86,-2.767782867823211e-08,13.95,ASK
104,1712602380.1458642,1084427797.2480223,13.86,-0.0,13.95,ASK
105,1712602410.155366,1084427797.2480223,13.86,-0.0,13.95,ASK
106,1712602413.7436805,1084428229.213465,13.89,2.7677818045337623e-08,13.95,BID
107,1712602436.9135854,1084428661.178908,13.86,-2.767781806061409e-08,13.95,ASK
108,1712602440.2433677,1084428661.178908,13.86,-0.0,13.95,ASK
109,1712602447.7734642,1084429093.1443503,13.89,2.7677796787144223e-08,13.95,BID
110,1712602463.4339669,1084464265.4816625,13.89,2.2536358433081794e-06,13.95,BID
111,1712602463.4369843,1084501087.3848114,13.89,2.3593302890333503e-06,13.95,BID
112,1712602470.2432992,1084501087.3848114,13.89,0.0,13.95,BID
113,1712602473.323796,1084501519.350254,13.86,-2.7676012831648506e-08,13.95,ASK
114,1712602485.673472,1084501951.315697,13.89,2.7676012846923977e-08,13.95,BID
115,1712602500.18385,1084501951.315697,13.89,0.0,13.95,BID
116,1712602508.843564,1084502383.2811396,13.86,-2.7676263149375683e-08,13.95,ASK
117,1712602517.8035405,1084509582.7051857,13.89,4.6127105260161574e-07,13.95,BID
118,1712602520.813799,1084510014.6706283,13.89,2.7676263164651284e-08,13.95,BID
119,1712602530.1542723,1084510014.6706283,13.89,0.0,13.95,BID
120,1712602539.3246362,1084510446.6360712,13.86,-2.7676064571641188e-08,13.95,ASK
121,1712602560.2446134,1084510446.6360712,13.86,-0.0,13.95,ASK
122,1712602562.735175,1084540959.7987149,13.87,1.9549803115733475e-06,13.95,BID
123,1712602584.4752269,1084541392.3870351,13.87,2.7715961763507027e-08,13.95,BID
124,1712602590.2354612,1084541392.3870351,13.87,0.0,13.95,BID
125,1712602591.0654554,1084542113.3675685,13.87,4.619199930052933e-08,13.95,BID
126,1712602601.6682942,1084927173.8461764,13.86,-2.4670171433880613e-05,13.95,ASK
127,1712602609.7362278,1084927606.4344964,13.86,-2.77151995803176e-08,13.95,ASK
128,1712602620.1765742,1084927606.4344964,13.86,-0.0,13.95,ASK
129,1712602621.056697,1084928039.0228164,13.87,2.7705697817279813e-08,13.95,BID
130,1712602645.2968955,1084928471.611137,13.86,-2.7705697832549643e-08,13.95,ASK
131,1712602650.157236,1084928471.611137,13.86,-0.0,13.95,ASK
132,1712602659.7779298,1084931355.5332708,13.87,1.8470451025641165e-07,13.95,BID
133,1712602667.2775846,1084951169.032581,13.87,1.26898110155638e-06,13.95,BID
134,1712602667.2800174,1084988440.1258898,13.87,2.387075210773963e-06,13.95,BID
135,1712602667.3771832,1084991324.0480244,13.87,1.847045102869513e-07,13.95,BID
136,1712602680.258084,1084991324.0480244,13.87,0.0,13.95,BID
137,1712602688.9579642,1084991756.013467,13.89,2.7664238965160528e-08,13.95,BID
138,1712602710.248811,1084991756.013467,13.89,0.0,13.95,BID
139,1712602714.2385323,1084992187.97891,13.86,-2.7664228350276045e-08,13.95,ASK
140,1712602723.1385045,1084992619.9443526,13.89,2.766422833500708e-08,13.95,BID
141,1712602740.1490548,1084992619.9443526,13.89,0.0,13.95,BID
142,1712602742.3791714,1084993051.9097955,13.86,-2.766420711295289e-08,13.95,ASK
143,1712602752.039289,1084993483.8752382,13.89,2.7664207097683938e-08,13.95,BID
144,1712602770.169882,1084993483.8752382,13.89,0.0,13.95,BID
145,1712602776.172567,1084993915.8406808,13.87,-2.76641858603934e-08,13.95,ASK
146,1712602787.6320164,1084994347.8061235,13.89,2.7664185875662345e-08,13.95,BID
147,1712602800.200353,1084994347.8061235,13.89,0.0,13.95,BID
148,1712602809.480372,1084994779.7715664,13.87,-2.7667374597613583e-08,13.95,ASK
149,1712602812.9501455,1084995499.7139711,13.89,4.611229101638358e-08,13.95,BID
150,1712602822.4903977,1084995931.6794138,13.89,2.7667374597613583e-08,13.95,BID
151,1712602828.390624,1084996931.6794138,13.89,6.404997220935699e-08,13.95,BID
152,1712602830.163398,1084996931.6794138,13.89,0.0,13.95,BID
153,1712602834.9405007,1085002879.335776,13.89,3.8094634922485074e-07,13.95,BID
154,1712602846.831221,1085003311.301219,13.87,-2.766731102786579e-08,13.95,ASK
155,1712602855.7709312,1085003743.2666616,13.89,2.7667311012595124e-08,13.95,BID
156,1712602856.250872,1085009096.7174163,13.89,3.4288758404998425e-07,13.95,BID
157,1712602860.250955,1085009096.7174163,13.89,0.0,13.95,BID
158,1712602886.681475,1085009528.6828592,13.87,-2.766701159748737e-08,13.95,ASK
159,1712602890.2512903,1085009528.6828592,13.87,-0.0,13.95,ASK
160,1712602920.1623018,1085009528.6828592,13.87,-0.0,13.95,ASK
161,1712602924.7626345,1085064925.546594,13.87,-3.548119668640246e-06,13.95,ASK
162,1712602924.765057,1085148920.5972068,13.87,-5.379808008180777e-06,13.95,ASK
163,1712602924.767348,1085157920.5972068,13.87,-5.764419655719051e-07,13.95,ASK
164,1712602927.91198,1085158352.5626495,13.89,2.766700099578277e-08,13.95,BID
165,1712602950.1723092,1085158352.5626495,13.89,0.0,13.95,BID
166,1712602953.532652,1085158784.5280924,13.87,-2.7663343612575784e-08,13.95,ASK
167,1712602964.0132208,1085159216.4935353,13.89,2.7663343627844264e-08,13.95,BID
168,1712602975.8627815,1085174530.4292166,13.87,-9.807142492873018e-07,13.95,ASK
169,1712602980.2525952,1085174530.4292166,13.87,-0.0,13.95,ASK
170,1712602991.2130828,1085174962.3946595,13.87,-2.7662946099107888e-08,13.95,ASK
171,1712603010.253179,1085174962.3946595,13.87,-0.0,13.95,ASK
172,1712603029.2836869,1085273185.6347868,13.89,6.2901864014375785e-06,13.95,BID
173,1712603029.2856886,1085361802.5336227,13.89,5.674999229027286e-06,13.95,BID
174,1712603029.2930095,1085462887.3729112,13.89,6.473442340729397e-06,13.95,BID
175,1712603034.1433177,1085463319.0275874,13.9,2.7643034080569776e-08,13.95,BID
176,1712603040.1639194,1085463319.0275874,13.9,0.0,13.95,BID
177,1712603042.723905,1085511515.6487012,13.9,3.085705472947393e-06,13.95,BID
178,1712603043.5633998,1085511567.6322925,13.89,-3.328159703460276e-09,13.95,ASK
179,1712603056.1636555,1085511999.286969,13.87,-2.763594556476924e-08,13.95,ASK
180,1712603067.5235796,1085512431.2524116,13.89,2.765584183558631e-08,13.95,BID
181,1712603070.208856,1085512431.2524116,13.89,0.0,13.95,BID
182,1712603097.5242498,1085512863.2178545,13.87,-2.765463319027358e-08,13.95,ASK
183,1712603100.244429,1085512863.2178545,13.87,-0.0,13.95,ASK
184,1712603130.2543097,1085512863.2178545,13.87,-0.0,13.95,ASK
185,1712603138.2744656,1085513295.1832972,13.89,2.7656993699523984e-08,13.95,BID
186,1712603160.1672578,1085513295.1832972,13.89,0.0,13.95,BID
187,1712603160.56569,1085513727.1487398,13.87,-2.7656983059672924e-08,13.95,ASK
188,1712603171.1449609,1085514159.1141827,13.89,2.7656983074937887e-08,13.95,BID
189,1712603190.1553185,1085514159.1141827,13.89,0.0,13.95,BID
190,1712603199.4954576,1085514591.0796254,13.87,-2.7656961825823373e-08,13.95,ASK
191,1712603208.5954237,1085521801.0219884,13.88,-4.616228082362001e-07,13.95,ASK
192,1712603208.60101,1085522232.9874313,13.89,2.7656961841088333e-08,13.95,BID
193,1712603212.5353642,1085522232.9874313,13.88,-0.0,13.95,ASK
194,1712603212.538602,1085602348.187563,13.87,-5.129445119679076e-06,13.95,ASK
195,1712603220.2552967,1085602348.187563,13.87,-0.0,13.95,ASK
196,1712603228.785249,1085602780.1530058,13.87,-2.76547959040426e-08,13.95,ASK
197,1712603241.8652153,1085603212.1184485,13.89,2.7654795888778843e-08,13.95,BID
198,1712603250.2655413,1085603212.1184485,13.89,0.0,13.95,BID
199,1712603267.2393134,1085613212.1184485,13.89,6.402080334981007e-07,13.95,BID
200,1712603268.3456292,1085613644.0838914,13.87,-2.765477467355134e-08,13.95,ASK
201,1712603280.158013,1085613644.0838914,13.87,-0.0,13.95,ASK
202,1712603287.7358458,1085622348.2874677,13.87,-5.572449364232454e-07,13.95,ASK
203,1712603288.425816,1085691573.153891,13.87,-4.431790450662672e-06,13.95,ASK
204,1712603288.429007,1085844351.2874677,13.87,-9.780888117727434e-06,13.95,ASK
205,1712603309.635823,1085844783.2529104,13.89,2.76545181485455e-08,13.95,BID
206,1712603310.1678982,1085844783.2529104,13.89,0.0,13.95,BID
207,1712603331.7959862,1085845215.218353,13.87,-2.764884340281389e-08,13.95,ASK
208,1712603340.256139,1085845215.218353,13.87,-0.0,13.95,ASK
209,1712603342.276167,1085845647.1837957,13.89,2.7648832799777986e-08,13.95,BID
210,1712603366.4360807,1085846079.1492386,13.87,-2.7648832815038453e-08,13.95,ASK
211,1712603370.2564957,1085846079.1492386,13.87,-0.0,13.95,ASK
212,1712603378.236398,1085846511.1146812,13.89,2.764881157844143e-08,13.95,BID
213,1712603399.5963645,1085847511.1146812,13.89,6.400699881996278e-08,13.95,BID
214,1712603400.196577,1085847511.1146812,13.89,0.0,13.95,BID
215,1712603403.2067475,1085847943.080124,13.87,-2.7649412180399327e-08,13.95,ASK
216,1712603412.8265,1085848375.0455668,13.89,2.7649412165138537e-08,13.95,BID
217,1712603426.5564432,1085851253.37602,13.89,1.8423729582907005e-07,13.95,BID
218,1712603430.1770892,1085851253.37602,13.89,0.0,13.95,BID
219,1712603431.7267065,1085851685.3414629,13.87,-2.7649320202067863e-08,13.95,ASK
220,1712603442.5867422,1085852117.3069055,13.89,2.7649320186807122e-08,13.95,BID
221,1712603460.2375174,1085852117.3069055,13.89,0.0,13.95,BID
222,1712603463.2896037,1085852549.2723484,13.87,-2.7649298979983124e-08,13.95,ASK
223,1712603470.6868162,1085963826.130298,13.89,7.122623269072107e-06,13.95,BID
224,1712603470.689602,1086164689.3124664,13.89,1.2856876097792774e-05,13.95,BID
225,1712603470.8268185,1086198252.54394,13.89,-2.148319586698837e-06,13.95,ASK
226,1712603470.8468356,1086207464.2554617,13.89,-5.896244020463769e-07,13.95,ASK
227,1712603474.556729,1086207896.2209044,13.89,2.7649298979983124e-08,13.95,BID
228,1712603490.2570355,1086207896.2209044,13.89,0.0,13.95,BID
229,1712603494.5568202,1086208328.186347,13.87,-2.7640555902186213e-08,13.95,ASK
230,1712603506.6770408,1086208760.15179,13.89,2.7640555917442124e-08,13.95,BID
231,1712603517.2172835,1086236943.4927096,13.87,-1.8033924320653776e-06,13.95,ASK
232,1712603517.2273977,1086486824.516636,13.87,-1.59893587048029e-05,13.95,ASK
233,1712603517.230418,1086500950.4744973,13.86,-9.0389019440662e-07,13.95,ASK
234,1712603517.233911,1086568731.3540936,13.87,-4.337155259580901e-06,13.95,ASK
235,1712603520.1699586,1086568731.3540936,13.87,-0.0,13.95,ASK
236,1712603529.7475765,1086569163.3195364,13.86,-2.7631707221818425e-08,13.95,ASK
237,1712603538.477607,1086569595.284979,13.89,2.7631707206567405e-08,13.95,BID
238,1712603550.1800537,1086569595.284979,13.89,0.0,13.95,BID
239,1712603555.8373206,1086572475.0545976,13.87,-1.8421124017848104e-07,13.95,ASK
240,1712603563.7075057,1086572907.0200405,13.87,-2.763168601914665e-08,13.95,ASK
241,1712603571.117397,1086573338.9854832,13.89,2.763168603439765e-08,13.95,BID
242,1712603580.1879332,1086573338.9854832,13.89,0.0,13.95,BID
243,1712603598.8874254,1086573770.9509258,13.87,-2.7631594225180617e-08,13.95,ASK
244,1712603606.377604,1086574202.9163687,13.89,2.763159424043157e-08,13.95,BID
245,1712603610.1588738,1086574202.9163687,13.89,0.0,13.95,BID
246,1712603611.5776362,1086577527.6967862,13.89,2.126765334492519e-07,13.95,BID
247,1712603629.257647,1086577959.6622288,13.87,-2.7631573030298092e-08,13.95,ASK
248,1712603639.1988244,1086578391.6276717,13.89,2.7631573045549043e-08,13.95,BID
249,1712603640.257678,1086578391.6276717,13.89,0.0,13.95,BID
250,1712603654.1277428,1086582935.0222,13.89,2.906266524266619e-07,13.95,BID
251,1712603661.708304,1086583366.9876428,13.87,-2.763147021001868e-08,13.95,ASK
252,1712603669.9378462,1086619364.1078732,13.89,2.3026225180760067e-06,13.95,BID
253,1712603670.2613974,1086619364.1078732,13.89,0.0,13.95,BID
254,1712603673.818013,1086619796.073316,13.89,2.7630464380226773e-08,13.95,BID
255,1712603694.7279906,1086620228.0387588,13.87,-2.763046436497642e-08,13.95,ASK
256,1712603700.2080612,1086620228.0387588,13.87,-0.0,13.95,ASK
257,1712603705.2781396,1086620660.0042017,13.89,2.7633094491689924e-08,13.95,BID
258,1712603730.16901,1086620660.0042017,13.89,0.0,13.95,BID
259,1712603733.1977572,1086621091.9696443,13.87,-2.763308387020612e-08,13.95,ASK
260,1712603739.5183032,1086680508.6553867,13.87,-3.800920393788872e-06,13.95,ASK
261,1712603739.5283484,1086762091.9696443,13.87,-5.21893267994098e-06,13.95,ASK
262,1712603760.2580245,1086762091.9696443,13.87,-0.0,13.95,ASK
263,1712603772.058119,1086762523.935087,13.89,2.762961666738005e-08,13.95,BID
264,1712603779.8982418,1086763359.0337064,13.87,-5.3415047725156994e-08,13.95,ASK
265,1712603779.9125657,1086800321.523152,13.87,-2.364215545052773e-06,13.95,ASK
266,1712603790.258449,1086800321.523152,13.87,-0.0,13.95,ASK
267,1712603804.9284785,1086859819.251383,13.87,-3.80549809812073e-06,13.95,ASK
268,1712603805.028321,1086860251.216826,13.87,-2.7628679619720164e-08,13.95,ASK
269,1712603820.1685717,1086860251.216826,13.87,-0.0,13.95,ASK
270,1712603845.7885242,1086860683.1822686,13.89,2.7627210790868324e-08,13.95,BID
271,1712603850.1797693,1086860683.1822686,13.89,0.0,13.95,BID
272,1712603866.3487804,1086861115.1477113,13.87,-2.7627200189152427e-08,13.95,ASK
273,1712603878.5287716,1086861547.1131542,13.89,2.7627200204400962e-08,13.95,BID
274,1712603880.2682798,1086861547.1131542,13.89,0.0,13.95,BID
275,1712603902.2091122,1086861979.0785968,13.88,-2.7627179001010293e-08,13.95,ASK
276,1712603903.3399224,1086888479.0785968,13.88,-1.6948583641847269e-06,13.95,ASK
277,1712603903.4286733,1086900350.1741035,13.88,-7.592386985476279e-07,13.95,ASK
278,1712603905.4862833,1086926843.5491035,13.88,-1.6944346495936806e-06,13.95,ASK
279,1712603910.258953,1086926843.5491035,13.88,-0.0,13.95,ASK
280,1712603914.0486844,1086927275.5145462,13.89,2.7625577682040388e-08,13.95,BID
281,1712603921.786595,1086954482.743971,13.88,-1.7399897208632596e-06,13.95,ASK
282,1712603921.926451,1086981683.171589,13.88,-1.7395547234452647e-06,13.95,ASK
283,1712603931.5094292,1087008172.2886975,13.88,-1.6940641314187028e-06,13.95,ASK
284,1712603938.4416468,1087008604.2541406,13.88,-2.7625577697288024e-08,13.95,ASK
285,1712603940.155171,1087008604.2541406,13.88,-0.0,13.95,ASK
286,1712603944.3004444,1087092273.2329032,13.88,-5.350511642618291e-06,13.95,ASK
287,1712603949.6789775,1087092705.198346,13.89,2.762357285015586e-08,13.95,BID
288,1712603955.678889,1087122650.198346,13.88,-1.914939963504998e-06,13.95,ASK
289,1712603955.9589806,1087220064.4482622,13.89,6.229502093157962e-06,13.95,BID
290,1712603955.9629617,1087288064.8131769,13.89,4.348526174920598e-06,13.95,BID
291,1712603970.158859,1087288064.8131769,13.89,0.0,13.95,BID
292,1712603972.9192932,1087288496.7786195,13.88,-2.761671956864109e-08,13.95,ASK
293,1712603974.579081,1087362818.5920718,13.89,4.751594635247327e-06,13.95,BID
294,1712603983.688968,1087363250.557515,13.89,2.7616719583883843e-08,13.95,BID
295,1712603992.3988926,1087386203.1401365,13.88,-1.467420712506635e-06,13.95,ASK
296,1712604000.202024,1087386203.1401365,13.88,-0.0,13.95,ASK
297,1712604003.7590957,1087393741.3764796,13.88,-4.819501730744057e-07,13.95,ASK
298,1712604005.329355,1087427039.1197906,13.88,-2.1288604417771536e-06,13.95,ASK
299,1712604005.8614535,1087453539.1197906,13.88,-1.694253006286441e-06,13.95,ASK
300,1712604006.9688013,1087480039.1197906,13.88,-1.694253006286441e-06,13.95,ASK
301,1712604008.258925,1087480471.0852332,13.88,-2.7617311314500883e-08,13.95,ASK
302,1712604009.258809,1087489114.6018734,13.88,-5.526152472650012e-07,13.95,ASK
303,1712604013.0792496,1087525460.546548,13.88,-2.3237443785465083e-06,13.95,ASK
304,1712604015.486217,1087536669.193207,13.88,-7.166144640845053e-07,13.95,ASK
305,1712604015.6839771,1087547093.043909,13.88,-6.66439259963198e-07,13.95,ASK
306,1712604017.589101,1087547525.0093515,13.89,2.7617311314500883e-08,13.95,BID
307,1712604025.240559,1087548244.9517565,13.89,4.602885221115888e-08,13.95,BID
308,1712604030.1690855,1087548244.9517565,13.89,0.0,13.95,BID
309,1712604042.743853,1087548676.9171991,13.88,-2.7613340586660657e-08,13.95,ASK
310,1712604052.642284,1087549108.8826418,13.89,2.7613340586660657e-08,13.95,BID
311,1712604060.2695038,1087549108.8826418,13.89,0.0,13.95,BID
312,1712604073.7199934,1087608486.0776262,13.88,-3.795677359780584e-06,13.95,ASK
313,1712604073.724167,1087610217.4885778,13.88,-1.1068015845547237e-07,13.95,ASK
314,1712604075.0594049,1087610649.4540205,13.87,-2.7613319412146912e-08,13.95,ASK
315,1712604085.5791235,1087611081.7306776,13.88,2.7633213744152764e-08,13.95,BID
316,1712604090.249075,1087611081.7306776,13.88,0.0,13.95,BID
317,1712604111.2594142,1087611514.0073347,13.87,-2.7631694366029804e-08,13.95,ASK
318,1712604119.459448,1087611946.2839916,13.88,2.7631694350789772e-08,13.95,BID
319,1712604120.18265,1087611946.2839916,13.88,0.0,13.95,BID
320,1712604123.441497,1087624294.938194,13.88,7.893416669867266e-07,13.95,BID
321,1712604123.5195088,1087735281.737556,13.88,-7.094417236529088e-06,13.95,ASK
322,1712604123.686636,1088265541.1035497,13.88,-3.389485242897146e-05,13.95,ASK
323,1712604123.7592494,1088539037.5484009,13.88,-1.748224026313167e-05,13.95,ASK
324,1712604127.08964,1088598037.5484009,13.87,-3.771354966190133e-06,13.95,ASK
325,1712604127.0932908,1088707037.5484009,13.87,-6.967418496859738e-06,13.95,ASK
326,1712604132.8296237,1088748992.5592155,13.87,-2.681817599872105e-06,13.95,ASK
327,1712604132.8338845,1088843114.2802606,13.87,-6.016380001516749e-06,13.95,ASK
328,1712604139.6399684,1088843546.5569177,13.86,-2.7631673178628747e-08,13.95,ASK
329,1712604150.1702158,1088843546.5569177,13.86,-0.0,13.95,ASK
330,1712604151.9194534,1088856547.7765417,13.89,8.301475297603849e-07,13.95,BID
331,1712604151.924348,1088857545.4050095,13.89,6.370008603199528e-08,13.95,BID
332,1712604153.2791932,1088857977.3704526,13.89,2.7581646625314832e-08,13.95,BID
333,1712604173.9095416,1088858409.3358953,13.86,-2.7581646610091443e-08,13.95,ASK
334,1712604180.2596104,1088858409.3358953,13.86,-0.0,13.95,ASK
335,1712604185.7795725,1088858841.3013382,13.89,2.7581283078240825e-08,13.95,BID
336,1712604206.089609,1088859273.2667809,13.86,-2.758128306301763e-08,13.95,ASK
337,1712604210.2794802,1088859273.2667809,13.86,-0.0,13.95,ASK
338,1712604216.8698964,1088859705.2322235,13.89,2.758126196807784e-08,13.95,BID
339,1712604238.059611,1088860137.1976664,13.86,-2.7581261952854667e-08,13.95,ASK
340,1712604240.1595285,1088860137.1976664,13.86,-0.0,13.95,ASK
341,1712604248.879984,1088860569.163109,13.89,2.7581240842724016e-08,13.95,BID
342,1712604270.1703084,1088860569.163109,13.89,0.0,13.95,BID
343,1712604273.4798028,1088861001.128552,13.86,-2.7581230291483103e-08,13.95,ASK
344,1712604295.5596514,1088864001.128552,13.89,1.9155164431612162e-07,13.95,BID
345,1712604300.2738738,1088864001.128552,13.89,0.0,13.95,BID
346,1712604301.6398568,1088864606.684085,13.86,-3.866503378239061e-08,13.95,ASK
347,1712604318.1799116,1088865038.6495275,13.89,2.75812167916302e-08,13.95,BID
348,1712604330.2496166,1088865038.6495275,13.89,0.0,13.95,BID
349,1712604341.6201856,1088865470.6149702,13.86,-2.7581191444502312e-08,13.95,ASK
350,1712604352.6600156,1088865902.580413,13.89,2.7581191459725453e-08,13.95,BID
351,1712604360.2044623,1088865902.580413,13.89,0.0,13.95,BID
352,1712604376.1196885,1088866334.5458558,13.86,-2.75811703344796e-08,13.95,ASK
353,1712604387.4199076,1088866766.511299,13.89,2.758117034970272e-08,13.95,BID
354,1712604390.1726472,1088866766.511299,13.89,0.0,13.95,BID
355,1712604412.589813,1088867198.4767413,13.86,-2.75811492244892e-08,13.95,ASK
356,1712604420.1902866,1088867198.4767413,13.86,-0.0,13.95,ASK
357,1712604423.000324,1088867630.4421842,13.89,2.758113869614e-08,13.95,BID
358,1712604447.5501144,1088868062.4076269,13.86,-2.7581138680916894e-08,13.95,ASK
359,1712604450.169909,1088868062.4076269,13.86,-0.0,13.95,ASK
360,1712604457.799707,1088868494.3730695,13.89,2.7581117570974945e-08,13.95,BID
361,1712604478.1600108,1088868926.3385124,13.86,-2.7581117586198043e-08,13.95,ASK
362,1712604480.2600915,1088868926.3385124,13.86,-0.0,13.95,ASK
363,1712604490.5806994,1088869358.303955,13.89,2.7581096461065303e-08,13.95,BID
364,1712604510.2604392,1088869358.303955,13.89,0.0,13.95,BID
365,1712604514.949943,1088869790.269398,13.86,-2.758108590993493e-08,13.95,ASK
366,1712604523.44042,1088870222.2348406,13.89,2.7581085894711857e-08,13.95,BID
367,1712604540.1705606,1088870222.2348406,13.89,0.0,13.95,BID
368,1712604548.120549,1088870654.2002835,13.86,-2.7581064800073776e-08,13.95,ASK
369,1712604557.7501202,1088871086.1657262,13.89,2.7581064784850708e-08,13.95,BID
370,1712604570.1739607,1088871086.1657262,13.89,0.0,13.95,BID
371,1712604583.3557131,1088871518.1311688,13.86,-2.7581043675021875e-08,13.95,ASK
372,1712604592.5801334,1088871950.0966115,13.89,2.7581043690244933e-08,13.95,BID
373,1712604600.2205417,1088871950.0966115,13.89,0.0,13.95,BID
374,1712604614.370402,1088876334.5479786,13.89,2.799956859317573e-07,13.95,BID
375,1712604614.3765495,1088903705.9641423,13.89,1.7479674883679344e-06,13.95,BID
376,1712604616.6899204,1088904137.929585,13.86,-2.7585768502016938e-08,13.95,ASK
377,1712604619.8403664,1089043741.9591396,13.89,8.915260483685996e-06,13.95,BID
378,1712604619.850246,1089048126.4105065,13.89,2.799956859317573e-07,13.95,BID
379,1712604623.600182,1089062525.2585988,13.89,9.195256169724332e-07,13.95,BID
380,1712604626.1705923,1089062957.2240417,13.89,2.7585768502016938e-08,13.95,BID
381,1712604630.1772609,1089062957.2240417,13.89,0.0,13.95,BID
382,1712604650.5599723,1089063389.1894844,13.86,-2.7581095500979173e-08,13.95,ASK
383,1712604660.2599733,1089063389.1894844,13.86,-0.0,13.95,ASK
384,1712604686.2702873,1089065191.640818,13.87,1.1508689916224444e-07,13.95,BID
385,1712604690.2616284,1089065191.640818,13.87,0.0,13.95,BID
386,1712604696.8704598,1089065623.6062608,13.89,2.7581040915842374e-08,13.95,BID
387,1712604719.3203492,1089066055.5717037,13.87,-2.7581040931065425e-08,13.95,ASK
388,1712604720.173942,1089066055.5717037,13.87,-0.0,13.95,ASK
389,1712604730.2006824,1089066487.5371463,13.89,2.7581019798442952e-08,13.95,BID
390,1712604750.190631,1089066487.5371463,13.89,0.0,13.95,BID
391,1712604752.7605102,1089066919.5025892,13.87,-2.7581009247371284e-08,13.95,ASK
392,1712604764.3503108,1089067351.468032,13.89,2.7581009232148242e-08,13.95,BID
393,1712604780.1828032,1089067351.468032,13.89,0.0,13.95,BID
394,1712604791.7106376,1089067783.4334743,13.87,-2.7580988114797336e-08,13.95,ASK
395,1712604800.2205377,1089068215.3989174,13.89,2.758098813002036e-08,13.95,BID
396,1712604810.1892512,1089068215.3989174,13.89,0.0,13.95,BID
397,1712604815.8415346,1089140277.4212584,13.87,-4.601155702946096e-06,13.95,ASK
398,1712604815.8601038,1089140277.4212587,13.87,-1.5223011640309164e-17,13.95,ASK
399,1712604822.5308754,1089140709.3867016,13.86,-2.7580967012701785e-08,13.95,ASK
400,1712604834.172976,1089141141.3521442,13.89,2.7580966997478773e-08,13.95,BID
401,1712604840.2603858,1089141141.3521442,13.89,0.0,13.95,BID
402,1712604855.650589,1089141573.3175871,13.86,-2.7579185855070464e-08,13.95,ASK
403,1712604864.8503098,1089142005.2830298,13.89,2.757918583984844e-08,13.95,BID
404,1712604870.260609,1089142005.2830298,13.89,0.0,13.95,BID
405,1712604885.5811934,1089142437.2484725,13.86,-2.7579164732895692e-08,13.95,ASK
406,1712604897.8059845,1089142869.213915,13.89,2.7579164748117708e-08,13.95,BID
407,1712604900.1748414,1089142869.213915,13.89,0.0,13.95,BID
408,1712604922.2305892,1089143301.179358,13.86,-2.7581465386766493e-08,13.95,ASK
409,1712604930.172357,1089143301.179358,13.86,-0.0,13.95,ASK
410,1712604931.3406172,1089143733.144801,13.89,2.7581454858175748e-08,13.95,BID
411,1712604955.8310792,1089144165.1102436,13.86,-2.7581454842952465e-08,13.95,ASK
412,1712604957.5009768,1089245778.8548324,13.86,-6.488146113167449e-06,13.95,ASK
413,1712604957.506256,1089331094.4273007,13.86,-5.44749041719166e-06,13.95,ASK
414,1712604957.5111918,1089514631.2963605,13.86,-1.171902510265692e-05,13.95,ASK
415,1712604960.2606876,1089514631.2963605,13.86,-0.0,13.95,ASK
416,1712604975.140813,1089516579.6506753,13.86,-1.2436363556057245e-07,13.95,ASK
417,1712604990.263997,1089516579.6506753,13.86,-0.0,13.95,ASK
418,1712604996.660819,1089517011.616118,13.89,2.75723465046178e-08,13.95,BID
419,1712605020.2406669,1089517011.616118,13.89,0.0,13.95,BID
420,1712605021.7308471,1089553008.7363484,13.89,2.297694662653848e-06,13.95,BID
421,1712605022.9207034,1089553440.701791,13.87,-2.7572335944967533e-08,13.95,ASK
422,1712605035.5207474,1089553872.667234,13.89,2.7572335960185777e-08,13.95,BID
423,1712605050.1809535,1089553872.667234,13.89,0.0,13.95,BID
424,1712605059.8109634,1089554304.6326766,13.87,-2.7571434899807334e-08,13.95,ASK
425,1712605069.1106777,1089554736.5981195,13.89,2.7571434915025085e-08,13.95,BID
426,1712605073.260544,1089555456.540524,13.89,4.595239150475148e-08,13.95,BID
427,1712605080.26152,1089555456.540524,13.89,0.0,13.95,BID
428,1712605096.1308126,1089555888.505967,13.87,-2.75713962141108e-08,13.95,ASK
429,1712605106.9277472,1089556320.4714096,13.89,2.7571396198893063e-08,13.95,BID
430,1712605110.27109,1089556320.4714096,13.89,0.0,13.95,BID
431,1712605132.481141,1089556752.4368522,13.87,-2.757137509626e-08,13.95,ASK
432,1712605140.1707728,1089556752.4368522,13.87,-0.0,13.95,ASK
433,1712605146.0936556,1089557184.402295,13.89,2.757136456777508e-08,13.95,BID
434,1712605168.181067,1089557616.3677378,13.87,-2.7571364552557373e-08,13.95,ASK
435,1712605170.1754055,1089557616.3677378,13.87,-0.0,13.95,ASK
436,1712605182.444986,1089558048.333181,13.89,2.757134346519044e-08,13.95,BID
437,1712605200.2045438,1089558048.333181,13.89,0.0,13.95,BID
438,1712605203.0409138,1089558480.298623,13.87,-2.7607471626673946e-08,13.95,ASK
439,1712605210.1210756,1089575444.87421,13.89,1.0842280259345385e-06,13.95,BID
440,1712605210.1310718,1089585444.87421,13.89,6.391129683159732e-07,13.95,BID
441,1712605210.1344292,1089772198.4215634,13.89,1.1935661399263694e-05,13.95,BID
442,1712605219.6011405,1089772630.387006,13.89,2.7607471626673946e-08,13.95,BID
443,1712605220.8008444,1089774066.6721032,13.89,9.179484317697604e-08,13.95,BID
444,1712605230.1765933,1089774066.6721032,13.89,0.0,13.95,BID
445,1712605245.700932,1089774498.637546,13.87,-2.760217851133541e-08,13.95,ASK
446,1712605257.14117,1089774930.6029887,13.89,2.7602178496100697e-08,13.95,BID
447,1712605260.2615252,1089774930.6029887,13.89,0.0,13.95,BID
448,1712605280.8111534,1089775362.5684316,13.87,-2.760215736155565e-08,13.95,ASK
449,1712605290.2558088,1089775362.5684316,13.87,-0.0,13.95,ASK
450,1712605294.851406,1089775794.5338745,13.89,2.7602146779062012e-08,13.95,BID
451,1712605317.1312563,1089776226.4993172,13.87,-2.7602146794296707e-08,13.95,ASK
452,1712605320.1716197,1089776226.4993172,13.87,-0.0,13.95,ASK
453,1712605329.2811036,1089776658.4647598,13.89,2.7602125629330857e-08,13.95,BID
454,1712605350.1812062,1089776658.4647598,13.89,0.0,13.95,BID
455,1712605352.6535754,1089777090.4302025,13.87,-2.7602115046858668e-08,13.95,ASK
456,1712605363.8611612,1089777522.3956454,13.89,2.7602115062093363e-08,13.95,BID
457,1712605380.261461,1089777522.3956454,13.89,0.0,13.95,BID
458,1712605389.9818428,1089777954.361088,13.87,-2.7602093897176147e-08,13.95,ASK
459,1712605410.2623646,1089777954.361088,13.87,-0.0,13.95,ASK
460,1712605410.7849607,1089780117.3026886,13.87,-1.3820942233075576e-07,13.95,ASK
461,1712605436.5587828,1089780549.2681315,13.89,2.7602083345200464e-08,13.95,BID
462,1712605440.1650505,1089780549.2681315,13.89,0.0,13.95,BID
463,1712605459.701529,1089780981.2335742,13.87,-2.760201983544899e-08,13.95,ASK
464,1712605470.1747246,1089780981.2335742,13.87,-0.0,13.95,ASK
465,1712605500.1921632,1089780981.2335742,13.87,-0.0,13.95,ASK
466,1712605510.0516877,1089781413.199017,13.89,2.7620095804788763e-08,13.95,BID
467,1712605512.4415245,1089992412.5663412,13.87,-1.3491409639558689e-05,13.95,ASK
468,1712605512.446458,1090175919.702379,13.87,-1.1733542026529098e-05,13.95,ASK
469,1712605530.1863225,1090175919.702379,13.87,-0.0,13.95,ASK
470,1712605537.9914296,1090176351.6678216,13.87,-2.7610425135354072e-08,13.95,ASK
471,1712605546.901384,1090176783.6332643,13.89,2.7610425150593346e-08,13.95,BID
472,1712605560.268011,1090176783.6332643,13.89,0.0,13.95,BID
473,1712605577.661465,1090177215.5987072,13.88,-2.7610403972934694e-08,13.95,ASK
474,1712605585.0514736,1090177647.56415,13.89,2.761040398817396e-08,13.95,BID
475,1712605585.1515975,1090209423.6685424,13.88,-2.031067748289705e-06,13.95,ASK
476,1712605590.2612596,1090209423.6685424,13.88,-0.0,13.95,ASK
477,1712605609.629878,1090209855.633985,13.88,-2.7609604455078364e-08,13.95,ASK
478,1712605619.2817087,1090210287.599428,13.89,2.7609604470317168e-08,13.95,BID
479,1712605620.1835463,1090210287.599428,13.89,0.0,13.95,BID
480,1712605644.9719813,1090281865.738443,13.88,-4.575001598399919e-06,13.95,ASK
481,1712605644.9767685,1090443075.1193433,13.88,-1.0303888665534798e-05,13.95,ASK
482,1712605645.852011,1090443507.084786,13.87,-2.7609583286294105e-08,13.95,ASK
483,1712605650.175392,1090443507.084786,13.87,-0.0,13.95,ASK
484,1712605655.421606,1090443939.361443,13.88,2.7623759517081866e-08,13.95,BID
485,1712605680.2615726,1090443939.361443,13.88,0.0,13.95,BID
486,1712605681.1014016,1090444371.6381,13.87,-2.7623748925645323e-08,13.95,ASK
487,1712605691.8715637,1090444803.9147573,13.88,2.7623748925645323e-08,13.95,BID
488,1712605698.0117748,1090498319.725231,13.87,-3.419817581591101e-06,13.95,ASK
489,1712605710.27836,1090498319.725231,13.87,-0.0,13.95,ASK
490,1712605715.161739,1090501562.267384,13.87,-2.071979871579901e-07,13.95,ASK
491,1712605715.3817055,1090501994.5440412,13.87,-2.7622417540895303e-08,13.95,ASK
492,1712605740.183818,1090501994.5440412,13.87,-0.0,13.95,ASK
493,1712605755.243803,1090518692.535985,13.88,1.0669958596083507e-06,13.95,BID
494,1712605758.6217804,1090518729.4076838,13.88,2.3560886931064702e-09,13.95,BID
495,1712605758.6275868,1090519124.5279734,13.89,2.5248048653407453e-08,13.95,BID
496,1712605769.9016464,1090617983.234008,13.88,-6.317036825745897e-06,13.95,ASK
497,1712605770.1745954,1090617983.234008,13.88,-0.0,13.95,ASK
498,1712605780.3417532,1090625182.658054,13.89,4.599933635514873e-07,13.95,BID
499,1712605780.541667,1090625614.6500423,13.87,-2.7601297881665483e-08,13.95,ASK
500,1712605800.2022092,1090625614.6500423,13.87,-0.0,13.95,ASK
501,1712605823.4720516,1090626046.6154852,13.89,2.767421180768744e-08,13.95,BID
502,1712605827.0226076,1090759450.388783,13.89,8.546619501406417e-06,13.95,BID
503,1712605827.0276055,1090960836.4775422,13.89,1.290196094872948e-05,13.95,BID
504,1712605827.032384,1091171402.2328792,13.89,1.349006363466507e-05,13.95,BID
505,1712605827.102546,1091171402.23288,13.89,4.5823431240550133e-17,13.95,BID
506,1712605827.1418254,1092496424.9962869,13.9,8.488864377368778e-05,13.95,BID
507,1712605827.3221526,1092656359.0557458,13.9,1.0246303516917188e-05,13.95,BID
508,1712605827.3272364,1092680774.0701003,13.9,1.5641674343290151e-06,13.95,BID
509,1712605827.332466,1093347379.9088168,13.9,4.270663655223912e-05,13.95,BID
510,1712605827.3430934,1093358915.436766,13.9,7.390328301185155e-07,13.95,BID
511,1712605827.3473988,1093398941.4222984,13.9,2.5642967965505134e-06,13.95,BID
512,1712605827.3522189,1093642259.297902,13.9,1.5588354431573325e-05,13.95,BID
513,1712605827.4618146,1093643469.277526,13.9,-7.75183129636298e-08,13.95,ASK
514,1712605828.1119237,1093649469.277526,13.91,3.843948018919288e-07,13.95,BID
515,1712605828.1156204,1093694434.767007,13.91,2.880750070183933e-06,13.95,BID
516,1712605828.1177826,1093723469.277526,13.91,1.860119153149856e-06,13.95,BID
517,1712605828.3316913,1093724907.092048,13.91,9.211473805871328e-08,13.95,BID
518,1712605828.335442,1093796469.277526,13.91,4.584688684959754e-06,13.95,BID
519,1712605828.5517137,1093811969.277526,13.9,-9.930199048874826e-07,13.95,ASK
520,1712605830.1781054,1093811969.277526,13.9,-0.0,13.95,ASK
521,1712605848.1418324,1093812401.2429688,13.89,-2.7595915468949733e-08,13.95,ASK
522,1712605860.2620797,1093812401.2429688,13.89,-0.0,13.95,ASK
523,1712605886.801792,1093812832.587325,13.91,2.7556227087435944e-08,13.95,BID
524,1712605890.2617178,1093812832.587325,13.91,0.0,13.95,BID
525,1712605895.4017267,1093815145.8778512,13.89,-1.4778339776821452e-07,13.95,ASK
526,1712605911.6221256,1093815577.2222078,13.89,-2.7556216524941977e-08,13.95,ASK
527,1712605912.001832,1093846067.5164871,13.89,-1.9478570620844554e-06,13.95,ASK
528,1712605920.1900609,1093846067.5164871,13.89,-0.0,13.95,ASK
529,1712605950.1826537,1093846067.5164871,13.89,-0.0,13.95,ASK
530,1712605980.2569013,1093846067.5164871,13.89,-0.0,13.95,ASK
531,1712605987.731797,1093846498.8608437,13.91,2.7555403882964426e-08,13.95,BID
532,1712606010.2621365,1093846498.8608437,13.91,0.0,13.95,BID
533,1712606012.582133,1093846930.2052002,13.89,-2.7555393321101532e-08,13.95,ASK
534,1712606019.0722342,1093857830.1943464,13.91,6.963195033583501e-07,13.95,BID
535,1712606019.0773015,1093861308.3504195,13.91,2.2219360743641905e-07,13.95,BID
536,1712606021.682667,1093861424.7306511,13.91,7.434670254657865e-09,13.95,BID
537,1712606021.6869507,1093861739.694776,13.91,2.0120723066443663e-08,13.95,BID
538,1712606033.483815,1093861856.075008,13.91,7.434670269888661e-09,13.95,BID
539,1712606033.4918058,1093862458.602037,13.91,3.8490985265280563e-08,13.95,BID
540,1712606038.5022042,1093862974.5042045,13.91,3.2957165028014005e-08,13.95,BID
541,1712606038.5120091,1093870695.3894663,13.91,4.932301233519603e-07,13.95,BID
542,1712606040.1838925,1093870695.3894663,13.91,0.0,13.95,BID
543,1712606042.9420571,1093949215.8160284,13.9,5.015980122943386e-06,13.95,BID
544,1712606045.034161,1093949647.160385,13.9,-2.7554800875017417e-08,13.95,ASK
545,1712606050.15453,1094012071.4364517,13.9,-3.987738498765387e-06,13.95,ASK
546,1712606051.3125143,1094020315.5442903,13.9,5.266436118836604e-07,13.95,BID
547,1712606051.492621,1094059403.362601,13.91,2.496977261582912e-06,13.95,BID
548,1712606051.4960375,1094076668.9186192,13.91,1.1029446679104334e-06,13.95,BID
549,1712606051.5008671,1094078327.001073,13.91,1.0592031900833016e-07,13.95,BID
550,1712606056.3923662,1094085516.0736823,13.91,4.592466812959817e-07,13.95,BID
551,1712606057.9616897,1094098308.8220508,13.9,-8.17216288076255e-07,13.95,ASK
552,1712606070.1653872,1094098308.8220508,13.9,-0.0,13.95,ASK
553,1712606085.6619115,1094098740.166407,13.91,2.7549231777421763e-08,13.95,BID
554,1712606086.02204,1094162341.7119226,13.9,-4.062122738479496e-06,13.95,ASK
555,1712606100.1941762,1094162341.7119226,13.9,-0.0,13.95,ASK
556,1712606110.5720444,1094200565.2953742,13.9,-2.4431529071481826e-06,13.95,ASK
557,1712606110.631999,1094200996.6397307,13.89,-2.757041918876885e-08,13.95,ASK
558,1712606117.9649477,1094201428.294407,13.9,2.759025402151164e-08,13.95,BID
559,1712606130.1742544,1094201428.294407,13.9,0.0,13.95,BID
560,1712606135.2522235,1094201859.949083,13.89,-2.758929594781105e-08,13.95,ASK
561,1712606148.282115,1094202291.6037593,13.9,2.758929594781105e-08,13.95,BID
562,1712606160.2655632,1094202291.6037593,13.9,0.0,13.95,BID
563,1712606171.6521935,1094202723.2584355,13.89,-2.7589274810172344e-08,13.95,ASK
564,1712606181.832314,1094203154.913112,13.9,2.7589274794933785e-08,13.95,BID
565,1712606190.2631352,1094203154.913112,13.9,0.0,13.95,BID
566,1712606202.3622556,1094203586.567788,13.89,-2.758925364208896e-08,13.95,ASK
567,1712606213.8821654,1094204018.2224643,13.9,2.758925364208896e-08,13.95,BID
568,1712606220.1826923,1094204018.2224643,13.9,0.0,13.95,BID
569,1712606235.0224512,1094222321.7105594,13.89,-1.169868453333165e-06,13.95,ASK
570,1712606235.0279002,1094231140.933087,13.89,-5.636810953494694e-07,13.95,ASK
571,1712606236.252786,1094245529.4222958,13.9,9.196410831079528e-07,13.95,BID
572,1712606236.854081,1094245961.076972,13.89,-2.758923248927656e-08,13.95,ASK
573,1712606246.0523343,1094246392.7316482,13.9,2.758923248927656e-08,13.95,BID
574,1712606250.179858,1094246392.7316482,13.9,0.0,13.95,BID
575,1712606268.5725374,1094246824.3863244,13.89,-2.7588194380860904e-08,13.95,ASK
576,1712606275.1225803,1094249295.4312468,13.9,1.5793103005852758e-07,13.95,BID
577,1712606275.128935,1094300812.683114,13.9,3.2926041042761472e-06,13.95,BID
578,1712606275.1339147,1094360918.554762,13.91,3.841525557095581e-06,13.95,BID
579,1712606277.4526024,1094361349.899119,13.91,2.756836102880865e-08,13.95,BID
580,1712606280.2623093,1094361349.899119,13.91,0.0,13.95,BID
581,1712606282.2934308,1094361925.0249274,13.91,3.6754059736312845e-08,13.95,BID
582,1712606295.6638317,1094376313.514136,13.9,-9.195125377395398e-07,13.95,ASK
583,1712606301.8623738,1094376744.8584926,13.89,-2.7565544802234642e-08,13.95,ASK
584,1712606309.8123648,1094377176.2028491,13.91,2.7565544802234642e-08,13.95,BID
585,1712606310.271904,1094377176.2028491,13.91,0.0,13.95,BID
586,1712606333.2427952,1094377607.5472057,13.89,-2.7565157269328664e-08,13.95,ASK
587,1712606340.1724825,1094377607.5472057,13.89,-0.0,13.95,ASK
588,1712606344.5628214,1094378038.8915625,13.91,2.7565146730420524e-08,13.95,BID
589,1712606370.1831777,1094378038.8915625,13.91,0.0,13.95,BID
590,1712606372.142738,1094378470.235919,13.89,-2.7565136145851364e-08,13.95,ASK
591,1712606381.1459906,1094378901.8905952,13.9,2.758496717784408e-08,13.95,BID
592,1712606400.224369,1094378901.8905952,13.9,0.0,13.95,BID
593,1712606402.9229465,1094379333.5452714,13.89,-2.7585226429915087e-08,13.95,ASK
594,1712606412.262652,1094379765.1999476,13.9,2.7585226429915087e-08,13.95,BID
595,1712606425.032821,1094401347.9337606,13.9,1.3792613216938266e-06,13.95,BID
596,1712606430.1759124,1094401347.9337606,13.9,0.0,13.95,BID
597,1712606434.6529577,1094401779.5884368,13.89,-2.75846764376488e-08,13.95,ASK
598,1712606445.232936,1094402211.243113,13.9,2.75846764376488e-08,13.95,BID
599,1712606451.7730663,1094423752.191388,13.9,1.376563538152396e-06,13.95,BID
600,1712606459.523059,1094425699.071952,13.9,1.2441442980835537e-07,13.95,BID
601,1712606459.529724,1094430946.4359925,13.9,3.35330177551814e-07,13.95,BID
602,1712606460.2657294,1094430946.4359925,13.9,0.0,13.95,BID
603,1712606467.7134943,1094431378.090669,13.89,-2.7583951220777336e-08,13.95,ASK
604,1712606476.102857,1094431809.7453449,13.9,2.7583951220777336e-08,13.95,BID
605,1712606490.2626555,1094431809.7453449,13.9,0.0,13.95,BID
606,1712606497.3826964,1094432241.400021,13.89,-2.7583930076094943e-08,13.95,ASK
607,1712606503.112759,1094440695.8492892,13.9,5.402627384853004e-07,13.95,BID
608,1712606503.117964,1094487443.6964417,13.9,2.987316987775187e-06,13.95,BID
609,1712606520.195149,1094487443.6964417,13.9,0.0,13.95,BID
610,1712606522.042645,1094495065.8476746,13.9,-4.870525190185446e-07,13.95,ASK
611,1712606523.5825555,1094502266.4684348,13.9,-4.601168846649685e-07,13.95,ASK
612,1712606541.572953,1094502697.812791,13.91,2.7562737735680857e-08,13.95,BID
613,1712606548.422678,1094555915.353069,13.9,-3.4005802635033474e-06,13.95,ASK
614,1712606550.192914,1094555915.353069,13.9,-0.0,13.95,ASK
615,1712606562.9727328,1094556346.6974256,13.9,-2.7561061551346746e-08,13.95,ASK
616,1712606567.1028717,1094577060.2203565,13.9,-1.3235056209524966e-06,13.95,ASK
617,1712606567.1060536,1094577450.8537204,13.9,-2.4959803055290344e-08,13.95,ASK
618,1712606573.2829332,1094584252.2064452,13.9,-4.345773817127756e-07,13.95,ASK
619,1712606573.2860188,1094659421.7362723,13.9,-4.8030118093684335e-06,13.95,ASK
620,1712606574.532719,1094659853.0806289,13.91,2.7561061551346746e-08,13.95,BID
621,1712606580.1884198,1094659853.0806289,13.91,0.0,13.95,BID
622,1712606596.902472,1094660284.4249854,13.9,-2.755851755205001e-08,13.95,ASK
623,1712606606.4827807,1094660715.769342,13.91,2.755851755205001e-08,13.95,BID
624,1712606610.173352,1094660715.769342,13.91,0.0,13.95,BID
625,1712606629.0819776,1094661147.1136985,13.9,-2.7558496431152946e-08,13.95,ASK
626,1712606639.0017142,1094661578.4580553,13.91,2.7558496446385457e-08,13.95,BID
627,1712606640.2615824,1094661578.4580553,13.91,0.0,13.95,BID
628,1712606653.551848,1094662776.6125093,13.91,7.654976688086485e-08,13.95,BID
629,1712606653.5577164,1095378516.7991886,13.91,4.57284486611767e-05,13.95,BID
630,1712606653.5628526,1095381002.9184868,13.91,1.5883749551864754e-07,13.95,BID
631,1712606656.4410791,1095397935.5111558,13.9,-1.0818188065669128e-06,13.95,ASK
632,1712606661.4010038,1095398366.8555124,13.9,-2.7558475310288256e-08,13.95,ASK
633,1712606666.701011,1095399794.4666529,13.91,9.120969307155417e-08,13.95,BID
634,1712606670.252536,1095399794.4666529,13.91,0.0,13.95,BID
635,1712606671.3808105,1095400225.8110094,13.91,2.7540407535294685e-08,13.95,BID
636,1712606684.6306176,1095472116.5371058,13.91,4.590067922990568e-06,13.95,BID
637,1712606692.088703,1095522605.2736263,13.9,-3.2235970139524487e-06,13.95,ASK
638,1712606692.094615,1095525103.2871058,13.9,-1.5949277696743618e-07,13.95,ASK
639,1712606692.460158,1095525534.6314623,13.9,-2.7540407535294685e-08,13.95,ASK
640,1712606700.173014,1095525534.6314623,13.9,-0.0,13.95,ASK
641,1712606703.520055,1095525965.9758189,13.91,2.7540781120998416e-08,13.95,BID
642,1712606729.959173,1095526397.3201754,13.9,-2.7540781120998416e-08,13.95,ASK
643,1712606730.1623318,1095526397.3201754,13.9,-0.0,13.95,ASK
644,1712606738.3491187,1095526828.6645322,13.91,2.7540760042501762e-08,13.95,BID
645,1712606760.25821,1095526828.6645322,13.91,0.0,13.95,BID
646,1712606761.338251,1095527260.0088887,13.9,-2.754074947663905e-08,13.95,ASK
647,1712606770.8288374,1095527691.3532453,13.91,2.754074947663905e-08,13.95,BID
648,1712606790.2651842,1095527691.3532453,13.91,0.0,13.95,BID
649,1712606792.4714396,1095528122.6976018,13.9,-2.7540728382968144e-08,13.95,ASK
650,1712606802.7872064,1095528554.0419583,13.91,2.7540728382968144e-08,13.95,BID
651,1712606812.64738,1095531554.0419583,13.9,-1.9154576592181066e-07,13.95,ASK
652,1712606820.1809146,1095531554.0419583,13.9,-0.0,13.95,ASK
653,1712606830.2370827,1095531985.3863149,13.9,-2.7540633962829343e-08,13.95,ASK
654,1712606837.1865268,1095532416.7306714,13.91,2.7540633962829343e-08,13.95,BID
655,1712606850.1696577,1095532416.7306714,13.91,0.0,13.95,BID
656,1712606851.1766107,1095648770.3439438,13.91,7.4289828312856284e-06,13.95,BID
657,1712606857.9163153,1095649201.6883006,13.9,-2.7540612884558026e-08,13.95,ASK
658,1712606868.3290377,1095649633.0326571,13.91,2.75406128693354e-08,13.95,BID
659,1712606876.7956853,1095865305.210946,13.91,1.3770306435976846e-05,13.95,BID
660,1712606880.245885,1095865305.210946,13.91,0.0,13.95,BID
661,1712606883.57577,1095880305.210946,13.9,-9.574417468675171e-07,13.95,ASK
662,1712606883.5830364,1096021859.419097,13.9,-9.035327221894069e-06,13.95,ASK
663,1712606885.025524,1096305320.8336332,13.9,1.8093186126874192e-05,13.95,BID
664,1712606893.1156516,1096305752.1779895,13.9,-2.7532472948273428e-08,13.95,ASK
665,1712606902.2851896,1096306183.5223465,13.91,2.7532472963491563e-08,13.95,BID
666,1712606905.355178,1096306760.7229235,13.9,-3.684239525037236e-08,13.95,ASK
667,1712606910.255226,1096306760.7229235,13.9,-0.0,13.95,ASK
668,1712606925.8180811,1096307192.0672803,13.9,-2.7521693471266164e-08,13.95,ASK
669,1712606935.4646902,1096307623.4116368,13.91,2.7521693456053995e-08,13.95,BID
670,1712606940.168311,1096307623.4116368,13.91,0.0,13.95,BID
671,1712606956.894368,1096308054.7559934,13.9,-2.75216723915633e-08,13.95,ASK
672,1712606966.7445536,1096308486.10035,13.91,2.75216723915633e-08,13.95,BID
673,1712606967.893843,1096315675.1729596,13.91,4.586945399050248e-07,13.95,BID
674,1712606970.170226,1096315675.1729596,13.91,0.0,13.95,BID
675,1712606988.084615,1096316106.517316,13.9,-2.7521475728085773e-08,13.95,ASK
676,1712607000.0035543,1096316537.8616726,13.91,2.7521475728085773e-08,13.95,BID
677,1712607000.2458308,1096316537.8616726,13.91,0.0,13.95,BID
678,1712607026.3645434,1096365253.012643,13.91,3.10926026584002e-06,13.95,BID
679,1712607027.2128456,1096365684.3569996,13.9,-2.753069305866856e-08,13.95,ASK
680,1712607030.175697,1096365684.3569996,13.9,-0.0,13.95,ASK
681,1712607035.522702,1096366115.7013564,13.91,2.7529491893690426e-08,13.95,BID
682,1712607038.8729846,1096372788.5270598,13.9,-4.258766765435598e-07,13.95,ASK
683,1712607057.027383,1096373219.8714163,13.9,-2.7529491878473946e-08,13.95,ASK
684,1712607059.7526872,1096509233.7413726,13.9,-8.680750475984295e-06,13.95,ASK
685,1712607060.2521896,1096509233.7413726,13.9,-0.0,13.95,ASK
686,1712607066.352391,1096509665.0857291,13.91,2.75259865070555e-08,13.95,BID
687,1712607088.798763,1096510096.4300857,13.9,-2.75259865070555e-08,13.95,ASK
688,1712607090.2551155,1096510096.4300857,13.9,-0.0,13.95,ASK
689,1712607100.6119337,1096510527.7744424,13.91,2.7525965451207218e-08,13.95,BID
690,1712607102.6023042,1096582418.5005386,13.91,4.587660906424788e-06,13.95,BID
691,1712607104.0620704,1096699001.306294,13.91,7.439657510342984e-06,13.95,BID
692,1712607120.177379,1096699001.306294,13.91,0.0,13.95,BID
693,1712607122.8423307,1096699432.6506505,13.9,-2.7521350576519123e-08,13.95,ASK
694,1712607131.4719234,1096699863.9950073,13.91,2.7521350591731084e-08,13.95,BID
695,1712607150.1718128,1096699863.9950073,13.91,0.0,13.95,BID
696,1712607151.201399,1096700295.3393638,13.9,-2.7521329512553293e-08,13.95,ASK
697,1712607162.9510708,1096700726.6837204,13.91,2.7521329512553293e-08,13.95,BID
698,1712607180.2615745,1096700726.6837204,13.91,0.0,13.95,BID
699,1712607187.5708802,1096701158.028077,13.9,-2.7521308448619692e-08,13.95,ASK
700,1712607197.3106291,1096701589.3724334,13.91,2.7521308448619692e-08,13.95,BID
701,1712607210.260428,1096701589.3724334,13.91,0.0,13.95,BID
702,1712607222.600982,1096702020.71679,13.9,-2.7521287384718345e-08,13.95,ASK
703,1712607229.8902068,1096802440.376902,13.9,-6.407127584120397e-06,13.95,ASK
704,1712607230.6501324,1096802871.7212586,13.91,2.7521287384718345e-08,13.95,BID
705,1712607239.2801104,1096804354.8965406,13.9,-9.463180069306226e-08,13.95,ASK
706,1712607240.1702542,1096804354.8965406,13.9,-0.0,13.95,ASK
707,1712607253.6999562,1096804786.2408972,13.9,-2.7518779328056332e-08,13.95,ASK
708,1712607264.659947,1096805217.5852537,13.91,2.7518779328056332e-08,13.95,BID
709,1712607270.1702592,1096805217.5852537,13.91,0.0,13.95,BID
710,1712607287.7895083,1096805648.9296105,13.9,-2.7518758283236745e-08,13.95,ASK
711,1712607298.4794774,1096806080.273967,13.91,2.75187582680262e-08,13.95,BID
712,1712607300.1809092,1096806080.273967,13.91,0.0,13.95,BID
713,1712607321.949376,1096806511.6183236,13.9,-2.7518737208028333e-08,13.95,ASK
714,1712607330.1633806,1096806511.6183236,13.9,-0.0,13.95,ASK
715,1712607330.7590349,1096806942.96268,13.91,2.7518726681827868e-08,13.95,BID
716,1712607343.489144,1096814154.3967316,13.9,-4.600720506486345e-07,13.95,ASK
717,1712607352.7588358,1096814585.7410882,13.9,-2.7518726681827868e-08,13.95,ASK
718,1712607359.6095874,1096826096.5324552,13.91,7.343606487973838e-07,13.95,BID
719,1712607360.258678,1096826096.5324552,13.91,0.0,13.95,BID
720,1712607361.9690108,1096826527.8768115,13.91,2.7518248545272025e-08,13.95,BID
721,1712607383.598823,1096826959.2211685,13.9,-2.7518248545272025e-08,13.95,ASK
722,1712607385.7886164,1096831272.664734,13.91,2.751824854831408e-07,13.95,BID
723,1712607389.218539,1096903163.3908305,13.91,4.586374757986435e-06,13.95,BID
724,1712607390.248236,1096903163.3908305,13.91,0.0,13.95,BID
725,1712607395.918771,1096903594.735187,13.91,2.7516366713506866e-08,13.95,BID
726,1712607406.8989463,1096911741.637658,13.9,-5.197080999803343e-07,13.95,ASK
727,1712607413.4685142,1097256547.811135,13.91,2.1995913405816188e-05,13.95,BID
728,1712607419.548516,1097256979.1554916,13.9,-2.7516366713506866e-08,13.95,ASK
729,1712607420.172814,1097256979.1554916,13.9,-0.0,13.95,ASK
730,1712607427.7183614,1097257410.499848,13.91,2.7507730597441683e-08,13.95,BID
731,1712607448.5382023,1097257841.844205,13.9,-2.7507730597441683e-08,13.95,ASK
732,1712607450.1630085,1097257841.844205,13.9,-0.0,13.95,ASK
733,1712607459.7981098,1097258273.1885612,13.91,2.7507709554319266e-08,13.95,BID
734,1712607460.6577914,1097361230.424137,13.9,-6.565792944356814e-06,13.95,ASK
735,1712607460.857921,1097374647.0735147,13.9,-8.556071006325765e-07,13.95,ASK
736,1712607460.9726138,1097384632.5512516,13.9,-6.367942855551515e-07,13.95,ASK
737,1712607480.258078,1097384632.5512516,13.9,-0.0,13.95,ASK
738,1712607485.8875692,1097385063.8956082,13.9,-2.7504618268095584e-08,13.95,ASK
739,1712607493.0576518,1097385495.239965,13.91,2.7504618283298323e-08,13.95,BID
740,1712607506.4377272,1097386933.0544868,13.91,9.168206089365197e-08,13.95,BID
741,1712607510.247534,1097386933.0544868,13.91,0.0,13.95,BID
742,1712607514.9973896,1097387364.3988433,13.9,-2.750456215326309e-08,13.95,ASK
743,1712607521.8273933,1097388617.6358612,13.9,-7.991233669433234e-08,13.95,ASK
744,1712607525.6174686,1097389048.9802177,13.91,2.750456215326309e-08,13.95,BID
745,1712607540.1763363,1097389048.9802177,13.91,0.0,13.95,BID
746,1712607548.8672192,1097389480.3245742,13.9,-2.750451056351048e-08,13.95,ASK
747,1712607550.7371836,1097500910.9500237,13.91,7.105331896257661e-06,13.95,BID
748,1712607558.3371067,1097501342.2943802,13.91,2.750451056351048e-08,13.95,BID
749,1712607565.547211,1097507742.2943802,13.9,-4.080935914399117e-07,13.95,ASK
750,1712607570.177197,1097507742.2943802,13.9,-0.0,13.95,ASK
751,1712607576.8180294,1097542161.33191,13.9,-2.194485955749873e-06,13.95,ASK
752,1712607576.8241873,1097574528.4784555,13.9,-2.063661671532897e-06,13.95,ASK
753,1712607579.016899,1097574959.822812,13.9,-2.75016153978324e-08,13.95,ASK
754,1712607589.2170634,1097575391.1671686,13.91,2.75016153978324e-08,13.95,BID
755,1712607600.187407,1097575391.1671686,13.91,0.0,13.95,BID
756,1712607614.216555,1097575822.5115252,13.9,-2.7505688396282546e-08,13.95,ASK
757,1712607617.7265687,1097628809.2615252,13.9,-3.378824858943444e-06,13.95,ASK
758,1712607623.206547,1097629240.6058817,13.91,2.7505688396282546e-08,13.95,BID
759,1712607630.1542633,1097629240.6058817,13.91,0.0,13.95,BID
760,1712607641.5367403,1097655733.9808817,13.9,-1.6893317966536077e-06,13.95,ASK
761,1712607644.8466156,1097656165.3252382,13.9,-2.7504375595967564e-08,13.95,ASK
762,1712607655.686334,1097656596.6695948,13.91,2.7504375595967564e-08,13.95,BID
763,1712607660.1866832,1097656596.6695948,13.91,0.0,13.95,BID
764,1712607674.8861806,1097657028.0139515,13.9,-2.7503708739507675e-08,13.95,ASK
765,1712607688.7361825,1097657459.358308,13.91,2.7503708724305452e-08,13.95,BID
766,1712607690.167077,1097657459.358308,13.91,0.0,13.95,BID
767,1712607711.9960108,1097657890.7026646,13.9,-2.750368768733597e-08,13.95,ASK
768,1712607720.2568822,1097657890.7026646,13.9,-0.0,13.95,ASK
769,1712607730.1659265,1097659953.1742678,13.91,1.3150874073410884e-07,13.95,BID
770,1712607750.2482717,1097659953.1742678,13.91,0.0,13.95,BID
771,1712607752.4857883,1097660384.5186243,13.91,2.7503626860629973e-08,13.95,BID
772,1712607755.916263,1097732275.2447207,13.91,4.583937810545855e-06,13.95,BID
773,1712607767.126067,1097742138.846708,13.9,-6.289286609432766e-07,13.95,ASK
774,1712607767.135364,1097799464.8398304,13.9,-3.655252932739149e-06,13.95,ASK
775,1712607768.405637,1097841120.216312,13.91,2.656054064751e-06,13.95,BID
776,1712607778.7654855,1097841551.5606685,13.9,-2.7503626860629973e-08,13.95,ASK
777,1712607780.1598582,1097841551.5606685,13.9,-0.0,13.95,ASK
778,1712607788.2554767,1097841982.905025,13.91,2.7499198849241364e-08,13.95,BID
779,1712607809.4754696,1097842414.2493815,13.9,-2.7499198849241364e-08,13.95,ASK
780,1712607810.177179,1097842414.2493815,13.9,-0.0,13.95,ASK
781,1712607826.6452334,1097941683.9551208,13.9,-6.328668148338944e-06,13.95,ASK
782,1712607826.6528716,1097955385.9993815,13.9,-8.735362962376814e-07,13.95,ASK
783,1712607830.885455,1097956476.9308596,13.9,-6.954934786572402e-08,13.95,ASK
784,1712607830.8938217,1098048362.7493815,13.9,-5.857928646343357e-06,13.95,ASK
785,1712607840.239389,1098048362.7493815,13.9,-0.0,13.95,ASK
786,1712607850.3953264,1098232710.0488243,13.9,-1.1750412591276024e-05,13.95,ASK
787,1712607851.6350713,1098233141.393181,13.91,2.7494160063861545e-08,13.95,BID
788,1712607858.8450556,1098259634.768181,13.9,-1.688704353825604e-06,13.95,ASK
789,1712607866.8549762,1098343320.2382908,13.9,-5.334164398691929e-06,13.95,ASK
790,1712607866.935034,1098359541.070091,13.9,-1.0339260016403486e-06,13.95,ASK
791,1712607870.2468135,1098359541.070091,13.9,-0.0,13.95,ASK
792,1712607874.195131,1098359972.4144475,13.9,-2.7486581941044272e-08,13.95,ASK
793,1712607885.7448587,1098459447.5394475,13.9,-6.338859273274016e-06,13.95,ASK
794,1712607891.124925,1098538927.6644475,13.9,-5.064716705781751e-06,13.95,ASK
795,1712607900.1908226,1098538927.6644475,13.9,-0.0,13.95,ASK
796,1712607914.0353532,1098539359.008804,13.91,2.74836163022646e-08,13.95,BID
797,1712607915.01684,1098592345.758804,13.9,-3.3761135019731205e-06,13.95,ASK
798,1712607915.1953611,1098606257.8909676,13.9,-8.864279699832509e-07,13.95,ASK
799,1712607915.2015789,1098736646.2035742,13.9,-8.307845691433114e-06,13.95,ASK
800,1712607930.1715465,1098736646.2035742,13.9,-0.0,13.95,ASK
801,1712607935.964849,1098737077.5479307,13.9,-2.7478804470164684e-08,13.95,ASK
802,1712607946.404624,1098737508.8922873,13.91,2.7478804470164684e-08,13.95,BID
803,1712607960.2463863,1098737508.8922873,13.91,0.0,13.95,BID
804,1712607966.5644102,1098737940.236644,13.9,-2.74787834864638e-08,13.95,ASK
805,1712607978.544481,1098738371.5810006,13.91,2.7478783471275345e-08,13.95,BID
806,1712607990.2389345,1098738371.5810006,13.91,0.0,13.95,BID
807,1712608000.5845926,1098738802.925357,13.9,-2.7478762472418115e-08,13.95,ASK
808,1712608002.514527,1098842269.2876863,13.91,6.591317473484718e-06,13.95,BID
809,1712608010.3039749,1098842700.632043,13.91,2.7478762472418115e-08,13.95,BID
810,1712608020.1830792,1098842700.632043,13.91,0.0,13.95,BID
811,1712608033.634308,1098843131.9763994,13.9,-2.7476222311864245e-08,13.95,ASK
812,1712608034.934214,1098884854.6265247,13.9,-2.657692845423697e-06,13.95,ASK
813,1712608044.974321,1098885285.9708812,13.91,2.7476222311864245e-08,13.95,BID
814,1712608050.164431,1098885285.9708812,13.91,0.0,13.95,BID
815,1712608068.614134,1098885717.315238,13.9,-2.7475186346457915e-08,13.95,ASK
816,1712608080.2544768,1098885717.315238,13.9,-0.0,13.95,ASK
817,1712608086.4437203,1098902378.3941662,13.9,-1.0612543464930745e-06,13.95,ASK
818,1712608093.1238034,1098956119.3885145,13.91,3.423119479995847e-06,13.95,BID
819,1712608110.2568223,1098956119.3885145,13.91,0.0,13.95,BID
820,1712608110.418152,1098956550.732871,13.91,2.7473462400180136e-08,13.95,BID
821,1712608114.7739549,1098966550.732871,13.91,6.369264367049181e-07,13.95,BID
822,1712608134.643605,1098966982.0772276,13.9,-2.7473462400180136e-08,13.95,ASK
823,1712608140.1651523,1098966982.0772276,13.9,-0.0,13.95,ASK
824,1712608142.7737715,1098967413.421584,13.91,2.747319800681163e-08,13.95,BID
825,1712608165.713564,1098967844.765941,13.9,-2.747319800681163e-08,13.95,ASK
826,1712608170.1606746,1098967844.765941,13.9,-0.0,13.95,ASK
1027,1712608176.133395,1098968276.1102974,13.91,2.7473177031675532e-08,13.95,BID
827,1712608176.133395,1098968276.1102974,13.91,2.747317703167553e-08,13.95,BID
828,1712608198.4634316,1099406494.7299955,13.91,2.7911012462400223e-05,13.95,BID
829,1712608200.3236887,1099406494.7299955,13.91,0.0,13.95,BID
830,1712608200.3501637,1099406926.074352,13.9,-2.7464269463726054e-08,13.95,ASK
831,1712608208.7631764,1099407357.4187086,13.91,2.7464269463726054e-08,13.95,BID
832,1712608215.4534478,1099563282.331881,13.91,9.927946816921384e-06,13.95,BID
833,1712608228.673137,1099563713.6762376,13.9,-2.7464269463726054e-08,13.95,ASK
834,1712608230.2530353,1099563713.6762376,13.9,-0.0,13.95,ASK
835,1712608239.1331308,1099564145.020594,13.91,2.7460445781325172e-08,13.95,BID
1035,1712608239.1331308,1099564145.020594,13.91,2.746044578132517e-08,13.95,BID
836,1712608260.168304,1099564145.020594,13.91,0.0,13.95,BID
837,1712608261.31294,1099564576.364951,13.9,-2.746043529213088e-08,13.95,ASK
1037,1712608261.31294,1099564576.364951,13.9,-2.7460435292130882e-08,13.95,ASK
838,1712608272.253128,1099565007.7093072,13.91,2.746043529213088e-08,13.95,BID
1038,1712608272.253128,1099565007.7093072,13.91,2.7460435292130882e-08,13.95,BID
839,1712608290.1632793,1099565007.7093072,13.91,0.0,13.95,BID
840,1712608294.82274,1099565439.0536635,13.9,-2.746041432130705e-08,13.95,ASK
841,1712608304.1928744,1099565870.3980205,13.91,2.7460414336485352e-08,13.95,BID
842,1712608307.8228524,1100277360.5676138,13.9,-4.529516741434442e-05,13.95,ASK
843,1712608320.2463746,1100277360.5676138,13.9,-0.0,13.95,ASK
844,1712608326.0226862,1100277791.9119704,13.9,-2.74431151008594e-08,13.95,ASK
845,1712608336.7429495,1100278223.256327,13.91,2.74431151008594e-08,13.95,BID
846,1712608348.6428094,1100435086.7178657,13.91,9.980012407450683e-06,13.95,BID
847,1712608350.2431257,1100435086.7178657,13.91,0.0,13.95,BID
848,1712608360.08942,1100435518.062222,13.9,-2.7439284983720493e-08,13.95,ASK
849,1712608368.9724965,1100440371.1355505,13.91,3.0872053868192174e-07,13.95,BID
850,1712608370.5225396,1100440802.479907,13.91,2.7439284983720493e-08,13.95,BID
851,1712608380.1553888,1100440802.479907,13.91,0.0,13.95,BID
852,1712608391.902413,1100441233.8242636,13.9,-2.7439146213278534e-08,13.95,ASK
853,1712608402.8824086,1100441665.1686203,13.91,2.7439146228445082e-08,13.95,BID
1053,1712608402.8824086,1100441665.1686203,13.91,2.743914622844508e-08,13.95,BID
854,1712608410.1660724,1100441665.1686203,13.91,0.0,13.95,BID
855,1712608430.342469,1100442096.512977,13.9,-2.743912527495793e-08,13.95,ASK
856,1712608437.9324403,1100442527.8573334,13.91,2.743912527495793e-08,13.95,BID
857,1712608440.1742072,1100442527.8573334,13.91,0.0,13.95,BID
858,1712608443.9160335,1100610613.3110094,13.9,-1.0692418321920423e-05,13.95,ASK
859,1712608443.9219186,1100820730.955176,13.9,-1.3366211644793271e-05,13.95,ASK
860,1712608450.1122324,1100894915.961712,13.9,-4.719130095733652e-06,13.95,ASK
861,1712608451.442612,1101312205.7018368,13.9,-2.654504816021924e-05,13.95,ASK
862,1712608451.5424657,1101327705.7018368,13.9,-9.860013485119628e-07,13.95,ASK
863,1712608454.7124808,1101525412.5683055,13.9,-1.2576724964398786e-05,13.95,ASK
864,1712608454.719628,1101679202.7841885,13.9,-9.783055499909692e-06,13.95,ASK
865,1712608454.725503,1101725053.2298417,13.9,-2.916683951221278e-06,13.95,ASK
866,1712608454.81204,1101726270.563727,13.9,-7.743824852609012e-08,13.95,ASK
867,1712608459.332985,1101733497.6081944,13.9,4.597339090900581e-07,13.95,BID
868,1712608459.3920891,1101762368.859557,13.9,-1.8365866307405847e-06,13.95,ASK
869,1712608462.4038162,1101762800.2039132,13.89,-2.7439104336669287e-08,13.95,ASK
870,1712608470.1744635,1101762800.2039132,13.89,-0.0,13.95,ASK
871,1712608474.0442097,1101763231.54827,13.91,2.740710897257648e-08,13.95,BID
872,1712608498.0922675,1101763662.8926263,13.89,-2.7407108957427644e-08,13.95,ASK
873,1712608500.1862233,1101763662.8926263,13.89,-0.0,13.95,ASK
874,1712608506.341923,1101764094.236983,13.91,2.742536004719482e-08,13.95,BID
875,1712608528.5619988,1101764525.5813396,13.89,-2.742536004719482e-08,13.95,ASK
876,1712608528.7650096,1101809121.052224,13.91,2.835430270367352e-06,13.95,BID
877,1712608530.1625564,1101809121.052224,13.91,0.0,13.95,BID
878,1712608535.0319562,1101821328.0953894,13.9,-7.761063522489396e-07,13.95,ASK
1079,1712608541.51219,1101821759.439746,13.91,2.7424257502638212e-08,13.95,BID
879,1712608541.51219,1101821759.439746,13.91,2.742425750263821e-08,13.95,BID
880,1712608560.252129,1101821759.439746,13.91,0.0,13.95,BID
881,1712608564.2418544,1101822161.0711136,13.89,-2.5534862943695814e-08,13.95,ASK
882,1712608564.250864,1101822190.7841024,13.89,-1.8890882512408483e-09,13.95,ASK
883,1712608574.621699,1101822622.128459,13.91,2.742395119493666e-08,13.95,BID
884,1712608590.2424922,1101822622.128459,13.91,0.0,13.95,BID
885,1712608596.4316936,1101823053.4728155,13.89,-2.7423930287320443e-08,13.95,ASK
886,1712608606.9918404,1101823484.817172,13.91,2.7423930287320443e-08,13.95,BID
887,1712608620.151028,1101823484.817172,13.91,0.0,13.95,BID
888,1712608631.811547,1101823916.1615288,13.89,-2.7423909394894223e-08,13.95,ASK
889,1712608642.2322564,1101824347.5058854,13.91,2.7423909379736105e-08,13.95,BID
890,1712608650.1573677,1101824347.5058854,13.91,0.0,13.95,BID
891,1712608665.6917398,1101824778.850242,13.89,-2.7423888472183647e-08,13.95,ASK
892,1712608676.1007886,1101825210.504918,13.9,2.7443617887151122e-08,13.95,BID
893,1712608680.267617,1101825210.504918,13.9,0.0,13.95,BID
894,1712608685.6716092,1101867411.0804577,13.9,2.68301410975186e-06,13.95,BID
895,1712608697.6220038,1102160636.0128348,13.9,1.864255690448476e-05,13.95,BID
1096,1712608702.3624847,1102161067.6675112,13.9,-2.7443596979747252e-08,13.95,ASK
896,1712608702.3624847,1102161067.6675112,13.9,-2.744359697974725e-08,13.95,ASK
897,1712608708.662264,1102192877.5058842,13.9,-2.022395289454648e-06,13.95,ASK
898,1712608710.2418587,1102192877.5058842,13.9,-0.0,13.95,ASK
899,1712608710.8719163,1102193308.8502407,13.91,2.7414959945289842e-08,13.95,BID
1099,1712608710.8719163,1102193308.8502407,13.91,2.741495994528984e-08,13.95,BID
900,1712608712.011917,1102237220.9752202,13.9,-2.7909236070474847e-06,13.95,ASK
901,1712608726.371869,1102444947.109882,13.9,-1.3202453156131595e-05,13.95,ASK
902,1712608730.4819393,1102487302.0475209,13.9,2.691953427143402e-06,13.95,BID
903,1712608730.6020305,1102605301.8358831,13.9,7.499714375485712e-06,13.95,BID
904,1712608734.522085,1102620497.861059,13.9,9.65814007321638e-07,13.95,BID
905,1712608737.0521162,1102620929.2054155,13.9,-2.7414959945289842e-08,13.95,ASK
1105,1712608737.0521162,1102620929.2054155,13.9,-2.741495994528984e-08,13.95,ASK
906,1712608740.1626966,1102620929.2054155,13.9,-0.0,13.95,ASK
907,1712608746.3625822,1102621360.549772,13.91,2.740459664099594e-08,13.95,BID
908,1712608748.2722592,1103031688.6889396,13.9,-2.606937351544097e-05,13.95,ASK
909,1712608748.2794178,1103058782.4355412,13.89,-1.7213467287968094e-06,13.95,ASK
910,1712608768.2827835,1103059213.779898,13.89,-2.7404596656143392e-08,13.95,ASK
911,1712608770.1439233,1103059213.779898,13.89,-0.0,13.95,ASK
912,1712608776.492603,1103059645.434574,13.9,2.7413702097056464e-08,13.95,BID
913,1712608795.1026847,1103073654.243222,13.9,8.896771613575543e-07,13.95,BID
914,1712608798.046557,1103081212.2567756,13.89,-4.799974225437023e-07,13.95,ASK
915,1712608798.0517,1103099820.2490957,13.89,-1.1817640030646545e-06,13.95,ASK
916,1712608798.5426416,1103100251.903772,13.89,-2.7413702112198045e-08,13.95,ASK
917,1712608800.1948662,1103100251.903772,13.89,-0.0,13.95,ASK
918,1712608809.063429,1103100251.9037728,13.9,4.550384896754717e-17,13.95,BID
1119,1712608809.0715392,1103100683.248129,13.91,2.744169308487392e-08,13.95,BID
919,1712608809.0715392,1103100683.248129,13.91,2.7441693084873922e-08,13.95,BID
920,1712608824.8886647,1103150981.6072166,13.91,3.1999309000694943e-06,13.95,BID
921,1712608830.1578083,1103150981.6072166,13.91,0.0,13.95,BID
922,1712608833.5556917,1103151412.9515731,13.89,-2.7440461252534844e-08,13.95,ASK
923,1712608841.8633838,1103151844.2959297,13.91,2.7440461252534844e-08,13.95,BID
924,1712608860.24674,1103151844.2959297,13.91,0.0,13.95,BID
925,1712608861.973507,1103152275.6402862,13.89,-2.7440440319736995e-08,13.95,ASK
926,1712608873.55417,1103152706.9846427,13.91,2.7440440319736995e-08,13.95,BID
927,1712608890.2393982,1103152706.9846427,13.91,0.0,13.95,BID
928,1712608895.5633109,1103158536.6558578,13.89,-3.708605910916927e-07,13.95,ASK
929,1712608903.6420698,1103158968.0002143,13.9,-2.7440419386971096e-08,13.95,ASK
930,1712608911.6638477,1103159399.3445709,13.91,2.7440419386971096e-08,13.95,BID
931,1712608920.1761973,1103159399.3445709,13.91,0.0,13.95,BID
932,1712608931.893781,1103159830.6889274,13.9,-2.7440257095091825e-08,13.95,ASK
933,1712608933.383552,1103207659.6889274,13.91,3.0426735315104974e-06,13.95,BID
934,1712608942.9241178,1103208091.0332842,13.91,2.7440257110258986e-08,13.95,BID
935,1712608947.2038,1103295546.7303095,13.91,5.563552123594561e-06,13.95,BID
936,1712608950.1662652,1103295546.7303095,13.91,0.0,13.95,BID
937,1712608963.7467878,1103299141.266615,13.91,2.28641263437e-07,13.95,BID
1138,1712608966.7139614,1103299572.6109712,13.9,-2.743695160880032e-08,13.95,ASK
938,1712608966.7139614,1103299572.6109712,13.9,-2.7436951608800322e-08,13.95,ASK
939,1712608975.6737764,1103300003.9553275,13.91,2.7436951608800322e-08,13.95,BID
1139,1712608975.6737764,1103300003.9553275,13.91,2.743695160880032e-08,13.95,BID
940,1712608977.3237965,1103357210.8586738,13.91,3.638816678620592e-06,13.95,BID
941,1712608980.254045,1103357210.8586738,13.91,0.0,13.95,BID
942,1712608994.59397,1103371589.003893,13.91,9.145151583392932e-07,13.95,BID
943,1712608995.8542037,1103372881.5560138,13.91,8.221216919963812e-08,13.95,BID
944,1712608997.664131,1103373312.9003704,13.9,-2.7435454747904122e-08,13.95,ASK
945,1712608997.7249837,1103381856.895235,13.91,5.434367713973538e-07,13.95,BID
946,1712609005.914554,1103430448.6613953,13.9,-3.0906564126945566e-06,13.95,ASK
947,1712609005.9243777,1103469576.1934807,13.9,-2.48868825952734e-06,13.95,ASK
948,1712609006.1740315,1103481202.7310386,13.91,7.395004483283988e-07,13.95,BID
949,1712609008.4843092,1103481634.075395,13.91,2.7435454747904122e-08,13.95,BID
950,1712609010.2542806,1103481634.075395,13.91,0.0,13.95,BID
951,1712609033.3743155,1103482065.419752,13.9,-2.7432436481680807e-08,13.95,ASK
952,1712609040.164485,1103482065.419752,13.9,-0.0,13.95,ASK
953,1712609043.3742535,1103482496.7641084,13.91,2.7432426006235844e-08,13.95,BID
954,1712609048.7344494,1103646372.7700307,13.91,1.0422105537104034e-05,13.95,BID
955,1712609065.4545684,1103646804.1143873,13.9,-2.7432426006235844e-08,13.95,ASK
956,1712609066.5871615,1103657517.547547,13.91,6.81347647131259e-07,13.95,BID
957,1712609066.5947702,1103668166.1013217,13.91,6.772214799186816e-07,13.95,BID
958,1712609070.1650214,1103668166.1013217,13.91,0.0,13.95,BID
959,1712609073.989751,1103668597.445678,13.91,2.742791049227195e-08,13.95,BID
960,1712609089.6304443,1103679375.2327876,13.91,6.853275710400409e-07,13.95,BID
961,1712609094.4348,1104685037.9946206,13.91,6.394711742242952e-05,13.95,BID
962,1712609094.442837,1104887434.5503352,13.91,1.2869797714879648e-05,13.95,BID
963,1712609094.4503725,1105081550.9242375,13.91,1.234328546969691e-05,13.95,BID
964,1712609094.5344658,1105082869.5730426,13.91,8.384897321606642e-08,13.95,BID
965,1712609094.541423,1105126022.1640615,13.91,2.743945495147026e-06,13.95,BID
966,1712609096.9344685,1105126453.5084183,13.91,-2.7427910507432293e-08,13.95,ASK
967,1712609100.185649,1105126453.5084183,13.91,-0.0,13.95,ASK
1168,1712609107.7446623,1105126884.542901,13.92,2.737578241108569e-08,13.95,BID
968,1712609107.7446623,1105126884.542901,13.92,2.7375782411085692e-08,13.95,BID
969,1712609130.156784,1105126884.542901,13.92,0.0,13.95,BID
970,1712609135.5448236,1105127315.5773838,13.9,-2.7375771978975858e-08,13.95,ASK
971,1712609135.55515,1105608537.2611728,13.9,-3.056325100416753e-05,13.95,ASK
972,1712609136.6949928,1105619208.312914,13.92,6.777376079033877e-07,13.95,BID
973,1712609141.7449284,1105619639.3473966,13.92,2.7375771978975858e-08,13.95,BID
974,1712609158.5746424,1105630445.341506,13.92,6.863080393935644e-07,13.95,BID
975,1712609160.18435,1105630445.341506,13.92,0.0,13.95,BID
976,1712609162.0651364,1105630876.3759887,13.9,-2.7363606713266698e-08,13.95,ASK
977,1712609165.9163933,1105641681.475977,13.92,6.85946295319957e-07,13.95,BID
978,1712609172.706944,1105642112.5104597,13.92,2.7363606713266698e-08,13.95,BID
979,1712609190.1653097,1105642112.5104597,13.92,0.0,13.95,BID
980,1712609193.5350256,1105642543.5449424,13.9,-2.7363324607569986e-08,13.95,ASK
981,1712609205.0848668,1105642974.579425,13.92,2.7363324607569986e-08,13.95,BID
982,1712609214.5699627,1105653673.1490903,13.92,6.791763683028822e-07,13.95,BID
983,1712609214.5945678,1105657531.1097884,13.92,2.449145837255479e-07,13.95,BID
984,1712609214.604535,1105672515.9988012,13.92,9.512844069479032e-07,13.95,BID
985,1712609217.695237,1105675078.213374,13.92,1.6265684504900977e-07,13.95,BID
986,1712609217.7048073,1105683191.5399745,13.92,5.150576074991717e-07,13.95,BID
987,1712609220.2588007,1105683191.5399745,13.92,0.0,13.95,BID
988,1712609233.388161,1105683622.5744572,13.91,-2.736233134788621e-08,13.95,ASK
1188,1712609233.388161,1105683622.5744572,13.91,-2.7362331347886212e-08,13.95,ASK
1189,1712609241.6912022,1105684053.60894,13.92,2.7362331347886212e-08,13.95,BID
989,1712609241.6912022,1105684053.60894,13.92,2.736233134788621e-08,13.95,BID
990,1712609250.244761,1105684053.60894,13.92,0.0,13.95,BID
991,1712609253.7448893,1105733282.873618,13.92,3.125101309499988e-06,13.95,BID
992,1712609260.1151748,1105733713.9081006,13.91,-2.7362310511659652e-08,13.95,ASK
1192,1712609260.1151748,1105733713.9081006,13.91,-2.736231051165965e-08,13.95,ASK
993,1712609272.347173,1105767296.6221695,13.92,2.1318495086296382e-06,13.95,BID
994,1712609273.2249866,1105767727.6566527,13.92,2.7362310526794595e-08,13.95,BID
995,1712609276.5748334,1105794420.1158912,13.92,1.6944522707319298e-06,13.95,BID
996,1712609280.167673,1105794420.1158912,13.92,0.0,13.95,BID
997,1712609280.846053,1105903920.1158912,13.92,6.950443520873059e-06,13.95,BID
998,1712609297.7650714,1105904351.150374,13.91,-2.7359642261888734e-08,13.95,ASK
999,1712609301.4504085,1105925902.8745117,13.92,1.367982113215504e-06,13.95,BID
1000,1712609304.5651824,1105940980.525441,13.92,9.570443946203758e-07,13.95,BID
1201,1712609306.2749338,1105941411.5599236,13.92,2.7359642261888734e-08,13.95,BID
1202,1712609310.157891,1105941411.5599236,13.92,0.0,13.95,BID
1203,1712609328.9850996,1105941842.5944064,13.91,-2.735608936347584e-08,13.95,ASK
1204,1712609340.2454667,1105941842.5944064,13.91,-0.0,13.95,ASK
1205,1712609340.342652,1105942273.628889,13.92,2.7356078953853052e-08,13.95,BID
1206,1712609347.445209,1105952273.628889,13.92,6.346610317899167e-07,13.95,BID
1207,1712609350.295264,1105963083.5293772,13.92,6.860622597348113e-07,13.95,BID
1208,1712609350.3549864,1105973710.4087374,13.92,6.744466219450851e-07,13.95,BID
1209,1712609350.5056562,1105984520.2495756,13.92,6.860584739852915e-07,13.95,BID
1210,1712609350.667025,1105995147.1289358,13.92,6.744466219450851e-07,13.95,BID
1211,1712609367.2053988,1105995578.1634183,13.91,-2.7356078953853052e-08,13.95,ASK
1212,1712609370.235496,1105995578.1634183,13.91,-0.0,13.95,ASK
1213,1712609383.615254,1106022078.1634183,13.92,1.6817718966366846e-06,13.95,BID
1214,1712609392.545055,1106030274.3290937,13.92,5.20154003496899e-07,13.95,BID
1215,1712609392.7449818,1106038432.4628732,13.92,5.177403818644845e-07,13.95,BID
1216,1712609400.1967587,1106038432.4628732,13.92,0.0,13.95,BID
1217,1712609401.678645,1106045616.370919,13.92,4.559673931328595e-07,13.95,BID
1218,1712609401.685091,1106065637.056077,13.92,1.270726123173345e-06,13.95,BID
1219,1712609408.0453632,1106066068.09056,13.92,2.7358043601288244e-08,13.95,BID
1220,1712609410.675104,1106072296.335005,13.92,3.953107925835053e-07,13.95,BID
1221,1712609410.6769378,1106076901.6079094,13.92,2.922997159073688e-07,13.95,BID
1222,1712609410.755144,1106085122.9459038,13.92,5.218137578403362e-07,13.95,BID
1223,1712609410.7750597,1106093556.754278,13.92,5.35299393317787e-07,13.95,BID
1224,1712609410.8420274,1106107180.1712558,13.92,8.64687282380471e-07,13.95,BID
1225,1712609410.8550754,1106121038.1406765,13.92,8.79574480977864e-07,13.95,BID
1226,1712609423.4953575,1106128219.716797,13.92,4.558193843167885e-07,13.95,BID
1227,1712609423.499004,1106156957.680906,13.92,1.8240175814080392e-06,13.95,BID
1228,1712609429.13545,1106157388.7153888,13.91,-2.7358043586155663e-08,13.95,ASK
1229,1712609430.166999,1106157388.7153888,13.91,-0.0,13.95,ASK
1230,1712609436.2451923,1106158112.3043902,13.91,-4.5921845965344543e-08,13.95,ASK
1231,1712609437.7154725,1106171897.8784907,13.92,8.748875523907775e-07,13.95,BID
1232,1712609437.7189567,1106184612.3043902,13.92,8.069082124678039e-07,13.95,BID
1233,1712609438.6553483,1106197414.7473211,13.92,8.124941245695554e-07,13.95,BID
1234,1712609438.6589627,1106267612.3043902,13.92,4.455017138949775e-06,13.95,BID
1235,1712609439.1356134,1106277133.5961907,13.92,6.042591783419581e-07,13.95,BID
1236,1712609439.5157914,1106289691.5970318,13.92,7.969808539517362e-07,13.95,BID
1237,1712609439.895095,1106311074.798878,13.92,1.3570633322236009e-06,13.95,BID
1238,1712609439.9360957,1106320550.914661,13.92,6.013921279667491e-07,13.95,BID
1239,1712609440.0265446,1106347050.914661,13.92,1.6817957648585814e-06,13.95,BID
1240,1712609440.129473,1106373550.914661,13.92,1.6817957648585814e-06,13.95,BID
1241,1712609440.3249507,1106373981.9491436,13.92,2.735516858650281e-08,13.95,BID
1242,1712609440.465124,1106400481.9491436,13.92,1.6817957648585814e-06,13.95,BID
1243,1712609440.9052002,1106411216.979382,13.92,6.812878637944549e-07,13.95,BID
1244,1712609441.1251185,1106424560.964659,13.92,8.468625632108954e-07,13.95,BID
1245,1712609441.233241,1106434582.9594223,13.92,6.360357867350123e-07,13.95,BID
1246,1712609441.2349806,1106450522.48292,13.92,1.0115857778149577e-06,13.95,BID
1247,1712609441.6852784,1106455484.3110828,13.92,3.1489741850323175e-07,13.95,BID
1248,1712609441.6888957,1106458856.301145,13.92,2.139999473892472e-07,13.95,BID
1249,1712609441.8655083,1106468363.3352652,13.92,6.033543290385425e-07,13.95,BID
1250,1712609442.2051058,1106479441.793934,13.92,7.030832026488793e-07,13.95,BID
1251,1712609443.4953094,1106534559.793934,13.92,3.498008262923596e-06,13.95,BID
1252,1712609444.8756447,1106813089.4729824,13.92,1.767660507966987e-05,13.95,BID
1253,1712609444.879457,1106954311.0563638,13.92,8.962485314622104e-06,13.95,BID
1254,1712609444.8831346,1107102146.5802572,13.92,9.382232376584766e-06,13.95,BID
1255,1712609460.245495,1107102146.5802572,13.92,0.0,13.95,BID
1256,1712609463.58518,1107102577.61474,13.92,-2.7332356554593903e-08,13.95,ASK
1257,1712609474.1253169,1107103008.3397937,13.93,2.73127353358982e-08,13.95,BID
1258,1712609481.9152288,1107103733.5029554,13.92,-4.598336999019928e-08,13.95,ASK
1259,1712609490.2553227,1107103733.5029554,13.92,-0.0,13.95,ASK
1260,1712609496.905964,1107104164.2280092,13.92,-2.7312697070227383e-08,13.95,ASK
1261,1712609506.485416,1107104594.9530632,13.93,2.7312697085345743e-08,13.95,BID
1262,1712609517.6255555,1107105712.5391436,13.93,7.086722676819887e-08,13.95,BID
1263,1712609517.6287737,1107192488.1711912,13.93,5.502527727040072e-06,13.95,BID
1264,1712609517.6314182,1107822104.1094685,13.93,3.992456264512548e-05,13.95,BID
1265,1712609520.175947,1107822104.1094685,13.93,0.0,13.95,BID
1266,1712609530.6354892,1107822534.8345222,13.92,-2.729537686504727e-08,13.95,ASK
1267,1712609541.5954747,1107822965.559576,13.93,2.729537686504727e-08,13.95,BID
1268,1712609550.055007,1107830144.3104734,13.93,4.5492294781122293e-07,13.95,BID
1269,1712609550.155857,1107830144.3104734,13.93,0.0,13.95,BID
1270,1712609554.9253817,1107837323.0613708,13.93,4.549197191309232e-07,13.95,BID
1271,1712609558.9456098,1107844501.8122685,13.93,4.549197191309232e-07,13.95,BID
1272,1712609562.1153193,1107844932.537322,13.92,-2.7295183144229305e-08,13.95,ASK
1273,1712609572.19552,1107845363.2623758,13.93,2.7295183144229305e-08,13.95,BID
1274,1712609575.4613364,1107845991.7731764,13.93,3.9828928592992754e-08,13.95,BID
1275,1712609575.462865,1107890279.3506918,13.93,2.8065178207470665e-06,13.95,BID
1276,1712609575.464461,1107890279.3506918,13.93,0.0,13.95,BID
1277,1712609580.2352931,1107890279.3506918,13.93,0.0,13.95,BID
1278,1712609597.6756546,1107890710.0757456,13.93,-2.7293734287884083e-08,13.95,ASK
1279,1712609608.6354227,1107891140.4918146,13.94,2.727415486530825e-08,13.95,BID
1280,1712609610.2454832,1107891140.4918146,13.94,0.0,13.95,BID
1281,1712609611.295423,1107894219.3562143,13.93,-1.950981077167809e-07,13.95,ASK
1282,1712609618.175674,1107897888.517658,13.93,-2.3250340435573365e-07,13.95,ASK
1283,1712609618.1794133,1107918246.0194528,13.93,-1.2899918808134334e-06,13.95,ASK
1284,1712609618.6354628,1108085698.7784898,13.93,1.0610963061910596e-05,13.95,BID
1285,1712609620.1654687,1108085698.7784903,13.93,4.5323542305336917e-17,13.95,BID
1286,1712609631.585421,1108086129.194559,13.93,-2.727413411085509e-08,13.95,ASK
1287,1712609640.145636,1108086129.194559,13.93,-0.0,13.95,ASK
1288,1712609641.595368,1108086559.610628,13.94,2.7269440584182648e-08,13.95,BID
1289,1712609647.655797,1108087882.892281,13.93,-8.383783280185157e-08,13.95,ASK
1290,1712609647.6683378,1108158675.9420016,13.93,-4.485164479438475e-06,13.95,ASK
1291,1712609650.4275074,1108159396.403097,13.93,-4.564553335804517e-08,13.95,ASK
1292,1712609666.7057664,1108159826.8191657,13.93,-2.7269440584182648e-08,13.95,ASK
1293,1712609670.1576755,1108159826.8191657,13.93,-0.0,13.95,ASK
1294,1712609679.425554,1108173079.972572,13.93,-8.396121811335241e-07,13.95,ASK
1295,1712609679.5253932,1108269236.009537,13.93,6.091665692553055e-06,13.95,BID
1296,1712609679.5292954,1108269236.0095377,13.93,3.02085303143368e-17,13.95,BID
1297,1712609700.2394917,1108269236.0095377,13.93,0.0,13.95,BID
1298,1712609705.3404906,1108269666.4256065,13.94,2.7265536970021842e-08,13.95,BID
1299,1712609711.57611,1108628603.9704735,13.93,-2.2737591841167223e-05,13.95,ASK
1300,1712609711.5795264,1108707088.3113756,13.93,-4.9717421174644735e-06,13.95,ASK
1301,1712609712.0280998,1108742956.3171146,13.94,2.2721280799742773e-06,13.95,BID
1302,1712609712.0297213,1108913422.4123597,13.94,1.0798503951089666e-05,13.95,BID
1303,1712609712.0312977,1109628863.0767906,13.94,4.532097031094432e-05,13.95,BID
1304,1712609726.4982734,1109629293.4928596,13.93,-2.7265536970021842e-08,13.95,ASK
1305,1712609730.245397,1109629293.4928596,13.93,-0.0,13.95,ASK
1306,1712609736.1055007,1109629723.9089284,13.94,2.7232837673845174e-08,13.95,BID
1307,1712609748.0653296,1109633310.7095022,13.94,2.269403139839081e-07,13.95,BID
1308,1712609760.162378,1109633310.7095022,13.94,0.0,13.95,BID
1309,1712609761.075454,1109633741.125571,13.93,-2.72327411835119e-08,13.95,ASK
1310,1712609765.8751106,1109634741.125571,13.93,-6.327073536060407e-08,13.95,ASK
1311,1712609771.5434985,1109635171.54164,13.94,2.7232741198596824e-08,13.95,BID
1312,1712609790.165439,1109635171.54164,13.94,0.0,13.95,BID
1313,1712609794.0250173,1109637476.1932216,13.93,-1.4581676112436566e-07,13.95,ASK
1314,1712609794.6251235,1109637906.6092906,13.93,-2.7232696527774208e-08,13.95,ASK
1315,1712609805.6252398,1109638337.0253594,13.94,2.7232696512689315e-08,13.95,BID
1316,1712609820.2553198,1109638337.0253594,13.94,0.0,13.95,BID
1317,1712609829.875131,1109638767.4414282,13.93,-2.7232620528157052e-08,13.95,ASK
1318,1712609839.3153932,1109639197.8574972,13.94,2.72326205432419e-08,13.95,BID
1319,1712609850.245332,1109639197.8574972,13.94,0.0,13.95,BID
1320,1712609853.3052866,1109682987.9989114,13.94,2.7706200706262567e-06,13.95,BID
1321,1712609853.7149518,1109717876.3619826,13.94,2.207400931687849e-06,13.95,BID
1322,1712609861.9951322,1109922146.5271385,13.94,1.29242564909362e-05,13.95,BID
1323,1712609862.9051566,1109922576.9432073,13.93,-2.7232599859345386e-08,13.95,ASK
1324,1712609863.5652974,1109933056.9367914,13.94,6.630734596098918e-07,13.95,BID
1325,1712609864.817415,1110234561.6714458,13.93,-1.907632727927598e-05,13.95,ASK
1326,1712609866.5062313,1110247331.6714458,13.94,8.079630976129275e-07,13.95,BID
1327,1712609866.6623287,1110261439.2951846,13.94,8.925950960008472e-07,13.95,BID
1328,1712609866.7653508,1110275524.4047952,13.94,8.911706179454737e-07,13.95,BID
1329,1712609866.7673151,1110285737.879518,13.94,6.462107027780043e-07,13.95,BID
1330,1712609870.5953934,1110315737.879518,13.94,1.898112210523714e-06,13.95,BID
1331,1712609870.8552272,1110316168.295587,13.94,2.7232599874430226e-08,13.95,BID
1332,1712609877.352815,1110529067.295587,13.94,1.3470206383609606e-05,13.95,BID
1333,1712609880.1608498,1110529067.295587,13.94,0.0,13.95,BID
1334,1712609892.1861882,1110529569.698743,13.94,3.1762329414241045e-08,13.95,BID
1335,1712609896.0752463,1110530000.114812,13.93,-2.721124816049484e-08,13.95,ASK
1336,1712609904.17519,1110530430.5308812,13.94,2.7211248175567852e-08,13.95,BID
1337,1712609910.156363,1110530430.5308812,13.94,0.0,13.95,BID
1338,1712609927.6853116,1110530860.94695,13.93,-2.721121547589689e-08,13.95,ASK
1339,1712609940.1875236,1110530860.94695,13.93,-0.0,13.95,ASK
1340,1712609950.0359976,1110533860.94695,13.93,-1.896621000078675e-07,13.95,ASK
1341,1712609955.0453596,1110552864.8426642,13.93,-1.2014395898338078e-06,13.95,ASK
1342,1712609970.2366755,1110552864.8426642,13.93,-0.0,13.95,ASK
1343,1712609974.4252365,1110553295.258733,13.94,2.7210677871646683e-08,13.95,BID
1344,1712609981.1142836,1110653773.258733,13.94,6.352166402287331e-06,13.95,BID
1345,1712609996.595364,1110654203.6748018,13.93,-2.7210677871646683e-08,13.95,ASK
1346,1712609997.295392,1110726009.092036,13.94,4.5395007748681e-06,13.95,BID
1347,1712610000.281519,1110726009.092036,13.94,0.0,13.95,BID
1348,1712610004.101591,1110915126.87174,13.94,1.196886894187894e-05,13.95,BID
1349,1712610006.5249906,1110915557.287809,13.94,2.7240133243499503e-08,13.95,BID
1350,1712610027.9353876,1110915987.7038777,13.94,2.7240133243499503e-08,13.95,BID
1351,1712610029.4675865,1110916418.1199465,13.93,-2.7240133243499503e-08,13.95,ASK
1352,1712610030.1584013,1110916418.1199465,13.93,-0.0,13.95,ASK
1353,1712610040.0755591,1110916848.5360155,13.94,2.7235558094913802e-08,13.95,BID
1354,1712610058.425189,1110990117.4252436,13.94,4.636256015291226e-06,13.95,BID
1355,1712610060.2553442,1110990117.4252436,13.94,0.0,13.95,BID
1356,1712610067.0765965,1110990547.8413126,13.93,-2.7233787651637007e-08,13.95,ASK
1357,1712610073.4754372,1110990978.2573814,13.94,2.7233787636551512e-08,13.95,BID
1358,1712610090.2354362,1110990978.2573814,13.94,0.0,13.95,BID
1359,1712610091.595736,1110991695.6174965,13.94,4.5389611620003993e-08,13.95,BID
1360,1712610095.1004255,1110992126.033565,13.93,-2.72337669659682e-08,13.95,ASK
1361,1712610104.305948,1110992556.4496338,13.94,2.72337669659682e-08,13.95,BID
1362,1712610120.201976,1110992556.4496338,13.94,0.0,13.95,BID
1363,1712610128.0051982,1110992986.8657029,13.93,-2.7233729078885122e-08,13.95,ASK
1364,1712610138.6455882,1110993417.2817717,13.94,2.7233729063799654e-08,13.95,BID
1365,1712610150.1739929,1110993417.2817717,13.94,0.0,13.95,BID
1366,1712610160.125049,1110993847.6978405,13.93,-2.7233708393305254e-08,13.95,ASK
1367,1712610160.3850594,1111047623.0923886,13.94,3.402529598788208e-06,13.95,BID
1368,1712610162.4554286,1111050511.1805367,13.93,-1.8273795088707048e-07,13.95,ASK
1369,1712610169.265378,1111050941.5966055,13.94,2.7233708393305254e-08,13.95,BID
1370,1712610173.1901598,1111066617.7802498,13.94,9.918788935702924e-07,13.95,BID
1371,1712610179.4852586,1111077952.9304652,13.94,7.172087613418158e-07,13.95,BID
1372,1712610180.2455769,1111077952.9304652,13.94,0.0,13.95,BID
1373,1712610183.5013032,1111092060.7138224,13.94,8.925749788048955e-07,13.95,BID
1374,1712610192.8911011,1111092491.1298914,13.93,-2.7231678001200082e-08,13.95,ASK
1375,1712610195.8851705,1111105187.428313,13.94,8.032727755803806e-07,13.95,BID
1376,1712610202.8251383,1111105617.844382,13.94,2.7231678001200082e-08,13.95,BID
1377,1712610210.0052762,1111109204.644956,13.94,2.269306499194947e-07,13.95,BID
1378,1712610210.2451737,1111109204.644956,13.94,0.0,13.95,BID
1379,1712610219.74568,1111112791.4455297,13.94,2.269243953208815e-07,13.95,BID
1380,1712610226.3449986,1111113221.8615985,13.93,-2.7230927434282283e-08,13.95,ASK
1381,1712610240.1636553,1111113221.8615985,13.93,-0.0,13.95,ASK
1382,1712610270.155857,1111113221.8615985,13.93,-0.0,13.95,ASK
1383,1712610297.94505,1111113652.2776675,13.94,2.723083097998412e-08,13.95,BID
1384,1712610300.245422,1111113652.2776675,13.94,0.0,13.95,BID
1385,1712610304.3248472,1111125398.2604508,13.94,7.43151929751022e-07,13.95,BID
1386,1712610319.1751037,1111161266.2661896,13.94,2.2693186404903943e-06,13.95,BID
1387,1712610320.4048312,1111161696.6822586,13.93,-2.723182369638348e-08,13.95,ASK
1388,1712610330.265192,1111161696.6822586,13.93,-0.0,13.95,ASK
1389,1712610330.5186074,1111162127.0983274,13.94,2.7230669831250574e-08,13.95,BID
1390,1712610331.5049276,1111189115.5103445,13.93,-1.7074467943764416e-06,13.95,ASK
1391,1712610354.1209805,1111189545.9264135,13.93,-2.7230669846334345e-08,13.95,ASK
1392,1712610360.1616724,1111189545.9264135,13.93,-0.0,13.95,ASK
1393,1712610362.9511366,1111189976.3424823,13.94,2.723000150755289e-08,13.95,BID
1394,1712610379.0507643,1111206188.1364822,13.93,-1.025628936894256e-06,13.95,ASK
1395,1712610384.9848444,1111206618.5525513,13.93,-2.723000152263629e-08,13.95,ASK
1396,1712610386.5147047,1111281045.4083874,13.93,-4.708568158961173e-06,13.95,ASK
1397,1712610390.1659164,1111281045.4083874,13.93,-0.0,13.95,ASK
1398,1712610391.0852866,1111281763.283477,13.94,4.5412253539874105e-08,13.95,BID
1399,1712610394.5079598,1111375398.7155335,13.93,-5.923309002075289e-06,13.95,ASK
1400,1712610395.6649363,1111375829.1316023,13.94,2.7227805958957497e-08,13.95,BID
1401,1712610418.1456406,1111376259.547671,13.93,-2.7227805958957497e-08,13.95,ASK
1402,1712610420.2393532,1111376259.547671,13.93,-0.0,13.95,ASK
1403,1712610428.924894,1111376689.96374,13.94,2.7225521655300933e-08,13.95,BID
1404,1712610434.0362191,1111405869.8375406,13.93,-1.8457426272301229e-06,13.95,ASK
1405,1712610449.7546,1111413043.4386885,13.93,-4.537586940740444e-07,13.95,ASK
1406,1712610450.2444737,1111413043.4386885,13.93,-0.0,13.95,ASK
1407,1712610451.1448424,1111429833.230495,13.93,-1.06198643151838e-06,13.95,ASK
1408,1712610453.374793,1111430263.6465638,13.93,-2.7224639246723934e-08,13.95,ASK
1409,1712610458.3293085,1111431705.6076307,13.93,-9.12067943141359e-08,13.95,ASK
1410,1712610463.124719,1111432136.0236995,13.94,2.7224639246723934e-08,13.95,BID
1411,1712610480.162279,1111432136.0236995,13.94,0.0,13.95,BID
1412,1712610482.614781,1111432566.4397686,13.93,-2.7224181276689795e-08,13.95,ASK
1413,1712610494.824674,1111432996.855837,13.94,2.7224181261609617e-08,13.95,BID
1414,1712610504.5546052,1111440170.4569852,13.94,4.5373635444561466e-07,13.95,BID
1415,1712610510.1763558,1111440170.4569852,13.94,0.0,13.95,BID
1416,1712610518.8946943,1111440600.873054,13.93,-2.7223988411702176e-08,13.95,ASK
1417,1712610527.964782,1111441031.2891228,13.94,2.7223988411702176e-08,13.95,BID
1418,1712610534.122882,1111441749.1642125,13.93,-4.540588639357813e-08,13.95,ASK
1419,1712610534.945353,1111542226.1642125,13.94,6.355210416092301e-06,13.95,BID
1420,1712610540.2530491,1111542226.1642125,13.94,0.0,13.95,BID
1421,1712610553.2646685,1111542656.5802815,13.93,-2.722153895458796e-08,13.95,ASK
1422,1712610561.8545563,1111543086.9963503,13.94,2.7221538939509254e-08,13.95,BID
1423,1712610564.0686846,1111544447.9666386,13.94,8.607416958615561e-08,13.95,BID
1424,1712610570.2685285,1111544447.9666386,13.94,0.0,13.95,BID
1425,1712610571.4346733,1111544904.1821637,13.94,2.885316151932178e-08,13.95,BID
1426,1712610577.5547876,1111548490.9827373,13.93,-2.268457135784287e-07,13.95,ASK
1427,1712610585.924551,1111548921.398806,13.93,-2.7221485625189402e-08,13.95,ASK
1428,1712610596.5846958,1111549351.8148751,13.94,2.7221485640268087e-08,13.95,BID
1429,1712610598.0643427,1111556525.4160228,13.94,4.5369142715685734e-07,13.95,BID
1430,1712610600.1866002,1111556525.4160228,13.94,0.0,13.95,BID
1431,1712610615.8048837,1111628261.4275005,13.94,4.537354246240667e-06,13.95,BID
1432,1712610619.194714,1111628691.8435695,13.93,-2.72241254878493e-08,13.95,ASK
1433,1712610626.9242918,1111629122.2596383,13.94,2.7224125472769173e-08,13.95,BID
1434,1712610630.1664803,1111629122.2596383,13.94,0.0,13.95,BID
1435,1712610644.1847112,1111632888.9023929,13.94,2.3822761058128125e-07,13.95,BID
1436,1712610649.0643358,1111633319.318462,13.93,-2.7222382997961533e-08,13.95,ASK
1437,1712610654.945438,1111636906.1190355,13.94,2.268531915592042e-07,13.95,BID
1438,1712610660.2466943,1111636906.1190355,13.94,0.0,13.95,BID
1439,1712610662.8742716,1111637336.5351045,13.94,2.7222196172352947e-08,13.95,BID
1440,1712610667.6260035,1111737336.5351045,13.93,-6.324623578467389e-06,13.95,ASK
1441,1712610684.9445322,1111737766.9511733,13.93,-2.7222196172352947e-08,13.95,ASK
1442,1712610686.474817,1111752551.6833992,13.93,-9.350786603722168e-07,13.95,ASK
1443,1712610686.4801378,1111977692.3924224,13.93,-1.4239302367612316e-05,13.95,ASK
1444,1712610686.4846172,1112329064.9437957,13.93,-2.2222991232414585e-05,13.95,ASK
1445,1712610687.5344503,1112337911.0330322,13.94,5.594818456238106e-07,13.95,BID
1446,1712610687.6541858,1112346803.7677884,13.94,5.624319991631697e-07,13.95,BID
1447,1712610687.7347524,1112357459.3399675,13.94,6.739248304737243e-07,13.95,BID
1448,1712610689.223812,1112398719.3399675,13.94,2.6095396884756443e-06,13.95,BID
1449,1712610690.254426,1112398719.3399675,13.94,0.0,13.95,BID
1450,1712610691.87725,1112429870.3399675,13.94,1.968861957195825e-06,13.95,BID
1451,1712610694.0844734,1112430300.7560368,13.94,2.7203936441219826e-08,13.95,BID
1452,1712610700.044178,1112431290.2040834,13.94,6.25368886308102e-08,13.95,BID
1453,1712610709.0945516,1112431969.0907094,13.93,-4.29082228882095e-08,13.95,ASK
1454,1712610711.9044273,1112432399.5067782,13.93,-2.7203936426150858e-08,13.95,ASK
1455,1712610714.8151903,1112500837.0400174,13.93,-4.3255130056447725e-06,13.95,ASK
1456,1712610714.8180928,1112525842.1897511,13.93,-1.5804207904988062e-06,13.95,ASK
1457,1712610720.1784725,1112525842.1897511,13.93,-0.0,13.95,ASK
1458,1712610723.2242832,1112552220.1897511,13.94,1.667003551267849e-06,13.95,BID
1459,1712610725.434626,1112552650.60582,13.94,2.7200891470148733e-08,13.95,BID
1460,1712610730.044249,1112573831.60582,13.94,1.3385701046100657e-06,13.95,BID
1461,1712610732.39467,1112586738.5074234,13.94,8.156740772171141e-07,13.95,BID
1462,1712610733.2541406,1112588173.2276528,13.94,9.066963823885149e-08,13.95,BID
1463,1712610739.3344543,1112646539.7992256,13.94,3.688576923464795e-06,13.95,BID
1464,1712610739.3448193,1112705662.9190843,13.94,3.736388307171021e-06,13.95,BID
1465,1712610739.3621137,1112866981.9190843,13.94,1.019483455481758e-05,13.95,BID
1466,1712610739.3641412,1112995813.169626,13.94,8.141714768643198e-06,13.95,BID
1467,1712610745.8645008,1113154747.5670433,13.94,1.0044135450499137e-05,13.95,BID
1468,1712610749.8947878,1113155177.9831123,13.93,-2.7200891485216e-08,13.95,ASK
1469,1712610750.154934,1113155177.9831123,13.93,-0.0,13.95,ASK
1470,1712610758.6846366,1113155608.3991811,13.94,2.718581908174389e-08,13.95,BID
1471,1712610773.4852042,1114936471.781672,13.94,0.0001124823937487,13.95,BID
1472,1712610773.4908173,1114950818.9839675,13.94,9.06193969547072e-07,13.95,BID
1473,1712610773.4950156,1117027081.2263832,13.94,0.0001311402937323,13.95,BID
1474,1712610773.4975653,1117164071.8874764,13.94,8.652565734403247e-06,13.95,BID
1475,1712610773.6251526,1117164431.6074765,13.95,2.272053380418931e-08,13.95,BID
1476,1712610773.6292992,1117170441.222861,13.95,3.795776422902169e-07,13.95,BID
1477,1712610773.633641,1117392973.9993734,13.95,1.4055552849125996e-05,13.95,BID
1478,1712610773.6449883,1117433614.1450984,13.95,2.5669014919350367e-06,13.95,BID
1479,1712610773.649887,1117438614.1450984,13.95,3.15808598387388e-07,13.95,BID
1480,1712610773.65545,1117439014.1450984,13.95,2.5264687870991044e-08,13.95,BID
1481,1712610773.6594803,1117720557.9531274,13.95,1.7782791079653248e-05,13.95,BID
1482,1712610773.7249548,1117727305.6882195,13.95,4.261985523490833e-07,13.95,BID
1483,1712610773.730557,1117737974.0188107,13.95,6.738301062281458e-07,13.95,BID
1484,1712610773.7351985,1117781671.0642462,13.95,2.759980534526544e-06,13.95,BID
