,time,acc_trade_volume,trade_price,dev,high,ask_bid
0,1712601588.4566944,402267633.938153,17.03,0.0,17.6,ASK
1,1712601600.201432,402267633.938153,17.03,-0.0,17.6,ASK
2,1712601606.3299365,402267985.2262092,17.08,5.0867822071454646e-08,17.6,BID
3,1712601630.1901698,402267985.2262092,17.08,0.0,17.6,BID
4,1712601636.8799868,402268336.5142654,17.03,-5.086777787638973e-08,17.6,ASK
5,1712601660.299938,402268336.5142654,17.03,-0.0,17.6,ASK
6,1712601690.289118,402268336.5142654,17.03,-0.0,17.6,ASK
7,1712601706.9393675,402268687.5967698,17.09,5.0837969193904e-08,17.6,BID
8,1712601720.1900568,402268687.5967698,17.09,0.0,17.6,BID
9,1712601750.1896317,402268687.5967698,17.09,0.0,17.6,BID
10,1712601763.373356,402274597.4855937,17.09,8.557717379097204e-07,17.6,BID
11,1712601772.1790333,402274948.56809807,17.04,-5.083792502485256e-08,17.6,ASK
12,1712601780.289,402274948.56809807,17.04,-0.0,17.6,ASK
13,1712601798.2097998,402283189.2380336,17.04,-1.193258180754815e-06,17.6,ASK
14,1712601810.30941,402283189.2380336,17.04,-0.0,17.6,ASK
15,1712601832.5516574,402289884.2380336,17.04,-9.694237419341615e-07,17.6,ASK
16,1712601840.1896782,402289884.2380336,17.04,-0.0,17.6,ASK
17,1712601847.3788135,402290235.320538,17.09,5.0835264082236056e-08,17.6,BID
18,1712601869.4487748,402290503.8679786,17.04,-3.888453538181381e-08,17.6,ASK
19,1712601869.459354,402290586.4030424,17.03,-1.1950728700422241e-08,17.6,ASK
20,1712601870.199915,402290586.4030424,17.03,-0.0,17.6,ASK
21,1712601877.6586854,402290937.6910986,17.08,5.086493887034617e-08,17.6,BID
22,1712601900.1998067,402290937.6910986,17.08,0.0,17.6,BID
23,1712601902.3688931,402291288.9791548,17.03,-5.086489468029108e-08,17.6,ASK
24,1712601930.1887715,402291288.9791548,17.03,-0.0,17.6,ASK
25,1712601930.6490624,402467448.6972992,17.03,-2.550709479189177e-05,17.6,ASK
26,1712601960.288775,402467448.6972992,17.03,-0.0,17.6,ASK
27,1712601975.4189973,402467504.7378553,17.07,8.110884470200294e-09,17.6,BID
28,1712601975.4206846,402467800.36433285,17.06,4.2786731094774816e-08,17.6,BID
29,1712601990.30809,402467800.36433285,17.06,0.0,17.6,BID
30,1712602001.6284478,402468152.0313665,17.03,-5.089757136580761e-08,17.6,ASK
31,1712602020.189216,402468152.0313665,17.03,-0.0,17.6,ASK
32,1712602031.8789554,402473731.0313665,17.03,-8.074606867594676e-07,17.6,ASK
33,1712602050.1782715,402473731.0313665,17.03,-0.0,17.6,ASK
34,1712602076.7380457,402474082.9375249,17.05,5.0931435922666694e-08,17.6,BID
35,1712602080.288052,402474082.9375249,17.05,0.0,17.6,BID
36,1712602085.747852,402474667.7328465,17.05,8.463744914650334e-08,17.6,BID
37,1712602091.4759617,402475252.52816814,17.05,8.463744915512992e-08,17.6,BID
38,1712602106.52777,402483684.52816814,17.03,-1.2203636808696891e-06,17.6,ASK
39,1712602107.6079822,402490718.52816814,17.03,-1.018031087670469e-06,17.6,ASK
40,1712602110.2933064,402490718.52816814,17.03,-0.0,17.6,ASK
41,1712602110.8179088,402492886.52816814,17.03,-3.137618563819916e-07,17.6,ASK
42,1712602138.9386582,402492895.3486428,17.03,-1.2765352910964078e-09,17.6,ASK
43,1712602138.9409804,402493238.4343265,17.02,-4.965276799671157e-08,17.6,ASK
44,1712602140.170678,402493238.4343265,17.02,-0.0,17.6,ASK
45,1712602170.1873808,402493238.4343265,17.02,-0.0,17.6,ASK
46,1712602200.2015011,402493238.4343265,17.02,-0.0,17.6,ASK
47,1712602214.1378293,402493590.54700255,17.04,5.0959645460639046e-08,17.6,BID
48,1712602230.1894484,402493590.54700255,17.04,0.0,17.6,BID
49,1712602260.2091544,402493590.54700255,17.04,0.0,17.6,BID
50,1712602290.2078526,402493590.54700255,17.04,0.0,17.6,BID
51,1712602306.6771314,402493942.6596786,17.02,-5.0959601209749144e-08,17.6,ASK
52,1712602320.2788343,402493942.6596786,17.02,-0.0,17.6,ASK
53,1712602331.191163,402494272.9436115,17.02,-4.780038906767965e-08,17.6,ASK
54,1712602331.1921988,402497284.6596786,17.02,-4.35871035242305e-07,17.6,ASK
55,1712602348.6471846,402497636.56583697,17.05,5.09296687165814e-08,17.6,BID
56,1712602350.3074384,402497636.56583697,17.05,0.0,17.6,BID
57,1712602372.8777516,402497637.25960594,17.02,-1.0040490009210316e-10,17.6,ASK
58,1712602372.886767,402497988.4719953,17.01,-5.08288003297633e-08,17.6,ASK
59,1712602380.1776829,402497988.4719953,17.01,-0.0,17.6,ASK
60,1712602410.1903586,402497988.4719953,17.01,-0.0,17.6,ASK
61,1712602417.7791324,402498340.5846714,17.04,5.095904912323592e-08,17.6,BID
62,1712602436.126954,402513011.94617367,17.04,2.1232937132927634e-06,17.6,BID
63,1712602440.2874975,402513011.94617367,17.04,0.0,17.6,BID
64,1712602444.5773044,402513351.6799773,17.01,-4.9165711352476934e-08,17.6,ASK
65,1712602444.579368,402513364.05884975,17.0,-1.791449845284555e-09,17.6,ASK
66,1712602470.297274,402513364.05884975,17.0,-0.0,17.6,ASK
67,1712602500.2082942,402513364.05884975,17.0,-0.0,17.6,ASK
68,1712602527.4872465,402564358.5205494,17.0,-7.3799674569991645e-06,17.6,ASK
69,1712602527.4889932,402564646.14167696,17.0,-4.162480572370899e-08,17.6,ASK
70,1712602530.1794355,402564646.14167696,17.0,-0.0,17.6,ASK
71,1712602552.6978717,402564998.4611132,17.03,5.0981574880732096e-08,17.6,BID
72,1712602560.2881944,402564998.4611132,17.03,0.0,17.6,BID
73,1712602582.5586452,402565350.7805495,17.0,-5.098153062636522e-08,17.6,ASK
74,1712602590.2789776,402565350.7805495,17.0,-0.0,17.6,ASK
75,1712602609.2493012,402578358.1805495,17.0,-1.882202678566488e-06,17.6,ASK
76,1712602620.2100265,402578358.1805495,17.0,-0.0,17.6,ASK
77,1712602622.4801357,402586418.1805495,17.0,-1.1662644483788577e-06,17.6,ASK
78,1712602625.0696163,402586770.4999858,17.03,5.097985521628292e-08,17.6,BID
79,1712602629.3896742,402610501.4999858,17.0,-3.4338240228881727e-06,17.6,ASK
80,1712602648.630469,403081089.7352799,17.0,-6.809309288447367e-05,17.6,ASK
81,1712602650.1907363,403081089.7352799,17.0,-0.0,17.6,ASK
82,1712602680.301968,403081089.7352799,17.0,-0.0,17.6,ASK
83,1712602688.6111257,403081442.05471617,17.0,-5.0916888721640224e-08,17.6,ASK
84,1712602710.2917287,403081442.05471617,17.0,-0.0,17.6,ASK
85,1712602724.4317718,403081794.3741525,17.03,5.09168446572899e-08,17.6,BID
86,1712602740.1781807,403081794.3741525,17.03,0.0,17.6,BID
87,1712602770.2032175,403081794.3741525,17.03,0.0,17.6,BID
88,1712602771.1729865,403082373.6450454,17.0,-8.371556449673326e-08,17.6,ASK
89,1712602771.175163,403089887.3741525,17.0,-1.08587550551037e-06,17.6,ASK
90,1712602797.6134994,403089904.98561245,17.0,-2.5451879786549163e-09,17.6,ASK
91,1712602800.27336,403089904.98561245,17.0,-0.0,17.6,ASK
92,1712602820.345179,403099904.98561245,16.99,1.4451848643681238e-06,17.6,BID
93,1712602830.1967514,403099904.98561245,16.99,0.0,17.6,BID
94,1712602835.4738584,403122404.98461246,17.0,3.2515859618751868e-06,17.6,BID
95,1712602835.5739686,403130037.1673614,17.0,1.1029644172348529e-06,17.6,BID
96,1712602835.5757794,403144904.98461246,17.0,2.1486216891534115e-06,17.6,BID
97,1712602835.6738431,403213728.5140245,17.0,9.946028090167315e-06,17.6,BID
98,1712602835.8739414,403227841.94939554,17.0,2.0396022384838483e-06,17.6,BID
99,1712602854.624823,403268433.47739553,17.0,5.866082154749374e-06,17.6,BID
100,1712602856.314665,403268785.7968319,16.99,-5.091542151652177e-08,17.6,ASK
101,1712602860.2944694,403268785.7968319,16.99,-0.0,17.6,ASK
102,1712602890.2947388,403268785.7968319,16.99,-0.0,17.6,ASK
103,1712602893.1851542,403269137.9095079,17.04,5.086443800821282e-08,17.6,BID
104,1712602920.196729,403269137.9095079,17.04,0.0,17.6,BID
105,1712602923.7664857,403269490.022184,17.0,-5.086439393112565e-08,17.6,ASK
106,1712602950.2071738,403269490.022184,17.0,-0.0,17.6,ASK
107,1712602952.105727,403281254.7280663,17.0,1.6994676922735905e-06,17.6,BID
108,1712602964.0610728,403281333.3432475,16.98,-1.1356336649735588e-08,17.6,ASK
109,1712602964.0635765,403281578.25747806,16.99,-3.5379024892007144e-08,17.6,ASK
110,1712602980.2963047,403281578.25747806,16.99,-0.0,17.6,ASK
111,1712602980.366547,403309662.0161835,17.0,4.056712027828591e-06,17.6,BID
112,1712602991.8820662,403315678.5841835,17.0,8.690960504228592e-07,17.6,BID
113,1712602993.8361375,403331498.2221835,17.0,2.285154078685196e-06,17.6,BID
114,1712603010.2965045,403331498.2221835,17.0,0.0,17.6,BID
115,1712603035.646859,403331851.16336,17.0,5.0976268364430247e-08,17.6,BID
116,1712603039.0271804,403332686.48036,17.0,1.2064714008528866e-07,17.6,BID
117,1712603040.1878562,403332686.48036,17.0,0.0,17.6,BID
118,1712603052.1172066,403357554.5574732,17.0,3.591754543121443e-06,17.6,BID
119,1712603063.7684453,403357907.49864966,16.98,-5.0976119636608424e-08,17.6,ASK
120,1712603070.244928,403357907.49864966,16.98,-0.0,17.6,ASK
121,1712603087.4023466,403374948.60957366,17.0,2.461135102603561e-06,17.6,BID
122,1712603100.2873406,403374948.60957366,17.0,0.0,17.6,BID
123,1712603107.5474784,403375301.5507501,17.0,5.097119858796489e-08,17.6,BID
124,1712603129.7581842,403378209.9980582,17.0,4.200332950746485e-07,17.6,BID
125,1712603129.760392,403501612.5665936,17.0,1.7821601009889145e-05,17.6,BID
126,1712603130.059998,403515377.3328185,17.0,1.987885459479128e-06,17.6,BID
127,1712603130.2974696,403515377.3328185,17.0,0.0,17.6,BID
128,1712603131.278054,403572910.1398184,17.0,8.305932081719378e-06,17.6,BID
129,1712603131.4200852,403645425.8267045,17.0,1.0468989808452132e-05,17.6,BID
130,1712603133.3279753,403677477.0090764,17.0,4.627185041058459e-06,17.6,BID
131,1712603133.788122,403677829.9502529,16.99,-5.095363138872937e-08,17.6,ASK
132,1712603133.9685037,403709880.5864449,17.0,4.627106189811533e-06,17.6,BID
133,1712603135.819011,403755574.6155629,17.0,6.596784029577253e-06,17.6,BID
134,1712603143.528203,403760031.57122254,17.0,6.434445480839516e-07,17.6,BID
135,1712603143.5296414,403766570.4979149,17.0,9.440158376794734e-07,17.6,BID
136,1712603148.1282845,403770033.93016446,17.0,5.000109421807867e-07,17.6,BID
137,1712603160.1995842,403770033.93016446,17.0,0.0,17.6,BID
138,1712603174.980642,403770385.8363228,17.05,5.077247471906895e-08,17.6,BID
139,1712603190.18862,403770385.8363228,17.05,0.0,17.6,BID
140,1712603200.1895244,403806086.5632668,17.01,-5.150841052922592e-06,17.6,ASK
141,1712603200.1922078,404064503.4833816,17.0,-3.728396015532167e-05,17.6,ASK
142,1712603206.268758,404064855.38954,17.0,-5.0772430766863566e-08,17.6,ASK
143,1712603209.5790546,404123678.91895175,17.0,-8.486960241652292e-06,17.6,ASK
144,1712603220.2990105,404123678.91895175,17.0,-0.0,17.6,ASK
145,1712603242.03896,404124031.0316278,17.04,5.0758240485261146e-08,17.6,BID
146,1712603250.319343,404124031.0316278,17.04,0.0,17.6,BID
147,1712603264.141217,404187686.1090729,17.02,9.176088094800836e-06,17.6,BID
148,1712603264.3389356,404196105.6148407,17.02,-1.2136993581736828e-06,17.6,ASK
149,1712603275.529236,404196457.7275167,16.98,-5.0758196583460573e-08,17.6,ASK
150,1712603280.1909618,404196457.7275167,16.98,-0.0,17.6,ASK
151,1712603284.7851448,404231623.6836317,17.01,5.068387226463401e-06,17.6,BID
152,1712603310.200788,404231623.6836317,17.01,0.0,17.6,BID
153,1712603310.9994695,404231976.41731775,17.01,5.08343007869202e-08,17.6,BID
154,1712603313.270484,404393658.6119194,17.01,2.3300868722736458e-05,17.6,BID
155,1712603313.4096112,404560870.2210805,17.01,2.4097741644211545e-05,17.6,BID
156,1712603313.5096576,404625637.06045866,17.01,9.333888778882514e-06,17.6,BID
157,1712603316.1995945,404663572.3365579,17.01,5.467051523685088e-06,17.6,BID
158,1712603320.70979,404743165.3365579,17.0,-1.1470564515888743e-05,17.6,ASK
159,1712603320.7207077,404743465.3365579,16.98,-4.323457282382401e-08,17.6,ASK
160,1712603320.7228048,404808232.1759361,16.99,-9.333888778882514e-06,17.6,ASK
161,1712603320.7249658,404809232.40033066,16.98,-1.4414758142254518e-07,17.6,ASK
162,1712603320.727096,406764929.5625082,16.98,-0.000281845771265,17.6,ASK
163,1712603320.8493714,406795896.7978731,17.01,4.462850641780976e-06,17.6,BID
164,1712603340.2995074,406795896.7978731,17.01,0.0,17.6,BID
165,1712603340.8167825,406796249.5315592,16.98,-5.0517189371490134e-08,17.6,ASK
166,1712603366.2101114,406798167.6865592,17.01,2.747109312174806e-07,17.6,BID
167,1712603370.2996511,406798167.6865592,17.01,0.0,17.6,BID
168,1712603378.3902075,406798167.6871531,17.01,8.506428346058363e-14,17.6,BID
169,1712603378.3931324,406798520.212999,17.02,5.048714405566331e-08,17.6,BID
170,1712603380.2000363,406800867.63083935,17.04,3.361864783773565e-07,17.6,BID
171,1712603400.231479,406800867.63083935,17.04,0.0,17.6,BID
172,1712603410.930167,406801220.1572792,17.02,-5.0486896516804726e-08,17.6,ASK
173,1712603421.6801963,406849479.0941951,17.02,-6.911379342639212e-06,17.6,ASK
174,1712603425.642031,406850775.2818784,17.05,1.856328661787729e-07,17.6,BID
175,1712603425.645382,406853375.4702914,17.05,3.723846738788001e-07,17.6,BID
176,1712603425.648322,406854032.96076953,17.06,9.416216764643305e-08,17.6,BID
177,1712603430.2031305,406854032.96076953,17.06,0.0,17.6,BID
178,1712603460.290439,406854032.96076953,17.06,0.0,17.6,BID
179,1712603475.6442251,406854384.8669279,17.05,5.03915318861941e-08,17.6,BID
180,1712603490.3005798,406854384.8669279,17.05,0.0,17.6,BID
181,1712603505.7504942,406854736.7730863,17.0,-5.039148859959084e-08,17.6,ASK
182,1712603520.203272,406854736.7730863,17.0,-0.0,17.6,ASK
183,1712603525.3114612,406891300.6980755,17.04,5.235796495569987e-06,17.6,BID
184,1712603525.3144584,406953624.53677297,17.04,8.924505132831842e-06,17.6,BID
185,1712603539.4008005,406953976.64944905,17.04,5.042101787567823e-08,17.6,BID
186,1712603550.2106414,406953976.64944905,17.04,0.0,17.6,BID
187,1712603572.7609322,406954328.7621251,17.0,-5.0408811337491246e-08,17.6,ASK
188,1712603580.226823,406954328.7621251,17.0,-0.0,17.6,ASK
189,1712603610.191533,406954328.7621251,17.0,-0.0,17.6,ASK
190,1712603640.3009045,406954328.7621251,17.0,-0.0,17.6,ASK
191,1712603670.3016734,406954328.7621251,17.0,-0.0,17.6,ASK
192,1712603673.951643,406954680.8748012,17.04,5.0408768148240894e-08,17.6,BID
193,1712603700.242646,406954680.8748012,17.04,0.0,17.6,BID
194,1712603703.2319295,406955032.9874772,17.0,-5.040872484035688e-08,17.6,ASK
195,1712603730.202112,406955032.9874772,17.0,-0.0,17.6,ASK
196,1712603742.5514767,406955385.10015327,17.04,5.0408681651254754e-08,17.6,BID
197,1712603760.3018503,406955385.10015327,17.04,0.0,17.6,BID
198,1712603790.3118663,406955385.10015327,17.04,0.0,17.6,BID
199,1712603810.692875,406955818.47115326,16.99,-6.20416233059573e-08,17.6,ASK
200,1712603810.6949916,406977829.3348344,16.99,-3.1510869743609027e-06,17.6,ASK
201,1712603810.6975284,406978074.1045112,17.0,-3.50413573797286e-08,17.6,ASK
202,1712603810.7001998,407069048.35288393,16.99,-1.3023921877996707e-05,17.6,ASK
203,1712603810.7028382,407163744.83351606,16.98,-1.3556798631860824e-05,17.6,ASK
204,1712603810.704343,407243337.83351606,16.99,-1.1394576295791427e-05,17.6,ASK
205,1712603815.7818024,407243689.94619215,16.98,-5.040863835205239e-08,17.6,ASK
206,1712603820.2022393,407243689.94619215,16.98,-0.0,17.6,ASK
207,1712603837.1838777,407252811.4963976,17.03,1.3049310914945688e-06,17.6,BID
208,1712603847.5219495,407253163.8158339,17.03,5.0402900408896095e-08,17.6,BID
209,1712603850.2019005,407253163.8158339,17.03,0.0,17.6,BID
210,1712603862.8521538,407253639.4366019,17.03,6.804084708454836e-08,17.6,BID
211,1712603880.312008,407253639.4366019,17.03,0.0,17.6,BID
212,1712603910.1380312,407253991.7560382,16.98,-5.0401678667152266e-08,17.6,ASK
213,1712603910.302119,407253991.7560382,16.98,-0.0,17.6,ASK
214,1712603940.1838937,407253991.7560382,16.98,-0.0,17.6,ASK
215,1712603949.812138,407254344.0754744,17.03,5.040163552387233e-08,17.6,BID
216,1712603970.1922286,407254344.0754744,17.03,0.0,17.6,BID
217,1712603981.602518,407254696.3949108,16.99,-5.0401592270703854e-08,17.6,ASK
218,1712604000.2338886,407254696.3949108,16.99,-0.0,17.6,ASK
219,1712604021.8622563,407255048.714347,17.03,5.040300306203312e-08,17.6,BID
220,1712604030.2025192,407255048.714347,17.03,0.0,17.6,BID
221,1712604060.31551,407255048.714347,17.03,0.0,17.6,BID
222,1712604090.3023746,407255048.714347,17.03,0.0,17.6,BID
223,1712604117.432866,407255401.0337833,17.0,-5.040295980651723e-08,17.6,ASK
224,1712604120.2135413,407255401.0337833,17.0,-0.0,17.6,ASK
225,1712604150.2004137,407255401.0337833,17.0,-0.0,17.6,ASK
226,1712604154.2728922,407255753.56022274,17.02,5.043253054223861e-08,17.6,BID
227,1712604180.2941046,407255753.56022274,17.02,0.0,17.6,BID
228,1712604182.2571988,407256106.08666223,17.0,-5.043248726145169e-08,17.6,ASK
229,1712604210.3302994,407256106.08666223,17.0,-0.0,17.6,ASK
230,1712604218.4027662,407256458.6131017,17.02,5.043244402308064e-08,17.6,BID
231,1712604240.193038,407256458.6131017,17.02,0.0,17.6,BID
232,1712604245.072893,407256811.1395412,17.0,-5.0432400733915204e-08,17.6,ASK
233,1712604246.6827676,407292511.8664852,17.0,-5.107342786389756e-06,17.6,ASK
234,1712604254.933102,407312796.9806538,17.0,-2.9019866089257905e-06,17.6,ASK
235,1712604270.2070155,407312796.9806538,17.0,-0.0,17.6,ASK
236,1712604283.623251,407313149.3000901,17.03,5.0395881829961126e-08,17.6,BID
237,1712604300.318503,407313149.3000901,17.03,0.0,17.6,BID
238,1712604311.3233285,407313501.6195264,17.0,-5.039583858666835e-08,17.6,ASK
239,1712604330.3032525,407313501.6195264,17.0,-0.0,17.6,ASK
240,1712604342.3137522,407395937.94708526,17.0,-1.1791697732012398e-05,17.6,ASK
241,1712604356.823422,407396290.6807713,17.01,5.0455049718132224e-08,17.6,BID
242,1712604360.2337344,407396290.6807713,17.01,0.0,17.6,BID
243,1712604382.5139906,407396643.4144574,16.98,-5.044489430673361e-08,17.6,ASK
244,1712604388.633398,407396996.1481434,17.01,5.044489429820948e-08,17.6,BID
245,1712604390.2041628,407396996.1481434,17.01,0.0,17.6,BID
246,1712604420.2159362,407396996.1481434,17.01,0.0,17.6,BID
247,1712604420.7034092,407397348.8818295,16.98,-5.04448078129585e-08,17.6,ASK
248,1712604450.2039158,407397348.8818295,16.98,-0.0,17.6,ASK
249,1712604459.1533751,407397701.823006,17.0,5.0474437992578343e-08,17.6,BID
250,1712604480.3036146,407397701.823006,17.0,0.0,17.6,BID
251,1712604485.9735627,407398054.7641825,16.98,-5.047439468224437e-08,17.6,ASK
252,1712604510.3042157,407398054.7641825,16.98,-0.0,17.6,ASK
253,1712604524.5336866,407398407.4978685,17.01,5.0444678077081146e-08,17.6,BID
254,1712604540.2038617,407398407.4978685,17.01,0.0,17.6,BID
255,1712604555.423732,407398760.23155457,16.98,-5.044463480088143e-08,17.6,ASK
256,1712604570.203548,407398760.23155457,16.98,-0.0,17.6,ASK
257,1712604593.7738454,407399112.9652406,17.01,5.044459158404751e-08,17.6,BID
258,1712604600.2971523,407399112.9652406,17.01,0.0,17.6,BID
259,1712604630.204398,407399112.9652406,17.01,0.0,17.6,BID
260,1712604658.4839003,407399465.6989267,16.98,-5.0444548307996215e-08,17.6,ASK
261,1712604660.3139994,407399465.6989267,16.98,-0.0,17.6,ASK
262,1712604690.313618,407399465.6989267,16.98,-0.0,17.6,ASK
263,1712604720.2042582,407399465.6989267,16.98,-0.0,17.6,ASK
264,1712604750.2145746,407399465.6989267,16.98,-0.0,17.6,ASK
265,1712604764.5540934,407399818.4326127,17.01,5.044450509131049e-08,17.6,BID
266,1712604780.2195802,407399818.4326127,17.01,0.0,17.6,BID
267,1712604801.1939836,407401654.4771953,16.98,-2.625728261607479e-07,17.6,ASK
268,1712604805.9143963,407497592.386194,16.98,-1.3720085089648077e-05,17.6,ASK
269,1712604805.9182703,407518534.95075583,16.98,-2.994997189150068e-06,17.6,ASK
270,1712604810.2148085,407518534.95075583,16.98,-0.0,17.6,ASK
271,1712604829.434543,407518887.68444186,16.98,-5.04299238390042e-08,17.6,ASK
272,1712604831.9342716,407714392.0130638,16.98,-2.795102592430945e-05,17.6,ASK
273,1712604831.938048,407892688.50229895,16.98,-2.5490841189827933e-05,17.6,ASK
274,1712604832.0341263,407893308.20029896,16.97,-8.859750055522211e-08,17.6,ASK
275,1712604832.037839,407893615.50731134,16.97,-4.3935325270179294e-08,17.6,ASK
276,1712604840.3039556,407893615.50731134,16.97,-0.0,17.6,ASK
277,1712604847.1638105,407919033.4973113,16.97,3.6306744909892415e-06,17.6,BID
278,1712604850.6478305,407936668.2983113,16.97,2.518933328107149e-06,17.6,BID
279,1712604866.2942286,407937021.8634262,16.97,5.0502807013042574e-08,17.6,BID
280,1712604870.3037007,407937021.8634262,16.97,0.0,17.6,BID
281,1712604889.5839002,407938737.1864262,16.97,2.449888550442652e-07,17.6,BID
282,1712604900.2044249,407938737.1864262,16.97,0.0,17.6,BID
283,1712604930.203956,407938737.1864262,16.97,0.0,17.6,BID
284,1712604936.7141888,407938737.1866208,16.97,2.7795157802164644e-14,17.6,BID
285,1712604937.486454,407997553.2996208,16.98,8.400442705431285e-06,17.6,BID
286,1712604941.277021,408053911.1326208,16.98,8.04933755345234e-06,17.6,BID
287,1712604943.004488,408072291.4896208,16.98,2.625184290636149e-06,17.6,BID
288,1712604944.557566,408095632.3536208,16.98,3.3336713483179857e-06,17.6,BID
289,1712604947.4860694,408114200.9826208,16.98,2.652074339442363e-06,17.6,BID
290,1712604949.0842075,408137822.4026208,16.98,3.373741908627151e-06,17.6,BID
291,1712604951.8940933,408157891.0316208,16.98,2.866312639381568e-06,17.6,BID
292,1712604954.224435,408176497.8746208,16.98,2.657532274369708e-06,17.6,BID
293,1712604956.5340974,408217661.2796208,16.98,5.879185271277056e-06,17.6,BID
294,1712604960.3041463,408217661.2796208,16.98,0.0,17.6,BID
295,1712604961.1742396,408218014.8447357,16.96,-5.0463990198744354e-08,17.6,ASK
296,1712604990.314669,408218014.8447357,16.96,-0.0,17.6,ASK
297,1712604996.8143675,408218368.2016262,16.98,5.043422738249781e-08,17.6,BID
298,1712605010.364255,408236530.27762616,16.98,2.59225246584519e-06,17.6,BID
299,1712605018.1243567,408318619.94741946,16.98,1.1716565272736996e-05,17.6,BID
300,1712605018.1839025,408408402.94741946,16.98,1.2814625549485448e-05,17.6,BID
301,1712605018.3240843,408418485.37425846,16.98,1.4390533238117533e-06,17.6,BID
302,1712605018.566368,408431987.717544,16.98,1.9271741114053266e-06,17.6,BID
303,1712605019.344943,408434487.716544,16.98,3.5682201596352374e-07,17.6,BID
304,1712605020.2760456,408434487.716544,16.98,0.0,17.6,BID
305,1712605025.2045465,408456987.716544,16.98,3.2097155157420144e-06,17.6,BID
306,1712605029.9639373,408479620.114544,16.98,3.228602623069096e-06,17.6,BID
307,1712605032.8198495,408479973.4714344,16.97,-5.0407781948425686e-08,17.6,ASK
308,1712605035.104027,408508384.5744344,16.98,4.052958138595424e-06,17.6,BID
309,1712605039.674393,408530884.5744344,16.98,3.2097155157420144e-06,17.6,BID
310,1712605045.6400182,408553384.5744344,16.98,3.2097155157420144e-06,17.6,BID
311,1712605045.7186775,408569669.8507214,16.98,2.3231601767373867e-06,17.6,BID
312,1712605045.924197,408582830.4588609,16.98,1.877413695200076e-06,17.6,BID
313,1712605046.0040755,408591664.38112247,16.98,1.2601945487871678e-06,17.6,BID
314,1712605048.384129,408644864.0361225,16.98,7.589144803809854e-06,17.6,BID
315,1712605050.2140706,408644864.0361225,16.98,0.0,17.6,BID
316,1712605050.3964825,408657695.6290585,16.98,1.829546040380289e-06,17.6,BID
317,1712605051.055334,408665475.8330365,16.98,1.1093121058565e-06,17.6,BID
318,1712605051.194022,408681615.8430665,16.98,2.3012646667853446e-06,17.6,BID
319,1712605051.3140745,408719676.2500665,16.98,5.426704795697846e-06,17.6,BID
320,1712605051.4342632,408735877.6043535,16.98,2.31001121469565e-06,17.6,BID
321,1712605053.752796,408919968.1380948,16.98,2.624787964816892e-05,17.6,BID
322,1712605053.7549412,408944478.0644495,16.98,3.4946587641920724e-06,17.6,BID
323,1712605053.7569852,409215134.06344944,16.98,3.8590501876588846e-05,17.6,BID
324,1712605053.7861714,409241953.7146258,16.98,3.823982482833984e-06,17.6,BID
325,1712605059.413899,409273119.1896258,16.98,4.443615977170381e-06,17.6,BID
326,1712605061.734116,409331918.3986258,16.98,8.383671500503118e-06,17.6,BID
327,1712605074.8768566,409332271.7555162,16.98,5.038210789346768e-08,17.6,BID
328,1712605080.3043244,409332271.7555162,16.98,0.0,17.6,BID
329,1712605104.8545544,409332625.1124067,16.97,-5.0298399496370806e-08,17.6,ASK
330,1712605110.314325,409332625.1124067,16.97,-0.0,17.6,ASK
331,1712605113.8141768,409351474.7174067,16.98,2.6831347541908177e-06,17.6,BID
332,1712605113.894015,409415236.8839286,16.98,9.07618408965373e-06,17.6,BID
333,1712605114.6544788,409428735.1825575,16.98,1.9214065320478484e-06,17.6,BID
334,1712605114.7220535,409441245.9856701,16.98,1.780842125566648e-06,17.6,BID
335,1712605116.7640626,409459414.4679851,16.98,2.5861807889469728e-06,17.6,BID
336,1712605126.7497077,409468832.4679851,16.98,1.3405990796594171e-06,17.6,BID
337,1712605140.2008927,409468832.4679851,16.98,0.0,17.6,BID
338,1712605146.2054796,409468833.5924987,16.98,1.6001548078283568e-10,17.6,BID
339,1712605146.209521,409469185.2036544,17.01,5.003338938750301e-08,17.6,BID
340,1712605170.1997535,409469185.2036544,17.01,0.0,17.6,BID
341,1712605176.7051835,409469537.9393237,16.97,-5.019336201394543e-08,17.6,ASK
342,1712605200.2341795,409469537.9393237,16.97,-0.0,17.6,ASK
343,1712605219.7548509,409469890.6730098,17.01,5.0196257736008416e-08,17.6,BID
344,1712605230.204448,409469890.6730098,17.01,0.0,17.6,BID
345,1712605236.3147285,409470478.5624866,17.01,8.366035812193764e-08,17.6,BID
346,1712605255.0546637,409470831.2961726,16.97,-5.019621486807332e-08,17.6,ASK
347,1712605260.3071234,409470831.2961726,16.97,-0.0,17.6,ASK
348,1712605290.3051422,409470831.2961726,16.97,-0.0,17.6,ASK
349,1712605294.9946396,409471184.2373491,17.0,5.022562780117075e-08,17.6,BID
350,1712605320.1964903,409471184.2373491,17.0,0.0,17.6,BID
351,1712605327.9944828,409471537.1785256,16.97,-5.022558491677467e-08,17.6,ASK
352,1712605349.0849965,409472125.4138197,17.0,8.37093081917971e-08,17.6,BID
353,1712605350.214791,409472125.4138197,17.0,0.0,17.6,BID
354,1712605365.514967,409472478.35499614,17.0,5.022547063442109e-08,17.6,BID
355,1712605380.3050718,409472478.35499614,17.0,0.0,17.6,BID
356,1712605410.3048906,409472478.35499614,17.0,0.0,17.6,BID
357,1712605430.7349932,409472831.2961726,16.97,-5.02254277502934e-08,17.6,ASK
358,1712605440.195448,409472831.2961726,16.97,-0.0,17.6,ASK
359,1712605470.2287843,409472831.2961726,16.97,-0.0,17.6,ASK
360,1712605473.0149992,409473184.0298587,17.01,5.0195857969344815e-08,17.6,BID
361,1712605500.223257,409473184.0298587,17.01,0.0,17.6,BID
362,1712605504.4049826,409473536.7635448,17.0,-5.0205083962323695e-08,17.6,ASK
363,1712605530.2158256,409473536.7635448,17.0,-0.0,17.6,ASK
364,1712605537.1349604,409474124.9988389,17.0,-8.372428915702489e-08,17.6,ASK
365,1712605551.0558476,409474477.52527833,17.02,5.0175543445009473e-08,17.6,BID
366,1712605560.31524,409474477.52527833,17.02,0.0,17.6,BID
367,1712605584.0250704,409474830.0517178,17.0,-5.0175429180471214e-08,17.6,ASK
368,1712605590.3054314,409474830.0517178,17.0,-0.0,17.6,ASK
369,1712605610.1051357,409475961.052847,17.0,-1.609763475861361e-07,17.6,ASK
370,1712605620.2060385,409475961.052847,17.0,-0.0,17.6,ASK
371,1712605620.7849698,409476313.78653306,17.01,5.020474656720772e-08,17.6,BID
372,1712605650.2051458,409476313.78653306,17.01,0.0,17.6,BID
373,1712605655.5148902,409476666.5202192,17.0,-5.020470370174088e-08,17.6,ASK
374,1712605680.3052351,409476666.5202192,17.0,-0.0,17.6,ASK
375,1712605710.3158655,409476666.5202192,17.0,-0.0,17.6,ASK
376,1712605726.7171564,409477019.2539052,17.01,5.0204660844585256e-08,17.6,BID
377,1712605740.2073927,409477019.2539052,17.01,0.0,17.6,BID
378,1712605756.2754233,409477371.98759127,16.97,-5.0204617979264815e-08,17.6,ASK
379,1712605770.2160554,409477371.98759127,16.97,-0.0,17.6,ASK
380,1712605793.505285,409477724.7212773,17.01,5.020457519787052e-08,17.6,BID
381,1712605800.2357545,409477724.7212773,17.01,0.0,17.6,BID
382,1712605820.4252388,409478077.4549634,16.96,-5.0222525356797214e-08,17.6,ASK
383,1712605830.2086756,409478077.4549634,16.96,-0.0,17.6,ASK
384,1712605856.3452363,409478429.9814028,17.02,5.019297464600212e-08,17.6,BID
385,1712605860.3055818,409478429.9814028,17.02,0.0,17.6,BID
386,1712605875.8951848,409491558.9814028,17.0,-1.869315113604181e-06,17.6,ASK
387,1712605885.095393,409491911.5078423,17.0,-5.0192931775448644e-08,17.6,ASK
388,1712605890.3096907,409491911.5078423,17.0,-0.0,17.6,ASK
389,1712605920.2160077,409491911.5078423,17.0,-0.0,17.6,ASK
390,1712605924.4679737,409492264.2415284,17.01,5.0220800887409723e-08,17.6,BID
391,1712605932.8564365,409492271.1137274,16.96,-9.784360019877363e-10,17.6,ASK
392,1712605932.861051,409505212.290198,17.0,-1.8425125595057988e-06,17.6,ASK
393,1712605932.8646855,409613212.290198,16.97,-1.5376604814726435e-05,17.6,ASK
394,1712605932.8683002,410237195.7859048,16.96,-8.884025578142634e-05,17.6,ASK
395,1712605950.2153254,410237195.7859048,16.96,-0.0,17.6,ASK
396,1712605980.3056858,410237195.7859048,16.96,-0.0,17.6,ASK
397,1712605986.176195,410237548.5195908,17.0,-5.013057260156227e-08,17.6,ASK
398,1712605993.9452991,410251404.3566234,17.01,1.9691939608514674e-06,17.6,BID
399,1712606008.1755297,410275071.3566234,17.0,-3.363558142446783e-06,17.6,ASK
400,1712606010.2952306,410275071.3566234,17.0,-0.0,17.6,ASK
401,1712606022.9853165,410275423.6760597,17.03,5.00671167818239e-08,17.6,BID
402,1712606040.2174656,410275423.6760597,17.03,0.0,17.6,BID
403,1712606050.6759508,410275775.995496,16.96,-5.00670740840135e-08,17.6,ASK
404,1712606070.1894188,410275775.995496,16.96,-0.0,17.6,ASK
405,1712606085.815583,410276128.72918206,17.01,5.012589934063333e-08,17.6,BID
406,1712606100.2210376,410276128.72918206,17.01,0.0,17.6,BID
407,1712606116.1058047,410276481.4628681,16.96,-5.012585659277517e-08,17.6,ASK
408,1712606130.2094684,410276481.4628681,16.96,-0.0,17.6,ASK
409,1712606148.435384,410276834.1965542,17.01,5.012581398756017e-08,17.6,BID
410,1712606160.3060317,410276834.1965542,17.01,0.0,17.6,BID
411,1712606179.3656108,410277186.9302402,17.0,-5.012577123984756e-08,17.6,ASK
412,1712606190.3157976,410277186.9302402,17.0,-0.0,17.6,ASK
413,1712606214.0487304,410277539.4566797,17.02,5.0096277457441374e-08,17.6,BID
414,1712606220.2103126,410277539.4566797,17.02,0.0,17.6,BID
415,1712606245.6255517,410277891.9831192,17.0,-5.00962347434558e-08,17.6,ASK
416,1712606250.2137678,410277891.9831192,17.0,-0.0,17.6,ASK
417,1712606255.1456635,410301648.9831192,16.97,-3.376016950578295e-06,17.6,ASK
418,1712606278.765718,410302001.7168053,17.01,5.0125643106375735e-08,17.6,BID
419,1712606280.311519,410302001.7168053,17.01,0.0,17.6,BID
420,1712606310.3291223,410302001.7168053,17.01,0.0,17.6,BID
421,1712606310.935799,410302354.4504913,16.95,-5.0122728779764937e-08,17.6,ASK
422,1712606322.3359785,410302707.9209284,16.95,-5.0227419579124177e-08,17.6,ASK
423,1712606338.0459428,410410707.9209284,17.0,1.534657709940292e-05,17.6,BID
424,1712606338.0556424,410490300.9209284,17.0,1.1310001028451636e-05,17.6,BID
425,1712606338.2459462,410515797.6266888,17.0,-3.623029266055381e-06,17.6,ASK
426,1712606338.345706,410559712.6856345,17.0,6.240239240132695e-06,17.6,BID
427,1712606340.2042603,410559712.6856345,17.0,0.0,17.6,BID
428,1712606344.7162333,410560065.4193205,17.01,5.0091544873183e-08,17.6,BID
429,1712606370.2095442,410560065.4193205,17.01,0.0,17.6,BID
430,1712606374.4485586,410621618.6247187,17.0,8.741134304051976e-06,17.6,BID
431,1712606400.261525,410621618.6247187,17.0,0.0,17.6,BID
432,1712606410.006222,410621971.3584048,17.0,-5.0084059745447044e-08,17.6,ASK
433,1712606411.636158,410630271.3877575,17.0,-1.1785071355003514e-06,17.6,ASK
434,1712606430.209072,410630271.3877575,17.0,-0.0,17.6,ASK
435,1712606445.3862302,410630623.91419697,17.02,5.0053587729113993e-08,17.6,BID
436,1712606460.307065,410630623.91419697,17.02,0.0,17.6,BID
437,1712606474.226041,410630976.44063646,17.0,-5.005354508789512e-08,17.6,ASK
438,1712606490.3061748,410630976.44063646,17.0,-0.0,17.6,ASK
439,1712606508.5257127,410631328.7600727,17.03,5.002411112128745e-08,17.6,BID
440,1712606520.2223964,410631328.7600727,17.03,0.0,17.6,BID
441,1712606540.7653534,410631681.07950896,17.0,-5.002406850525261e-08,17.6,ASK
442,1712606550.2269423,410631681.07950896,17.0,-0.0,17.6,ASK
443,1712606574.658723,410631723.31194526,17.03,5.996366571340342e-09,17.6,BID
444,1712606574.6620655,410632033.3989453,17.03,4.4027659401485096e-08,17.6,BID
445,1712606580.218152,410632033.3989453,17.03,0.0,17.6,BID
446,1712606604.01607,410632385.7183815,17.0,-5.0023983348472746e-08,17.6,ASK
447,1712606610.199535,410632385.7183815,17.0,-0.0,17.6,ASK
448,1712606640.1251647,410632737.8310576,17.04,4.999458404410624e-08,17.6,BID
449,1712606640.304844,410632737.8310576,17.04,0.0,17.6,BID
450,1712606670.3039122,410632737.8310576,17.04,0.0,17.6,BID
451,1712606700.197837,410632737.8310576,17.04,0.0,17.6,BID
452,1712606700.2560349,410633089.9437336,17.0,-5.002889961531344e-08,17.6,ASK
453,1712606730.1928558,410633089.9437336,17.0,-0.0,17.6,ASK
454,1712606742.42477,410633442.0564097,17.04,5.0028857074674817e-08,17.6,BID
455,1712606760.3118958,410633442.0564097,17.04,0.0,17.6,BID
456,1712606790.306296,410633442.0564097,17.04,0.0,17.6,BID
457,1712606801.2006218,410633794.16908574,17.0,-5.00288144170558e-08,17.6,ASK
458,1712606820.212175,410633794.16908574,17.0,-0.0,17.6,ASK
459,1712606838.3677464,410634146.2817618,17.04,5.002877187656209e-08,17.6,BID
460,1712606850.191942,410634146.2817618,17.04,0.0,17.6,BID
461,1712606863.8594134,410634498.39443785,17.0,-5.002872921908836e-08,17.6,ASK
462,1712606880.2911327,410634498.39443785,17.0,-0.0,17.6,ASK
463,1712606903.4604635,410634850.9208773,17.02,5.0087474791461534e-08,17.6,BID
464,1712606910.298692,410634850.9208773,17.02,0.0,17.6,BID
465,1712606931.9181626,410635203.4473168,17.0,-5.00874320924856e-08,17.6,ASK
466,1712606940.1987982,410635203.4473168,17.0,-0.0,17.6,ASK
467,1712606967.957364,410635555.9737563,17.02,5.00873894437574e-08,17.6,BID
468,1712606970.1976728,410635555.9737563,17.02,0.0,17.6,BID
469,1712606995.8174615,410635908.5001957,17.0,-5.0087346736458297e-08,17.6,ASK
470,1712607000.278867,410635908.5001957,17.0,-0.0,17.6,ASK
471,1712607030.2023046,410635908.5001957,17.0,-0.0,17.6,ASK
472,1712607039.786344,410636260.81963205,17.03,5.005789288097285e-08,17.6,BID
473,1712607060.2971249,410636260.81963205,17.03,0.0,17.6,BID
474,1712607062.606119,410636613.1390683,17.0,-5.0057850198891895e-08,17.6,ASK
475,1712607090.2959144,410636613.1390683,17.0,-0.0,17.6,ASK
476,1712607100.755337,410636965.4585046,17.03,5.0057807608994585e-08,17.6,BID
477,1712607120.200499,410636965.4585046,17.03,0.0,17.6,BID
478,1712607129.5551755,410637317.77794087,17.0,-5.0057764927059033e-08,17.6,ASK
479,1712607150.2046423,410637317.77794087,17.0,-0.0,17.6,ASK
480,1712607163.107458,410637670.0973772,17.03,5.005772233730683e-08,17.6,BID
481,1712607180.3039038,410637670.0973772,17.03,0.0,17.6,BID
482,1712607197.134256,410638022.41681343,17.0,-5.005767965551669e-08,17.6,ASK
483,1712607210.306094,410638022.41681343,17.0,-0.0,17.6,ASK
484,1712607231.5538683,410638374.73624974,17.03,5.00576370659096e-08,17.6,BID
485,1712607240.1958134,410638374.73624974,17.03,0.0,17.6,BID
486,1712607270.2055244,410638374.73624974,17.03,0.0,17.6,BID
487,1712607296.6828804,410638727.055686,17.0,-5.0057594384264855e-08,17.6,ASK
488,1712607300.2168446,410638727.055686,17.0,-0.0,17.6,ASK
489,1712607314.1826797,410821077.2557135,17.03,2.591479828341666e-05,17.6,BID
490,1712607314.322747,410977132.4724136,17.03,2.2177872364547903e-05,17.6,BID
491,1712607314.4825692,411123758.6792391,17.03,2.08378634757346e-05,17.6,BID
492,1712607314.622827,411277325.3457055,17.03,2.1824210688743138e-05,17.6,BID
493,1712607314.6825068,411335971.7707055,17.03,8.334568723751973e-06,17.6,BID
494,1712607317.5525813,411380403.8147055,17.03,6.314484203503383e-06,17.6,BID
495,1712607330.194332,411380403.8147055,17.03,0.0,17.6,BID
496,1712607332.3106267,411380756.1341418,17.03,4.998035307450066e-08,17.6,BID
497,1712607360.3035123,411380756.1341418,17.03,0.0,17.6,BID
498,1712607360.4959664,411381108.45357805,17.0,-4.998031052453345e-08,17.6,ASK
499,1712607390.293938,411381108.45357805,17.0,-0.0,17.6,ASK
500,1712607396.082166,411381460.7730144,17.03,4.998026806649061e-08,17.6,BID
501,1712607415.362263,411477072.8112623,16.99,-1.3563586931342822e-05,17.6,ASK
502,1712607415.3689427,411484765.7431248,17.0,-1.0913243979065695e-06,17.6,ASK
503,1712607420.2059824,411484765.7431248,17.0,-0.0,17.6,ASK
504,1712607427.791597,411485118.062561,16.99,-4.9967783656222346e-08,17.6,ASK
505,1712607450.1926682,411485118.062561,16.99,-0.0,17.6,ASK
506,1712607459.9615912,411485470.38199735,17.03,4.996774124442972e-08,17.6,BID
507,1712607480.3023753,411485470.38199735,17.03,0.0,17.6,BID
508,1712607493.1509912,411485822.7014336,16.99,-4.9967698715931415e-08,17.6,ASK
509,1712607510.2910569,411485822.7014336,16.99,-0.0,17.6,ASK
510,1712607526.8507552,411486175.2278731,17.02,4.999701450169372e-08,17.6,BID
511,1712607540.1979706,411486175.2278731,17.02,0.0,17.6,BID
512,1712607544.7708812,411544929.6344536,17.02,8.332828659352985e-06,17.6,BID
513,1712607557.400853,411545282.1608931,17.0,-4.999697195681109e-08,17.6,ASK
514,1712607570.2126167,411545282.1608931,17.0,-0.0,17.6,ASK
515,1712607590.430159,411545634.6873325,17.02,4.9989839663365305e-08,17.6,BID
516,1712607600.2131586,411545634.6873325,17.02,0.0,17.6,BID
517,1712607621.8403792,411545987.213772,17.0,-4.999952740157756e-08,17.6,ASK
518,1712607630.185317,411545987.213772,17.0,-0.0,17.6,ASK
519,1712607660.2129812,411545987.213772,17.0,-0.0,17.6,ASK
520,1712607688.909516,411546339.7402115,17.02,4.999948490241712e-08,17.6,BID
521,1712607690.199955,411546339.7402115,17.02,0.0,17.6,BID
522,1712607720.301936,411546339.7402115,17.02,0.0,17.6,BID
523,1712607747.4694006,411546692.266651,16.99,-4.999944235333001e-08,17.6,ASK
524,1712607750.3041143,411546692.266651,16.99,-0.0,17.6,ASK
525,1712607780.1863315,411546692.266651,16.99,-0.0,17.6,ASK
526,1712607810.2147272,411546692.266651,16.99,-0.0,17.6,ASK
527,1712607840.2791977,411546692.266651,16.99,-0.0,17.6,ASK
528,1712607851.7789602,411547045.00033706,17.01,5.0028794002832774e-08,17.6,BID
529,1712607870.296064,411547045.00033706,17.01,0.0,17.6,BID
530,1712607896.288937,411547345.00033706,17.0,-4.2549453087545615e-08,17.6,ASK
531,1712607900.2183945,411547345.00033706,17.0,-0.0,17.6,ASK
532,1712607908.3498645,411548754.8988484,17.01,1.999710104168797e-07,17.6,BID
533,1712607908.3522208,411569845.00033706,17.01,2.9912854510649487e-06,17.6,BID
534,1712607913.1881382,411570197.7340231,17.0,-5.002949576556695e-08,17.6,ASK
535,1712607930.2085068,411570197.7340231,17.0,-0.0,17.6,ASK
536,1712607938.7012484,411615197.7340231,17.01,6.38216105033971e-06,17.6,BID
537,1712607941.4680016,411673885.7970231,17.01,8.323481551080715e-06,17.6,BID
538,1712607944.5592723,411756187.7970231,17.01,1.1672547083667974e-05,17.6,BID
539,1712607945.0820785,411814876.9010231,17.01,8.323629191732444e-06,17.6,BID
540,1712607947.707754,411899519.3284996,17.01,1.2004480085477846e-05,17.6,BID
541,1712607947.7487192,411899872.0621857,17.01,5.002673761118359e-08,17.6,BID
542,1712607948.9431643,411903635.4611856,17.01,5.337470781026093e-07,17.6,BID
543,1712607950.538096,411926135.4611856,17.01,3.191080525169855e-06,17.6,BID
544,1712607952.307864,411948635.4611856,17.01,3.191080525169855e-06,17.6,BID
545,1712607960.2881718,411948635.4611856,17.01,0.0,17.6,BID
546,1712607971.7978776,411979877.7811856,17.01,4.426925436163197e-06,17.6,BID
547,1712607973.7175791,411991725.7561856,17.01,1.6788158464025512e-06,17.6,BID
548,1712607974.1177142,411992078.4898717,17.0,-4.9981106625296686e-08,17.6,ASK
549,1712607975.7139397,411992434.414773,17.01,5.043329045213522e-08,17.6,BID
550,1712607975.7192008,411994578.4888717,17.01,3.038076610374496e-07,17.6,BID
551,1712607976.247771,412015886.6807006,17.01,3.0192948669001773e-06,17.6,BID
552,1712607990.287644,412015886.6807006,17.01,0.0,17.6,BID
553,1712608009.8278108,412017062.45965415,17.02,1.665766879608561e-07,17.6,BID
554,1712608014.217568,412017414.9860936,17.02,4.9943645037353627e-08,17.6,BID
555,1712608020.2150776,412017414.9860936,17.02,0.0,17.6,BID
556,1712608042.4226844,412017767.51253307,17.0,-4.9943460995350825e-08,17.6,ASK
557,1712608050.2002268,412017767.51253307,17.0,-0.0,17.6,ASK
558,1712608053.077476,412019603.4875331,17.01,2.601077754134364e-07,17.6,BID
559,1712608068.747928,412019603.4883784,17.01,1.197578957971531e-13,17.6,BID
560,1712608068.7521343,412021255.8665331,17.01,2.340970906215515e-07,17.6,BID
561,1712608073.3773167,412021255.86663926,17.01,1.5039402934334343e-14,17.6,BID
562,1712608073.3873074,412026203.4875331,17.01,7.009434574370638e-07,17.6,BID
563,1712608073.4806368,412079276.2046513,17.01,7.518962068973317e-06,17.6,BID
564,1712608077.0376506,412095574.4457932,17.01,-2.309017958580473e-06,17.6,ASK
565,1712608077.219367,412102174.4447931,17.01,9.35040541176463e-07,17.6,BID
566,1712608078.6576886,412102527.1784792,17.01,4.997277980415521e-08,17.6,BID
567,1712608079.257897,412111372.5704792,17.01,1.2531517236100789e-06,17.6,BID
568,1712608080.2978294,412111372.5704792,17.01,0.0,17.6,BID
569,1712608082.0878122,412131494.5088622,17.01,2.85008906289872e-06,17.6,BID
570,1712608082.0969872,412133872.5704792,17.01,3.3683074048624373e-07,17.6,BID
571,1712608086.1273923,412164252.2654792,17.01,4.303006738500994e-06,17.6,BID
572,1712608087.72746,412178490.982652,17.01,2.016784432560386e-06,17.6,BID
573,1712608087.7369845,412189712.2904792,17.01,1.589395917088515e-06,17.6,BID
574,1712608089.9572484,412220787.8084792,17.01,4.401563720651874e-06,17.6,BID
575,1712608100.2196076,412220787.8090628,17.01,8.266007051187668e-14,17.6,BID
576,1712608100.225816,412258854.95283246,17.01,5.391863748351127e-06,17.6,BID
577,1712608110.2970831,412258854.95283246,17.01,0.0,17.6,BID
578,1712608119.4970286,412293115.3818325,17.01,4.850953623785254e-06,17.6,BID
579,1712608125.3571565,412293115.3822252,17.01,5.5607572599335953e-14,17.6,BID
580,1712608125.3718774,412315615.38183147,17.01,3.185787738532105e-06,17.6,BID
581,1712608127.5470183,412354632.6428314,17.01,5.52447617155949e-06,17.6,BID
582,1712608129.537013,412364109.77683145,17.01,1.341872792088732e-06,17.6,BID
583,1712608132.188825,412365610.02683145,17.01,2.1242125059436866e-07,17.6,BID
584,1712608133.8670092,412370201.3483589,17.01,6.500878258612749e-07,17.6,BID
585,1712608133.877384,412371610.02683145,17.01,1.994555859475648e-07,17.6,BID
586,1712608136.216766,412377610.02683145,17.01,8.495434118088397e-07,17.6,BID
587,1712608139.1094034,412428015.8229592,17.01,7.136985336216354e-06,17.6,BID
588,1712608139.1141703,412452819.8503005,17.01,3.5120163356888365e-06,17.6,BID
589,1712608140.1944892,412452819.8503005,17.01,0.0,17.6,BID
590,1712608140.6475728,412471376.67890847,17.01,2.626245048954941e-06,17.6,BID
591,1712608142.9070008,412471729.41259456,17.0,-4.992044256387807e-08,17.6,ASK
592,1712608170.1893709,412471729.41259456,17.0,-0.0,17.6,ASK
593,1712608200.3695538,412471729.41259456,17.0,-0.0,17.6,ASK
594,1712608209.896967,412471729.41259545,17.01,1.2664489904958438e-16,17.6,BID
595,1712608209.9033942,412472082.1462806,17.01,4.9964698907559553e-08,17.6,BID
596,1712608230.298124,412472082.1462806,17.01,0.0,17.6,BID
597,1712608235.3793,412472434.8799667,17.0,-4.996465657770925e-08,17.6,ASK
598,1712608260.1998684,412472434.8799667,17.0,-0.0,17.6,ASK
599,1712608272.4063814,412472787.6136527,17.01,4.9964614129364914e-08,17.6,BID
600,1712608280.2463264,412491070.7007387,17.01,2.58979345474023e-06,17.6,BID
601,1712608290.1980855,412491070.7007387,17.01,0.0,17.6,BID
602,1712608320.2889297,412491070.7007387,17.01,0.0,17.6,BID
603,1712608333.306675,412491423.4344248,17.0,-4.996237070476866e-08,17.6,ASK
604,1712608350.2864363,412491423.4344248,17.0,-0.0,17.6,ASK
605,1712608359.2569828,412504955.5219302,17.01,1.916728185841333e-06,17.6,BID
606,1712608359.2625146,412506814.2464248,17.01,2.63275686551018e-07,17.6,BID
607,1712608371.9758322,412507166.9801108,17.01,4.996232826875043e-08,17.6,BID
608,1712608380.187764,412507166.9801108,17.01,0.0,17.6,BID
609,1712608380.5419047,412552502.3361108,17.01,6.421201359512123e-06,17.6,BID
610,1712608387.436586,412567897.3361108,17.01,2.180514363440217e-06,17.6,BID
611,1712608390.7056386,412597955.5821108,17.01,4.257384679623369e-06,17.6,BID
612,1712608399.815783,412598308.3157969,17.0,-4.996043319177665e-08,17.6,ASK
613,1712608405.955468,412603813.6167969,17.01,7.797588766196629e-07,17.6,BID
614,1712608409.2259483,412620049.8997969,17.01,2.2996718603678844e-06,17.6,BID
615,1712608410.1964772,412620049.8997969,17.01,0.0,17.6,BID
616,1712608413.2757254,412632099.39225954,17.01,1.7061999174760392e-06,17.6,BID
617,1712608413.2854495,412632745.3727969,17.01,9.147040366587428e-08,17.6,BID
618,1712608415.5456555,412638284.9977969,17.01,7.844071231346502e-07,17.6,BID
619,1712608423.941847,412650311.2347969,17.01,1.7029069598206576e-06,17.6,BID
620,1712608439.565866,412650663.968483,17.01,4.994684945969408e-08,17.6,BID
621,1712608440.206024,412650663.968483,17.01,0.0,17.6,BID
622,1712608468.213614,412651016.702169,17.0,-4.9943166782944144e-08,17.6,ASK
623,1712608470.228145,412651016.702169,17.0,-0.0,17.6,ASK
624,1712608493.8753123,412673516.701169,17.01,3.1857469051082293e-06,17.6,BID
625,1712608498.4553032,412681233.088169,17.01,1.0925536487326413e-06,17.6,BID
626,1712608500.2207332,412681233.088169,17.01,0.0,17.6,BID
627,1712608507.865916,412681233.0888896,17.01,1.0207552750732093e-13,17.6,BID
628,1712608507.8716435,412681585.6146089,17.02,4.993924344244533e-08,17.6,BID
629,1712608518.344914,412771741.06567305,17.02,1.277153629382993e-05,17.6,BID
630,1712608530.1972115,412771741.06567305,17.02,0.0,17.6,BID
631,1712608536.1453404,412772093.59211296,17.0,-4.9928450064382855e-08,17.6,ASK
632,1712608560.2960694,412772093.59211296,17.0,-0.0,17.6,ASK
633,1712608574.7550347,412772446.1185524,17.02,4.992840761843213e-08,17.6,BID
634,1712608590.3005097,412772446.1185524,17.02,0.0,17.6,BID
635,1712608590.7243228,412774078.976602,17.02,2.3126189666226657e-07,17.6,BID
636,1712608590.727026,412802586.8061405,17.02,4.0375675829747e-06,17.6,BID
637,1712608604.2750664,412802939.3325799,17.0,-4.9928365190231175e-08,17.6,ASK
638,1712608620.1775308,412802939.3325799,17.0,-0.0,17.6,ASK
639,1712608642.3950286,412803291.6520162,17.03,4.9895379789098616e-08,17.6,BID
640,1712608650.1826751,412803291.6520162,17.03,0.0,17.6,BID
641,1712608680.307778,412803291.6520162,17.03,0.0,17.6,BID
642,1712608710.2874188,412803291.6520162,17.03,0.0,17.6,BID
643,1712608740.195691,412803291.6520162,17.03,0.0,17.6,BID
644,1712608743.7257254,412803643.9714525,17.0,-4.989533738367528e-08,17.6,ASK
645,1712608760.8859465,412885849.9714525,17.03,1.1641980779133815e-05,17.6,BID
646,1712608770.18293,412885849.9714525,17.03,0.0,17.6,BID
647,1712608777.9966073,412886202.2908888,17.03,4.988540465165824e-08,17.6,BID
648,1712608800.2274055,412886202.2908888,17.03,0.0,17.6,BID
649,1712608805.5363572,412886554.610325,17.0,-4.9892369254678656e-08,17.6,ASK
650,1712608830.181243,412886554.610325,17.0,-0.0,17.6,ASK
651,1712608843.0866003,412886906.92976135,17.03,4.989232694593056e-08,17.6,BID
652,1712608860.2901056,412886906.92976135,17.03,0.0,17.6,BID
653,1712608870.9571967,412887259.2491976,17.0,-4.989228454569568e-08,17.6,ASK
654,1712608890.2801068,412887259.2491976,17.0,-0.0,17.6,ASK
655,1712608920.2030234,412887259.2491976,17.0,-0.0,17.6,ASK
656,1712608943.0773134,412887611.5686339,17.03,4.9892242237091264e-08,17.6,BID
657,1712608950.1921935,412887611.5686339,17.03,0.0,17.6,BID
658,1712608973.857455,412887963.88807017,17.0,-4.9892199837000346e-08,17.6,ASK
659,1712608980.297954,412887963.88807017,17.0,-0.0,17.6,ASK
660,1712609008.6277056,412888316.2075065,17.03,4.9892157528539614e-08,17.6,BID
661,1712609010.3043084,412888316.2075065,17.03,0.0,17.6,BID
662,1712609016.8581457,412900060.1887161,17.03,1.663070504460862e-06,17.6,BID
663,1712609040.201231,412900060.1887161,17.03,0.0,17.6,BID
664,1712609065.7364357,412914087.3928614,17.0,-1.986342482348434e-06,17.6,ASK
665,1712609065.7433977,412962558.2057831,17.0,-6.863779400581197e-06,17.6,ASK
666,1712609070.198669,412962558.2057831,17.0,-0.0,17.6,ASK
667,1712609073.977988,412962910.5252194,17.0,-4.988319709768117e-08,17.6,ASK
668,1712609100.2202406,412962910.5252194,17.0,-0.0,17.6,ASK
669,1712609107.8876624,412963262.8446557,17.03,4.988737851046636e-08,17.6,BID
670,1712609130.19413,412963262.8446557,17.03,0.0,17.6,BID
671,1712609144.0382173,412963615.164092,17.0,-4.98873361355206e-08,17.6,ASK
672,1712609160.2206392,412963615.164092,17.0,-0.0,17.6,ASK
673,1712609174.0583632,412963967.48352826,17.03,4.988729381842945e-08,17.6,BID
674,1712609190.2093563,412963967.48352826,17.03,0.0,17.6,BID
675,1712609202.6981368,412964319.80296457,17.0,-4.9887251443627576e-08,17.6,ASK
676,1712609220.3005435,412964319.80296457,17.0,-0.0,17.6,ASK
677,1712609250.289565,412964319.80296457,17.0,-0.0,17.6,ASK
678,1712609273.3482533,412964672.1224008,17.03,4.988720912668008e-08,17.6,BID
679,1712609280.2108357,412964672.1224008,17.03,0.0,17.6,BID
680,1712609300.9482462,412965072.1224008,17.03,5.6638563315460585e-08,17.6,BID
681,1712609306.3482895,412965424.4418371,17.0,-4.9887166743582294e-08,17.6,ASK
682,1712609310.1890695,412965424.4418371,17.0,-0.0,17.6,ASK
683,1712609340.3032303,412965424.4418371,17.0,-0.0,17.6,ASK
684,1712609340.544397,412965776.7612734,17.03,4.988707632488327e-08,17.6,BID
685,1712609370.2817826,412965776.7612734,17.03,0.0,17.6,BID
686,1712609400.239092,412965776.7612734,17.03,0.0,17.6,BID
687,1712609404.6486535,412966129.0807096,17.0,-4.988709118578487e-08,17.6,ASK
688,1712609430.190933,412966129.0807096,17.0,-0.0,17.6,ASK
689,1712609451.449676,412969283.65121,16.99,-4.466747971980634e-07,17.6,ASK
690,1712609451.4570923,412992837.00099015,17.0,-3.335061852432445e-06,17.6,ASK
691,1712609460.2926717,412992837.00099015,17.0,-0.0,17.6,ASK
692,1712609490.298803,412992837.00099015,17.0,-0.0,17.6,ASK
693,1712609507.868532,412993189.3204264,17.03,4.988384209195187e-08,17.6,BID
694,1712609520.2033825,412993189.3204264,17.03,0.0,17.6,BID
695,1712609550.186105,412993189.3204264,17.03,0.0,17.6,BID
696,1712609570.0987108,412993541.6398627,16.99,-4.988379972301425e-08,17.6,ASK
697,1712609580.280428,412993541.6398627,16.99,-0.0,17.6,ASK
698,1712609610.2930582,412993541.6398627,16.99,-0.0,17.6,ASK
699,1712609612.698604,412993894.1663022,17.02,4.991306634838316e-08,17.6,BID
700,1712609639.868682,412994246.6927417,16.99,-4.991306634838316e-08,17.6,ASK
701,1712609640.1745856,412994246.6927417,16.99,-0.0,17.6,ASK
702,1712609670.193133,412994246.6927417,16.99,-0.0,17.6,ASK
703,1712609676.328737,412994599.2191811,17.02,4.99129816104921e-08,17.6,BID
704,1712609700.284481,412994599.2191811,17.02,0.0,17.6,BID
705,1712609703.6311765,412994951.7456206,17.0,-4.9930612952656944e-08,17.6,ASK
706,1712609730.2990808,412994951.7456206,17.0,-0.0,17.6,ASK
707,1712609737.268792,412995304.0650569,17.03,4.990125138896889e-08,17.6,BID
708,1712609760.1892035,412995304.0650569,17.03,0.0,17.6,BID
709,1712609768.7590785,412995656.3844932,17.0,-4.990120897356559e-08,17.6,ASK
710,1712609790.19565,412995656.3844932,17.0,-0.0,17.6,ASK
711,1712609792.0619817,413051130.0301594,17.0,-7.85707330269201e-06,17.6,ASK
712,1712609792.0686517,413054558.8096007,17.0,-4.856391009643048e-07,17.6,ASK
713,1712609809.6388764,413054911.12903696,17.03,4.990116664982249e-08,17.6,BID
714,1712609820.299214,413054911.12903696,17.03,0.0,17.6,BID
715,1712609829.0787177,413212774.6517676,17.03,2.235599108107456e-05,17.6,BID
716,1712609850.2914283,413212774.6517676,17.03,0.0,17.6,BID
717,1712609869.6086717,413213126.9712039,17.0,-4.987505941153129e-08,17.6,ASK
718,1712609880.192569,413213126.9712039,17.0,-0.0,17.6,ASK
719,1712609905.3489,413213479.2906402,17.03,4.987501711526304e-08,17.6,BID
720,1712609910.186992,413213479.2906402,17.03,0.0,17.6,BID
721,1712609924.9586377,413289738.8707738,17.03,1.0795443686812578e-05,17.6,BID
722,1712609935.5388885,413290091.1902101,17.0,-4.987497475287884e-08,17.6,ASK
723,1712609940.227414,413290091.1902101,17.0,-0.0,17.6,ASK
724,1712609970.2849808,413290091.1902101,17.0,-0.0,17.6,ASK
725,1712609978.9485846,413290443.5096464,17.03,4.986576483975506e-08,17.6,BID
726,1712610000.3209903,413290443.5096464,17.03,0.0,17.6,BID
727,1712610030.196576,413290443.5096464,17.03,0.0,17.6,BID
728,1712610039.1030738,413290795.8290826,17.0,-4.987053564391112e-08,17.6,ASK
729,1712610060.302722,413290795.8290826,17.0,-0.0,17.6,ASK
730,1712610074.6622643,413291148.3555221,17.02,4.9899794482099883e-08,17.6,BID
731,1712610090.2789152,413291148.3555221,17.02,0.0,17.6,BID
732,1712610115.7506948,413349550.2356631,17.02,8.266725598201308e-06,17.6,BID
733,1712610120.2425537,413349550.2356631,17.02,0.0,17.6,BID
734,1712610137.0933497,413349902.7621026,17.02,-4.9892732211573097e-08,17.6,ASK
735,1712610150.2029886,413349902.7621026,17.02,-0.0,17.6,ASK
736,1712610170.6283956,413350255.0815389,17.03,4.986339290590802e-08,17.6,BID
737,1712610180.29033,413350255.0815389,17.03,0.0,17.6,BID
738,1712610186.8179483,413367129.0815389,17.02,-2.388157140045332e-06,17.6,ASK
739,1712610200.958435,413367481.4009752,17.02,-4.986335055483228e-08,17.6,ASK
740,1712610210.30748,413367481.4009752,17.02,-0.0,17.6,ASK
741,1712610223.4984212,413400384.1298232,17.02,-4.656490838227448e-06,17.6,ASK
742,1712610223.6185071,413424818.6946356,17.02,3.458051388695584e-06,17.6,BID
743,1712610223.8182583,413446292.5476356,17.03,3.039042755935665e-06,17.6,BID
744,1712610240.1931744,413446292.5476356,17.03,0.0,17.6,BID
745,1712610245.8474112,413453169.4306356,17.03,9.730519350455486e-07,17.6,BID
746,1712610253.9322028,413589686.48839855,17.02,1.931662749298356e-05,17.6,BID
747,1712610254.0681624,413777830.561904,17.02,2.6621647451750763e-05,17.6,BID
748,1712610267.0013328,413778183.0883434,17.02,4.988110661481608e-08,17.6,BID
749,1712610270.1832612,413778183.0883434,17.02,0.0,17.6,BID
750,1712610298.9085517,413778535.6147829,17.0,-4.9841269012303967e-08,17.6,ASK
751,1712610300.2943034,413778535.6147829,17.0,-0.0,17.6,ASK
752,1712610320.9293664,413785462.0564757,17.0,-9.792875256747435e-07,17.6,ASK
753,1712610320.9340644,414106695.2954156,17.0,-4.541721675854256e-05,17.6,ASK
754,1712610321.0503988,414161525.6663301,17.0,7.752133150959628e-06,17.6,BID
755,1712610330.3124957,414161525.6663301,17.0,0.0,17.6,BID
756,1712610331.448594,414161878.1927696,17.02,4.979573402646273e-08,17.6,BID
757,1712610360.1968985,414161878.1927696,17.02,0.0,17.6,BID
758,1712610361.8587768,414162230.719209,16.99,-4.9795691815029656e-08,17.6,ASK
759,1712610390.2159731,414162230.719209,16.99,-0.0,17.6,ASK
760,1712610396.968352,414162583.2456485,17.02,4.9795649694895065e-08,17.6,BID
761,1712610420.288394,414162583.2456485,17.02,0.0,17.6,BID
762,1712610426.2508962,414162935.772088,17.0,-4.979560749202432e-08,17.6,ASK
763,1712610434.6124191,414292181.9837234,17.0,-1.825648491436996e-05,17.6,ASK
764,1712610434.6174424,414371774.9837234,17.0,-1.124279300261774e-05,17.6,ASK
765,1712610434.698051,414452219.62325937,17.0,1.1363090101805902e-05,17.6,BID
766,1712610434.7579863,414467936.2830644,17.02,2.220033833128234e-06,17.6,BID
767,1712610450.2936316,414467936.2830644,17.02,0.0,17.6,BID
768,1712610465.8624578,414629621.292216,17.0,-2.2821844823481267e-05,17.6,ASK
769,1712610466.938267,414629973.8186554,17.02,4.975911953980598e-08,17.6,BID
770,1712610480.1879485,414629973.8186554,17.02,0.0,17.6,BID
771,1712610488.4181943,414746807.85718864,17.0,-1.6484719157005577e-05,17.6,ASK
772,1712610500.3380766,414763212.0287516,17.0,-2.3145494636055227e-06,17.6,ASK
773,1712610510.2083187,414763212.0287516,17.0,-0.0,17.6,ASK
774,1712610527.9077322,414763564.555191,17.0,-4.972388866007306e-08,17.6,ASK
775,1712610540.2899685,414763564.555191,17.0,-0.0,17.6,ASK
776,1712610553.2481043,414775974.2493975,17.0,-1.7503870984239266e-06,17.6,ASK
777,1712610566.4881587,414776326.775837,17.02,4.9723846636609065e-08,17.6,BID
778,1712610570.307673,414776326.775837,17.02,0.0,17.6,BID
779,1712610592.837873,414776679.3022765,17.0,-4.972232499023707e-08,17.6,ASK
780,1712610600.2084725,414776679.3022765,17.0,-0.0,17.6,ASK
781,1712610617.5481265,414835433.708857,17.02,8.289595026402719e-06,17.6,BID
782,1712610628.3077345,414835786.2352965,17.02,4.97375701591059e-08,17.6,BID
783,1712610630.1995623,414835786.2352965,17.02,0.0,17.6,BID
784,1712610655.3980126,414986128.0090102,17.02,2.1208546337855745e-05,17.6,BID
785,1712610656.9077525,414986480.5354496,17.0,-4.973051162860745e-08,17.6,ASK
786,1712610660.288246,414986480.5354496,17.0,-0.0,17.6,ASK
787,1712610690.2976384,414986480.5354496,17.0,-0.0,17.6,ASK
788,1712610695.4379582,414986832.85488594,17.03,4.968333376051156e-08,17.6,BID
789,1712610711.677986,414997032.00367993,17.03,1.438262160356245e-06,17.6,BID
790,1712610713.667801,415004232.00367993,17.03,1.015328608664051e-06,17.6,BID
791,1712610715.211092,415017853.2046799,17.03,1.920832647171973e-06,17.6,BID
792,1712610718.1580944,415018205.5241162,17.0,-4.968333376051156e-08,17.6,ASK
793,1712610720.2054186,415018205.5241162,17.0,-0.0,17.6,ASK
794,1712610725.5878105,415018557.8435525,17.03,4.967954880863943e-08,17.6,BID
795,1712610733.6779506,415605756.904034,17.03,8.279924802305028e-05,17.6,BID
796,1712610741.6620357,415696357.46400064,17.03,1.2775323975402458e-05,17.6,BID
797,1712610750.1824892,415696357.46400064,17.03,0.0,17.6,BID
798,1712610757.437999,415696709.7834369,17.0,-4.9598778140623273e-08,17.6,ASK
799,1712610780.312401,415696709.7834369,17.0,-0.0,17.6,ASK
800,1712610792.6599767,415697062.1028732,17.03,4.959873632839004e-08,17.6,BID
801,1712610810.2881758,415697062.1028732,17.03,0.0,17.6,BID
802,1712610832.1583176,415726967.6218732,17.02,4.210028019741652e-06,17.6,BID
803,1712610832.3586037,415876800.4538382,17.02,2.10931106345336e-05,17.6,BID
804,1712610832.3665516,416088773.3308801,17.03,2.984103876517696e-05,17.6,BID
805,1712610840.198967,416088773.3308801,17.03,0.0,17.6,BID
806,1712610851.2722545,416089125.6503164,17.0,-4.9552172254254695e-08,17.6,ASK
807,1712610869.0743494,416124168.5163164,17.03,4.928624292734191e-06,17.6,BID
808,1712610870.1793146,416124168.5163164,17.03,0.0,17.6,BID
809,1712610873.5353403,416128342.8353164,17.03,5.870497580730022e-07,17.6,BID
810,1712610876.219279,416130743.0353164,17.03,3.375489102181413e-07,17.6,BID
811,1712610877.7393684,416134916.6573164,17.03,5.869517364083781e-07,17.6,BID
812,1712610879.749404,416139990.3543164,17.03,7.135325777359898e-07,17.6,BID
813,1712610883.7826345,416315036.0057757,17.03,2.4617310593846224e-05,17.6,BID
814,1712610883.9207258,416459453.914354,17.03,2.0310019021586525e-05,17.6,BID
815,1712610884.2183745,416518071.821354,17.03,8.24365079023708e-06,17.6,BID
816,1712610887.2689185,416576492.764354,17.03,8.215951022073435e-06,17.6,BID
817,1712610887.4289017,416585740.084889,17.03,1.3004845300251955e-06,17.6,BID
818,1712610889.0388873,416586092.4043253,17.03,4.954797173285951e-08,17.6,BID
819,1712610892.913493,416595051.0273253,17.03,1.2598839391108204e-06,17.6,BID
820,1712610893.1301343,416731990.4531261,17.03,1.925829261897341e-05,17.6,BID
821,1712610893.2684991,416876953.3024383,17.03,2.0386656031352747e-05,17.6,BID
822,1712610900.223669,416876953.3024383,17.03,0.0,17.6,BID
823,1712610918.9996693,416877305.6218746,17.0,-4.946933078785949e-08,17.6,ASK
1023,1712610918.9996693,416877305.6218746,17.0,-4.9469330787859494e-08,17.6,ASK
824,1712610926.4747088,416996784.9896481,17.03,1.6776151859767752e-05,17.6,BID
825,1712610930.2016523,416996784.9896481,17.03,0.0,17.6,BID
826,1712610959.4389322,416997137.3090844,17.03,4.9455159955087686e-08,17.6,BID
827,1712610960.3036108,416997137.3090844,17.03,0.0,17.6,BID
828,1712610986.6400497,416997489.6285207,17.0,-4.945511831129671e-08,17.6,ASK
829,1712610990.3020513,416997489.6285207,17.0,-0.0,17.6,ASK
830,1712611008.3810802,417007489.6285207,17.02,1.4036999278355714e-06,17.6,BID
831,1712611008.3853464,417010381.45694274,17.02,4.059259347371881e-07,17.6,BID
832,1712611008.3890345,417697059.3386744,17.03,9.638896930329712e-05,17.6,BID
833,1712611020.2146652,417697059.3386744,17.03,0.0,17.6,BID
834,1712611024.2887108,417697411.6581107,17.03,4.9372510886154624e-08,17.6,BID
835,1712611047.328793,417697763.9775469,17.0,-4.9372510877801886e-08,17.6,ASK
836,1712611050.2025993,417697763.9775469,17.0,-0.0,17.6,ASK
837,1712611059.4129372,417709291.924164,17.01,1.6154735019014245e-06,17.6,BID
838,1712611059.419769,417709291.9241644,17.01,6.682176968643062e-17,17.6,BID
839,1712611067.6989744,417714487.5788914,17.03,7.280951946884962e-07,17.6,BID
840,1712611080.2906976,417714487.5788914,17.03,0.0,17.6,BID
841,1712611086.8691175,417714839.8983277,17.03,4.9370459096867054e-08,17.6,BID
842,1712611110.2922242,417714839.8983277,17.03,0.0,17.6,BID
843,1712611119.3789334,417715192.217764,17.0,-4.9370417595613096e-08,17.6,ASK
844,1712611120.568997,417718128.2130664,17.03,4.1142014659948377e-07,17.6,BID
845,1712611140.206618,417718128.2130664,17.03,0.0,17.6,BID
846,1712611154.18577,417718480.53250265,17.03,4.937003024910877e-08,17.6,BID
847,1712611168.9393303,417720242.1296841,17.03,2.468501512288392e-07,17.6,BID
848,1712611170.192982,417720242.1296841,17.03,0.0,17.6,BID
849,1712611184.569216,417720594.44912034,17.0,-4.9369781188492456e-08,17.6,ASK
850,1712611196.3354292,417723019.9361609,17.0,-3.398783948531183e-07,17.6,ASK
851,1712611200.23414,417723019.9361609,17.0,-0.0,17.6,ASK
852,1712611212.3694313,417723607.8256377,17.01,-8.2379170117537e-08,17.6,ASK
853,1712611212.376305,417759177.7877017,17.0,-4.9843109490846615e-06,17.6,ASK
854,1712611220.3393116,417759530.1071381,17.03,4.9369454508352696e-08,17.6,BID
855,1712611230.1921256,417759530.1071381,17.03,0.0,17.6,BID
856,1712611260.2991073,417759530.1071381,17.03,0.0,17.6,BID
857,1712611285.3011932,417759882.4265743,17.0,-4.936516094944712e-08,17.6,ASK
858,1712611290.300235,417759882.4265743,17.0,-0.0,17.6,ASK
859,1712611320.2013085,417759882.4265743,17.0,-0.0,17.6,ASK
860,1712611323.341085,417760234.7460106,17.03,4.9365119530208413e-08,17.6,BID
1060,1712611323.341085,417760234.7460106,17.03,4.936511953020841e-08,17.6,BID
861,1712611350.2041118,417760234.7460106,17.03,0.0,17.6,BID
862,1712611352.959461,417760587.06544685,17.0,-4.936507802122893e-08,17.6,ASK
863,1712611378.8295946,417764242.20844686,17.03,5.121387037102301e-07,17.6,BID
864,1712611380.289818,417764242.20844686,17.03,0.0,17.6,BID
865,1712611386.9293606,417764594.5278832,17.03,4.93646060581139e-08,17.6,BID
866,1712611406.579381,417765597.4603832,17.03,1.405240888323013e-07,17.6,BID
867,1712611410.2998438,417765597.4603832,17.03,0.0,17.6,BID
868,1712611412.8395488,417766184.6594436,17.03,8.227407736077518e-08,17.6,BID
869,1712611419.5314376,417766536.9788799,17.0,-4.93644464231462e-08,17.6,ASK
870,1712611440.1944146,417766536.9788799,17.0,-0.0,17.6,ASK
1071,1712611455.1791844,417766889.2983162,17.03,4.9364335822731653e-08,17.6,BID
871,1712611455.1791844,417766889.2983162,17.03,4.936433582273165e-08,17.6,BID
872,1712611470.2008395,417766889.2983162,17.03,0.0,17.6,BID
873,1712611500.2795756,417766889.2983162,17.03,0.0,17.6,BID
874,1712611517.6735704,417767241.6177525,17.0,-4.9364294331772686e-08,17.6,ASK
875,1712611529.7399805,417770177.6130549,17.0,-4.113691194008174e-07,17.6,ASK
876,1712611530.2990625,417770177.6130549,17.0,-0.0,17.6,ASK
877,1712611551.2764115,417788469.30561584,17.03,2.562871445686192e-06,17.6,BID
878,1712611555.0023427,417788821.62505215,17.03,4.9363907690543694e-08,17.6,BID
879,1712611560.199427,417788821.62505215,17.03,0.0,17.6,BID
880,1712611573.7295797,417803387.0345997,17.03,2.040686586541514e-06,17.6,BID
881,1712611582.1669104,417803739.354036,17.0,-4.9361711767265545e-08,17.6,ASK
882,1712611590.1895244,417803739.354036,17.0,-0.0,17.6,ASK
883,1712611618.00129,417804091.6734723,17.03,4.9359954937341726e-08,17.6,BID
884,1712611620.2795136,417804091.6734723,17.03,0.0,17.6,BID
885,1712611637.912545,417811123.0149463,17.03,9.850901507265846e-07,17.6,BID
886,1712611646.075908,417811475.3343826,17.01,-4.935991345374749e-08,17.6,ASK
887,1712611650.291806,417811475.3343826,17.01,-0.0,17.6,ASK
888,1712611680.2096632,417811475.3343826,17.01,-0.0,17.6,ASK
889,1712611683.1200857,417811827.6538189,17.03,4.9359043951414944e-08,17.6,BID
890,1712611710.201867,417811827.6538189,17.03,0.0,17.6,BID
891,1712611710.3756697,417812179.9732552,17.01,-4.935900246935207e-08,17.6,ASK
892,1712611722.0019104,417820541.30578536,17.03,1.171400128603999e-06,17.6,BID
893,1712611740.3097188,417820541.30578536,17.03,0.0,17.6,BID
894,1712611747.110361,417820893.62522167,17.03,4.9357976389045015e-08,17.6,BID
895,1712611770.318499,417820893.62522167,17.03,0.0,17.6,BID
896,1712611779.717029,417821245.9446579,17.01,-4.9357934892076164e-08,17.6,ASK
897,1712611800.3995898,417821245.9446579,17.01,-0.0,17.6,ASK
898,1712611804.8803918,417877193.5890071,17.02,7.838351872166331e-06,17.6,BID
899,1712611813.129434,417877545.9084434,17.03,4.936050025591724e-08,17.6,BID
900,1712611830.2994163,417877545.9084434,17.03,0.0,17.6,BID
901,1712611837.2537816,417893602.2497784,17.03,2.249216404161831e-06,17.6,BID
902,1712611838.3082724,417931292.2497784,17.03,5.279718741907697e-06,17.6,BID
903,1712611838.3249729,417948349.0691713,17.03,2.3893661190187656e-06,17.6,BID
904,1712611838.3732092,418007069.0691713,17.03,8.22565891549005e-06,17.6,BID
905,1712611841.529064,418020267.9669672,17.03,1.8489378632511144e-06,17.6,BID
906,1712611843.319343,418020620.28640354,17.01,-4.935387452993773e-08,17.6,ASK
907,1712611846.7953303,418049549.67531615,17.03,4.052508273650487e-06,17.6,BID
908,1712611860.225801,418049549.67531615,17.03,0.0,17.6,BID
909,1712611871.2694414,418059694.9304141,17.03,1.420592289572354e-06,17.6,BID
910,1712611877.679384,418060047.2498504,17.03,4.9333631315552643e-08,17.6,BID
911,1712611890.1926744,418060047.2498504,17.03,0.0,17.6,BID
912,1712611892.2295406,418062983.2451528,17.03,4.111033032609972e-07,17.6,BID
913,1712611920.3194168,418062983.2451528,17.03,0.0,17.6,BID
914,1712611931.509544,418071338.1620208,17.03,1.169862183815718e-06,17.6,BID
915,1712611940.839285,418071690.4814571,17.01,-4.93320510158981e-08,17.6,ASK
916,1712611950.2926288,418071690.4814571,17.01,-0.0,17.6,ASK
917,1712611957.569421,418349818.0647588,17.03,3.894283952149376e-05,17.6,BID
918,1712611977.1193929,418350170.3841951,17.03,4.933102681048777e-08,17.6,BID
919,1712611980.1971805,418350170.3841951,17.03,0.0,17.6,BID
920,1712612010.2048535,418350170.3841951,17.03,0.0,17.6,BID
921,1712612031.2496896,418366024.7588281,17.01,-2.218423092059709e-06,17.6,ASK
922,1712612031.2558248,418366497.3841951,17.01,-6.613209617433856e-08,17.6,ASK
923,1712612039.024411,418389987.40181845,17.02,3.286840303372791e-06,17.6,BID
924,1712612040.2894278,418389987.40181845,17.02,0.0,17.6,BID
925,1712612066.4897103,418390102.3205173,17.01,-1.6078472641507157e-08,17.6,ASK
926,1712612066.497402,418390339.7212548,17.0,-3.3215145147680313e-08,17.6,ASK
927,1712612070.300624,418390339.7212548,17.0,-0.0,17.6,ASK
928,1712612073.169895,418390692.2476942,17.02,4.9322538611164754e-08,17.6,BID
929,1712612093.390401,418408318.5696684,17.02,2.466126930941849e-06,17.6,BID
930,1712612095.3893683,418437695.7729586,17.02,4.110211551564189e-06,17.6,BID
931,1712612100.2080638,418437695.7729586,17.02,0.0,17.6,BID
932,1712612124.6609783,418456912.7937236,17.01,2.68993435438763e-06,17.6,BID
933,1712612130.2122092,418456912.7937236,17.01,0.0,17.6,BID
934,1712612135.299363,418457265.3201631,17.0,-4.9343215320211124e-08,17.6,ASK
935,1712612160.2803645,418457265.3201631,17.0,-0.0,17.6,ASK
936,1712612171.0096922,418457618.0538492,17.01,4.9372182264602894e-08,17.6,BID
937,1712612190.2994027,418457618.0538492,17.01,0.0,17.6,BID
938,1712612206.9536777,418457970.7875352,17.0,-4.9372140792508244e-08,17.6,ASK
939,1712612208.3185291,418528811.0619776,17.0,-9.915514571104116e-06,17.6,ASK
940,1712612208.3234572,418650119.6325155,17.0,-1.6979562942645808e-05,17.6,ASK
941,1712612220.1856658,418650119.6325155,17.0,-0.0,17.6,ASK
942,1712612241.9336016,418650472.3662016,17.01,4.934953596736618e-08,17.6,BID
943,1712612250.1894183,418650472.3662016,17.01,0.0,17.6,BID
944,1712612270.1141765,418650825.0998876,17.0,-4.9349494533304265e-08,17.6,ASK
945,1712612280.295743,418650825.0998876,17.0,-0.0,17.6,ASK
946,1712612281.8892095,418664844.2429279,17.01,1.961358015453383e-06,17.6,BID
947,1712612310.3094804,418664844.2429279,17.01,0.0,17.6,BID
948,1712612310.542626,418665432.478222,17.0,-8.229472480263062e-08,17.6,ASK
949,1712612310.5534909,418669903.2429279,17.0,-6.254645969343077e-07,17.6,ASK
950,1712612311.589462,418670255.97661394,17.01,4.9347806764278666e-08,17.6,BID
951,1712612337.899206,418670608.7103,17.0,-4.934780675593991e-08,17.6,ASK
952,1712612340.1975925,418670608.7103,17.0,-0.0,17.6,ASK
953,1712612370.1952078,418670608.7103,17.0,-0.0,17.6,ASK
954,1712612371.4891655,418700388.0813692,17.0,-4.166107631605323e-06,17.6,ASK
955,1712612373.6399713,418700740.8150552,17.01,4.93471301955645e-08,17.6,BID
956,1712612400.2522385,418700740.8150552,17.01,0.0,17.6,BID
1157,1712612402.54898,418701093.5487413,17.0,-4.9352758614636264e-08,17.6,ASK
957,1712612402.54898,418701093.5487413,17.0,-4.935275861463626e-08,17.6,ASK
958,1712612430.2079153,418701093.5487413,17.0,-0.0,17.6,ASK
959,1712612440.3295698,418701446.2824273,17.01,4.9352717199520144e-08,17.6,BID
960,1712612460.28924,418701446.2824273,17.01,0.0,17.6,BID
961,1712612472.2590933,418701799.0161134,17.0,-4.935267577679576e-08,17.6,ASK
962,1712612484.9763649,418722674.4053718,17.0,-2.9207766607298448e-06,17.6,ASK
963,1712612484.98264,418781502.8851245,17.0,-8.230977086033147e-06,17.6,ASK
964,1712612490.2791398,418781502.8851245,17.0,-0.0,17.6,ASK
965,1712612503.9392986,418784423.4458721,17.0,-4.085519815276117e-07,17.6,ASK
966,1712612509.3991191,418784776.1795582,17.01,4.9343279888198246e-08,17.6,BID
967,1712612520.1910996,418784776.1795582,17.01,0.0,17.6,BID
968,1712612525.3700118,418809996.86051655,17.01,3.528048158709493e-06,17.6,BID
969,1712612525.377479,418892604.10129535,17.01,1.1555688135750529e-05,17.6,BID
970,1712612530.1094398,418904394.10129535,17.01,-1.6492690209240948e-06,17.6,ASK
971,1712612542.2719283,418904746.8349814,17.01,-4.934289575958426e-08,17.6,ASK
1171,1712612542.2719283,418904746.8349814,17.01,-4.9342895759584263e-08,17.6,ASK
972,1712612549.289159,418909731.8349814,17.01,-6.97337240823292e-07,17.6,ASK
973,1712612550.199115,418909731.8349814,17.01,-0.0,17.6,ASK
974,1712612552.7912362,418914752.8349814,17.01,-7.021644026097318e-07,17.6,ASK
975,1712612555.7992263,418918539.8349814,17.01,-5.295950194549002e-07,17.6,ASK
976,1712612571.7692332,418940965.8349814,17.01,-3.13617584005693e-06,17.6,ASK
977,1712612572.9288645,418943004.8349814,17.01,-2.851450342404388e-07,17.6,ASK
978,1712612580.3007283,418943004.8349814,17.01,-0.0,17.6,ASK
979,1712612603.8591156,418948903.8349814,17.01,-8.248834887168285e-07,17.6,ASK
980,1712612610.289291,418948903.8349814,17.01,-0.0,17.6,ASK
981,1712612610.4482076,418954802.8349814,17.01,-8.248719147178095e-07,17.6,ASK
982,1712612610.8187044,418955155.1544177,17.03,4.926570741189172e-08,17.6,BID
983,1712612611.6500807,418960211.1544177,17.01,-7.069931176154e-07,17.6,ASK
984,1712612631.769591,418963187.1544177,17.01,-4.161415185964065e-07,17.6,ASK
985,1712612632.7788715,418966163.1544177,17.01,-4.161415185964065e-07,17.6,ASK
986,1712612634.019101,418969139.1544177,17.01,-4.161415185964065e-07,17.6,ASK
987,1712612635.2891147,418975199.1544177,17.01,-8.473849471418757e-07,17.6,ASK
1188,1712612636.929182,418975551.473854,17.01,-4.926570740355706e-08,17.6,ASK
988,1712612636.929182,418975551.473854,17.01,-4.9265707403557064e-08,17.6,ASK
989,1712612636.96864,418981611.473854,17.01,-8.473849471418757e-07,17.6,ASK
990,1712612640.2069356,418981611.473854,17.01,-0.0,17.6,ASK
991,1712612640.742969,418987510.473854,17.01,-8.248077465173584e-07,17.6,ASK
992,1712612642.4288683,419004365.473854,17.01,-2.356693434065109e-06,17.6,ASK
993,1712612646.4215074,419020422.6166415,17.01,-2.2451357447241543e-06,17.6,ASK
994,1712612646.429723,419028804.473854,17.01,-1.1719648684539646e-06,17.6,ASK
995,1712612647.5721462,419053243.473854,17.01,-3.4171006131781186e-06,17.6,ASK
996,1712612648.8691497,419058299.473854,17.01,-7.069381194086733e-07,17.6,ASK
997,1712612650.4186916,419065041.473854,17.01,-9.426773736260434e-07,17.6,ASK
998,1712612652.2188065,419074311.473854,17.01,-1.29614643333038e-06,17.6,ASK
999,1712612658.4089477,419078525.473854,17.01,-5.892083139217067e-07,17.6,ASK
1000,1712612659.822319,419082739.473854,17.01,-5.892083139217067e-07,17.6,ASK
1201,1712612660.939227,419089481.473854,17.01,-9.426773736260434e-07,17.6,ASK
1202,1712612661.9590485,419102122.473854,17.01,-1.767485120143402e-06,17.6,ASK
1203,1712612663.4788811,419108864.473854,17.01,-9.426773736260434e-07,17.6,ASK
1204,1712612666.1306314,419111392.473854,17.01,-3.534690597043367e-07,17.6,ASK
1205,1712612670.1964831,419111392.473854,17.01,-0.0,17.6,ASK
1206,1712612672.448841,419129932.473854,17.01,-2.591492959106917e-06,17.6,ASK
1207,1712612673.4193456,419130284.7932903,17.03,4.924667414014805e-08,17.6,BID
1208,1712612673.6632967,419148824.7932903,17.01,-2.591492959106917e-06,17.6,ASK
1209,1712612674.9649153,419167364.7932903,17.01,-2.591492959106917e-06,17.6,ASK
1210,1712612675.9306238,419173263.7932903,17.01,-8.245532343997682e-07,17.6,ASK
1211,1712612677.2294853,419179162.7932903,17.01,-8.245532343997682e-07,17.6,ASK
1212,1712612678.32885,419185061.7932903,17.01,-8.245532343997682e-07,17.6,ASK
1213,1712612679.3992894,419190960.7932903,17.01,-8.245532343997682e-07,17.6,ASK
1214,1712612680.3188589,419196859.7932903,17.01,-8.245532343997682e-07,17.6,ASK
1215,1712612681.4489567,419202758.7932903,17.01,-8.245532343997682e-07,17.6,ASK
1216,1712612683.3089554,419214556.7932903,17.01,-1.6491064687995364e-06,17.6,ASK
1217,1712612684.922456,419226354.7932903,17.01,-1.6491064687995364e-06,17.6,ASK
1218,1712612685.999109,419244052.7932903,17.01,-2.473799481676064e-06,17.6,ASK
1219,1712612686.9787347,419268491.7932903,17.01,-3.416046193506685e-06,17.6,ASK
1220,1712612687.058937,419337862.7515503,17.01,-9.69656687688477e-06,17.6,ASK
1221,1712612687.9521017,419343761.7515503,17.01,-8.245532343997682e-07,17.6,ASK
1222,1712612700.2157643,419343761.7515503,17.01,-0.0,17.6,ASK
1223,1712612703.0190527,419344114.07098657,17.01,-4.9231983438398656e-08,17.6,ASK
1224,1712612716.5563424,419347051.7913156,17.02,4.105075783635053e-07,17.6,BID
1225,1712612730.1866035,419347051.7913156,17.02,0.0,17.6,BID
1226,1712612745.4692278,419347404.31775504,17.02,4.926052396773758e-08,17.6,BID
1227,1712612752.6088114,419347493.1220219,17.01,-1.240912518131124e-08,17.6,ASK
1228,1712612753.489069,419372105.1220219,17.0,-3.439174712285502e-06,17.6,ASK
1229,1712612754.699366,419383067.1220219,17.0,-1.5317825936971265e-06,17.6,ASK
1230,1712612755.8191335,419398449.1220219,17.0,-2.1494143273352668e-06,17.6,ASK
1231,1712612760.0312457,419398680.5544616,17.0,-3.233937079318001e-08,17.6,ASK
1232,1712612760.3205457,419398680.5544616,17.0,-0.0,17.6,ASK
1233,1712612772.0193267,419399033.080901,16.99,-4.9254483131395176e-08,17.6,ASK
1234,1712612787.6692312,419404673.6390662,16.99,-7.880906107430884e-07,17.6,ASK
1235,1712612787.968892,419425741.2391554,17.01,2.943534546570151e-06,17.6,BID
1236,1712612790.3004298,419425741.2391554,17.01,0.0,17.6,BID
1237,1712612820.2040904,419425741.2391554,17.01,0.0,17.6,BID
1238,1712612820.8993838,419429239.2391554,16.99,-4.887040678572156e-07,17.6,ASK
1239,1712612822.4392338,419432737.2391554,16.99,-4.887040678572156e-07,17.6,ASK
1240,1712612828.2192247,419456637.2391554,16.99,-3.33905866832117e-06,17.6,ASK
1241,1712612829.3089097,419460426.2391554,16.99,-5.293595520614608e-07,17.6,ASK
1242,1712612836.4547095,419460778.9728415,17.01,4.928027080109105e-08,17.6,BID
1243,1712612850.2129123,419460778.9728415,17.01,0.0,17.6,BID
1244,1712612869.9500446,419461131.70652753,16.99,-4.927617255029845e-08,17.6,ASK
1245,1712612880.3021824,419461131.70652753,16.99,-0.0,17.6,ASK
1246,1712612891.8810525,419463662.70652753,16.99,-3.535752133980836e-07,17.6,ASK
1247,1712612893.1191726,419466193.70652753,16.99,-3.535752133980836e-07,17.6,ASK
1248,1712612894.3436613,419471255.70652753,16.99,-7.071504267961672e-07,17.6,ASK
1249,1712612895.3792772,419500744.70652753,16.99,-4.119549374909556e-06,17.6,ASK
1250,1712612904.2850056,419501097.4402136,17.01,4.927613130454095e-08,17.6,BID
1251,1712612907.94941,419502783.4402136,16.99,-2.3553054515573641e-07,17.6,ASK
1252,1712612910.3195577,419502783.4402136,16.99,-0.0,17.6,ASK
1253,1712612931.8397777,419503136.17389965,16.99,-4.9271260341075566e-08,17.6,ASK
1254,1712612940.2133934,419503136.17389965,16.99,-0.0,17.6,ASK
1255,1712612952.3594162,419508195.17389965,16.99,-7.066608812109908e-07,17.6,ASK
1256,1712612953.2601857,419532646.17389965,16.99,-3.415411189264664e-06,17.6,ASK
1257,1712612954.4696434,419538548.17389965,16.99,-8.24414414095131e-07,17.6,ASK
1258,1712612957.5597205,419562999.17389965,16.99,-3.415411189264664e-06,17.6,ASK
1259,1712612958.5695446,419567182.4276821,16.99,-5.84333228748002e-07,17.6,ASK
1260,1712612958.5729785,419573960.17389965,16.99,-9.4674206655812e-07,17.6,ASK
1261,1712612960.2097688,419577333.17389965,16.99,-4.711538154427104e-07,17.6,ASK
1262,1712612961.6995432,419579019.17389965,16.99,-2.355070657682804e-07,17.6,ASK
1263,1712612968.9453876,419579371.90758574,17.01,4.927121910354184e-08,17.6,BID
1264,1712612969.8140936,419581057.90758574,16.99,-2.355070657682804e-07,17.6,ASK
1265,1712612970.2004952,419581057.90758574,16.99,-0.0,17.6,ASK
1266,1712612971.6102378,419604665.90758574,16.99,-3.297047942708973e-06,17.6,ASK
1267,1712612972.4493182,419628273.90758574,16.99,-3.297047942708973e-06,17.6,ASK
1268,1712612973.75969,419651038.90758574,16.99,-3.1793161816235924e-06,17.6,ASK
1269,1712612975.1930516,419675489.90758574,16.99,-3.414779703794353e-06,17.6,ASK
1270,1712612976.4328768,419699940.90758574,16.99,-3.414779703794353e-06,17.6,ASK
1271,1712612977.7305014,419724391.90758574,16.99,-3.414779703794353e-06,17.6,ASK
1272,1712612978.59979,419741254.90758574,16.99,-2.355054195946349e-06,17.6,ASK
1273,1712612983.6793866,419745470.90758574,16.99,-5.887984635064821e-07,17.6,ASK
1274,1712612985.0997517,419749686.90758574,16.99,-5.887984635064821e-07,17.6,ASK
1275,1712612985.9796832,419773294.90758574,16.99,-3.297047942708973e-06,17.6,ASK
1276,1712612987.3091464,419796902.90758574,16.99,-3.297047942708973e-06,17.6,ASK
1277,1712613000.2296617,419796902.90758574,16.99,-0.0,17.6,ASK
1278,1712613006.7397492,419799431.90758574,16.99,-3.530621650708026e-07,17.6,ASK
1279,1712613008.0439177,419802804.90758574,16.99,-4.708891588706277e-07,17.6,ASK
1280,1712613030.202283,419802804.90758574,16.99,-0.0,17.6,ASK
1281,1712613030.959722,419803157.64127177,16.99,-4.92428531133047e-08,17.6,ASK
1282,1712613034.739727,419806097.08865565,17.01,4.1035710931914425e-07,17.6,BID
1283,1712613036.3393276,419809036.5360396,17.01,4.103571093274653e-07,17.6,BID
1284,1712613060.2810202,419809036.5360396,17.01,0.0,17.6,BID
1285,1712613066.0302804,419809389.47721606,17.0,4.92710904395791e-08,17.6,BID
1286,1712613090.3087986,419809389.47721606,17.0,0.0,17.6,BID
1287,1712613093.889723,419813874.3370252,17.0,6.260922864937763e-07,17.6,BID
1288,1712613099.432983,419814227.2782017,17.0,-4.927104916972765e-08,17.6,ASK
1289,1712613120.193201,419814227.2782017,17.0,-0.0,17.6,ASK
1290,1712613129.6000736,419814579.8046412,17.02,4.9212586326421873e-08,17.6,BID
1291,1712613150.1964436,419814579.8046412,17.02,0.0,17.6,BID
1292,1712613162.8297658,419814932.3310807,17.0,-4.921254510608173e-08,17.6,ASK
1293,1712613171.302851,419823186.9526234,17.0,-1.1523417522849669e-06,17.6,ASK
1294,1712613171.3125796,419829178.3310807,17.0,-8.363939538924308e-07,17.6,ASK
1295,1712613175.380118,419847570.9549807,17.02,2.567602687085104e-06,17.6,BID
1296,1712613175.3840735,419848584.92757165,17.02,1.4155015420278892e-07,17.6,BID
1297,1712613175.3996482,419861509.1983885,17.02,1.804222859034195e-06,17.6,BID
1298,1712613180.2941985,419861509.1983885,17.02,0.0,17.6,BID
1299,1712613196.3299062,419861861.5178248,17.03,4.917816601348527e-08,17.6,BID
1300,1712613210.2963562,419861861.5178248,17.03,0.0,17.6,BID
1301,1712613225.6906152,419862083.5764509,17.0,-3.099581149494323e-08,17.6,ASK
1302,1712613225.6936157,419862213.8372611,17.0,-1.8182313323337722e-08,17.6,ASK
1303,1712613240.1799967,419862213.8372611,17.0,-0.0,17.6,ASK
1304,1712613259.0737464,419862566.1566974,17.03,4.917808371233984e-08,17.6,BID
1305,1712613270.199098,419862566.1566974,17.03,0.0,17.6,BID
1306,1712613282.650005,419863125.1281898,17.03,7.802329644963804e-08,17.6,BID
1307,1712613287.24116,419863477.4476261,17.01,-4.9178042525593214e-08,17.6,ASK
1308,1712613300.302852,419863477.4476261,17.01,-0.0,17.6,ASK
1309,1712613330.301427,419863477.4476261,17.01,-0.0,17.6,ASK
1310,1712613354.4507363,419863829.9740656,17.02,4.920683024480689e-08,17.6,BID
1311,1712613355.8097546,419867252.4470656,17.02,4.777203326155239e-07,17.6,BID
1312,1712613360.2004626,419867252.4470656,17.02,0.0,17.6,BID
1313,1712613382.3846495,419867604.9735051,17.01,-4.920638894713354e-08,17.6,ASK
1314,1712613390.1884155,419867604.9735051,17.01,-0.0,17.6,ASK
1315,1712613420.2899065,419867604.9735051,17.01,-0.0,17.6,ASK
1316,1712613450.2988183,419867604.9735051,17.01,-0.0,17.6,ASK
1317,1712613451.1502466,419867604.9740656,17.02,7.823879652910744e-14,17.6,BID
1318,1712613451.1538084,419867957.2929417,17.03,4.917737564550567e-08,17.6,BID
1319,1712613474.914452,420126532.3570024,17.03,3.60924262675952e-05,17.6,BID
1320,1712613480.2206993,420126532.3570024,17.03,0.0,17.6,BID
1321,1712613481.213505,420126884.6764391,17.0,-4.9147204197310894e-08,17.6,ASK
1322,1712613510.2111812,420126884.6764391,17.0,-0.0,17.6,ASK
1323,1712613516.560079,420127236.99587536,17.03,4.9147163093161566e-08,17.6,BID
1324,1712613534.3443778,420137997.2207075,17.03,1.501008659298806e-06,17.6,BID
1325,1712613540.3263664,420137997.2207075,17.03,0.0,17.6,BID
1326,1712613570.371186,420137997.2207075,17.03,0.0,17.6,BID
1327,1712613575.6199744,420138349.5401438,17.01,-4.9145865683901855e-08,17.6,ASK
1328,1712613600.4003048,420138349.5401438,17.01,-0.0,17.6,ASK
1329,1712613602.1798215,420139817.53779495,17.03,2.050643724762495e-07,17.6,BID
1330,1712613606.3235528,420150657.2183587,17.01,-1.5141933577971683e-06,17.6,ASK
1331,1712613606.3258798,420192709.3959594,17.0,-5.874262403719157e-06,17.6,ASK
1332,1712613614.5211215,420193061.71539575,17.03,4.921544939896253e-08,17.6,BID
1333,1712613630.3029594,420193061.71539575,17.03,0.0,17.6,BID
1334,1712613643.5003858,420193414.034832,17.0,-4.920905470964132e-08,17.6,ASK
1335,1712613653.613861,420211061.0936555,17.03,2.464794711154476e-06,17.6,BID
1336,1712613660.208345,420211061.0936555,17.03,0.0,17.6,BID
1337,1712613678.9261734,420211413.4130918,17.03,4.9206948061394095e-08,17.6,BID
1338,1712613690.2183824,420211413.4130918,17.03,0.0,17.6,BID
1339,1712613705.345696,420238541.4462078,17.03,3.7888531274960896e-06,17.6,BID
1340,1712613705.4733791,420245611.8376498,17.03,9.874904904847172e-07,17.6,BID
1341,1712613705.6200554,420252268.5406498,17.03,9.297124444033536e-07,17.6,BID
1342,1712613705.7057714,420258925.2436978,17.03,9.297124511214014e-07,17.6,BID
1343,1712613706.6201234,420263952.2143048,17.03,7.020948855607934e-07,17.6,BID
1344,1712613707.1399784,420346079.4775375,17.03,1.1470353815208962e-05,17.6,BID
1345,1712613707.1428063,420633399.68399423,17.03,4.0128750144544205e-05,17.6,BID
1346,1712613707.2306433,420633752.0034305,17.04,-4.920690682628539e-08,17.6,ASK
1347,1712613707.2357984,420635338.8578906,17.04,-2.2162898645799853e-07,17.6,ASK
1348,1712613720.298716,420635338.8578906,17.04,-0.0,17.6,ASK
1349,1712613743.3426604,420635690.55777335,17.06,4.907089775635619e-08,17.6,BID
1350,1712613750.3068104,420635690.55777335,17.06,0.0,17.6,BID
1351,1712613772.820133,420636042.2576561,17.01,-4.9070856676712294e-08,17.6,ASK
1352,1712613779.8851542,420712288.591967,17.05,1.0638254735498985e-05,17.6,BID
1353,1712613780.211309,420712288.591967,17.05,0.0,17.6,BID
1354,1712613790.5602314,420715329.2208586,17.01,-4.241658553562353e-07,17.6,ASK
1355,1712613810.1976914,420715329.2208586,17.01,-0.0,17.6,ASK
1356,1712613812.2126148,420715681.12701696,17.05,4.909033789118096e-08,17.6,BID
1357,1712613835.4300473,420715763.0508586,17.05,1.142824293643345e-08,17.6,BID
1358,1712613838.950937,420715903.6257266,17.01,-1.9609965915525362e-08,17.6,ASK
1359,1712613838.9541578,420716114.95701694,17.05,-2.948037197565559e-08,17.6,ASK
1360,1712613840.3001842,420716114.95701694,17.05,-0.0,17.6,ASK
1361,1712613851.8147628,420721925.95701694,17.05,-8.106235536067414e-07,17.6,ASK
1362,1712613864.2103262,420801518.95701694,17.06,1.1103073567754494e-05,17.6,BID
1363,1712613864.2207875,420806643.844933,17.07,7.149122103471467e-07,17.6,BID
1364,1712613864.2245817,420915843.844933,17.07,1.523319429596561e-05,17.6,BID
1365,1712613864.227562,420980258.15787166,17.06,8.985675315349808e-06,17.6,BID
1366,1712613864.230461,422994919.5129631,17.07,0.0002810414639439,17.6,BID
1367,1712613870.3026092,422994919.5129631,17.07,0.0,17.6,BID
1368,1712613880.610209,422995270.80101925,17.08,4.873955411212367e-08,17.6,BID
1369,1712613900.2170386,422995270.80101925,17.08,0.0,17.6,BID
1370,1712613906.161003,422995599.1829171,17.03,-4.5569882501778426e-08,17.6,ASK
1371,1712613906.1656475,422995622.08907545,17.05,-3.1787103684999715e-09,17.6,ASK
1372,1712613930.2045135,422995622.08907545,17.05,-0.0,17.6,ASK
1373,1712613937.910071,422995914.8291223,17.08,4.062379366804392e-08,17.6,BID
1374,1712613948.9203002,422996266.3229712,17.07,4.877711042580351e-08,17.6,BID
1375,1712613960.2997055,422996266.3229712,17.07,0.0,17.6,BID
1376,1712613971.2290208,422996617.81682,17.04,-4.8777035968649695e-08,17.6,ASK
1377,1712613979.0099766,422996969.5167028,17.06,4.880562742843016e-08,17.6,BID
1378,1712613981.9007266,423020594.8186311,17.04,-3.278498914463342e-06,17.6,ASK
1379,1712613981.9046254,423085010.1641605,17.04,-8.938960485389714e-06,17.6,ASK
1380,1712613990.307464,423085010.1641605,17.04,-0.0,17.6,ASK
1381,1712614013.4004114,423085432.54627776,17.06,5.8601950704002416e-08,17.6,BID
1382,1712614013.4401915,423085784.2461605,17.06,-4.8795387750815314e-08,17.6,ASK
1383,1712614019.390264,423096733.49358606,17.06,-1.5191155866715953e-06,17.6,ASK
1384,1712614020.221144,423096733.49358606,17.06,-0.0,17.6,ASK
1385,1712614023.2001195,423126908.7928063,17.06,4.186451694404871e-06,17.6,BID
1386,1712614026.911286,423138059.7928063,17.05,-1.547064123657772e-06,17.6,ASK
1387,1712614026.9163003,423149789.9980849,17.05,-1.6274217334431935e-06,17.6,ASK
1388,1712614026.9208548,423185594.23881567,17.04,-4.967398108633213e-06,17.6,ASK
1389,1712614045.2328334,423185945.5268719,17.08,4.8736897937461694e-08,17.6,BID
1390,1712614050.2114708,423185945.5268719,17.08,0.0,17.6,BID
1391,1712614050.597945,423190559.1760719,17.08,6.399520469839494e-07,17.6,BID
1392,1712614080.2943926,423190559.1760719,17.08,0.0,17.6,BID
1393,1712614084.4701684,423231598.9606293,17.08,5.692501950222836e-06,17.6,BID
1394,1712614094.5300834,423235126.9606293,17.08,-4.893579997306265e-07,17.6,ASK
1395,1712614106.7503352,423235694.8335499,17.05,-7.876790151412747e-08,17.6,ASK
1396,1712614106.7535195,423235722.1987245,17.08,-3.7957389740351505e-09,17.6,ASK
1397,1712614108.5601263,423236073.4867807,17.05,-4.8726082910640194e-08,17.6,ASK
1398,1712614110.3055863,423236073.4867807,17.05,-0.0,17.6,ASK
1399,1712614140.181655,423236073.4867807,17.05,-0.0,17.6,ASK
1400,1712614143.6004488,423236424.3639737,17.1,4.8663846172291824e-08,17.6,BID
1401,1712614170.2083044,423236424.3639737,17.1,0.0,17.6,BID
1402,1712614170.5542064,423241038.3990614,17.1,6.399290446607772e-07,17.6,BID
1403,1712614170.5562055,423242272.31719005,17.1,1.711343833021753e-07,17.6,BID
1404,1712614172.7603204,423242623.194383,17.05,-4.8663805676619824e-08,17.6,ASK
1405,1712614200.2418995,423242623.194383,17.05,-0.0,17.6,ASK
1406,1712614214.2351732,423242932.694383,17.08,4.2983725899546473e-08,17.6,BID
1407,1712614214.240061,423242974.4824392,17.08,5.8035746473388205e-09,17.6,BID
1408,1712614227.04031,423244730.92272025,17.08,2.439365027427044e-07,17.6,BID
1409,1712614230.1922307,423244730.92272025,17.08,0.0,17.6,BID
1410,1712614231.5800529,423256070.5948514,17.08,1.5748591977882343e-06,17.6,BID
1411,1712614235.0705478,423263316.1381737,17.08,1.0062645914444155e-06,17.6,BID
1412,1712614235.0752854,423263852.65777904,17.09,7.451210453803712e-08,17.6,BID
1413,1712614242.640684,423264203.9458352,17.05,-4.878705662513764e-08,17.6,ASK
1414,1712614260.368505,423264203.9458352,17.05,-0.0,17.6,ASK
1415,1712614262.5010903,423273903.9458352,17.05,-1.3470785096127016e-06,17.6,ASK
1416,1712614273.119985,423277438.9458352,17.06,-4.909198486062784e-07,17.6,ASK
1417,1712614274.6899078,423277790.2338914,17.08,4.878480321480518e-08,17.6,BID
1418,1712614275.4498713,423279846.2338914,17.06,-2.855250944086304e-07,17.6,ASK
1419,1712614277.0799663,423281794.2338914,17.06,-2.705266945077879e-07,17.6,ASK
1420,1712614277.7438889,423288471.2139616,17.06,-9.272594187178414e-07,17.6,ASK
1421,1712614281.9831052,423290474.30798256,17.06,-2.7817782561369693e-07,17.6,ASK
1422,1712614290.310146,423290474.30798256,17.06,-0.0,17.6,ASK
1423,1712614303.3219802,423290825.5960388,17.07,-4.878176767035552e-08,17.6,ASK
1424,1712614320.2890844,423290825.5960388,17.07,-0.0,17.6,ASK
1425,1712614323.080001,423297088.4778295,17.07,-8.696970610668605e-07,17.6,ASK
1426,1712614323.867161,423304609.4778295,17.07,-1.044406044185141e-06,17.6,ASK
1427,1712614329.550009,423306079.7792974,17.07,-2.041738784529123e-07,17.6,ASK
1428,1712614338.8206885,423306410.8845543,17.09,4.5979036242999144e-08,17.6,BID
1429,1712614338.8257306,423306430.8734981,17.08,2.775770997906307e-09,17.6,BID
1430,1712614350.201049,423306430.8734981,17.08,0.0,17.6,BID
1431,1712614368.6899862,423306781.9676988,17.07,-4.8753003761014294e-08,17.6,ASK
1432,1712614380.275665,423306781.9676988,17.07,-0.0,17.6,ASK
1433,1712614386.1409135,423311804.9676988,17.07,-6.97494101657442e-07,17.6,ASK
1434,1712614387.304679,423337572.9676988,17.07,-3.5781461301033176e-06,17.6,ASK
1435,1712614388.3144298,423345540.9535052,17.07,-1.1064350193310088e-06,17.6,ASK
1436,1712614388.3194666,423362519.9676988,17.07,-2.3577069981979987e-06,17.6,ASK
1437,1712614389.5310214,423387466.9676988,17.07,-3.4641420175290075e-06,17.6,ASK
1438,1712614390.8802876,423410906.9676988,17.07,-3.254879901025371e-06,17.6,ASK
1439,1712614391.7797723,423417330.9676988,17.07,-8.920370513731648e-07,17.6,ASK
1440,1712614400.1825073,423418981.7935566,17.09,2.292337843304261e-07,17.6,BID
1441,1712614400.3405008,423495255.72971904,17.09,-1.0591403659868668e-05,17.6,ASK
1442,1712614400.344788,423592872.219893,17.09,-1.3555032076620246e-05,17.6,ASK
1443,1712614405.2894852,423593223.097086,17.1,4.872282948547645e-08,17.6,BID
1444,1712614405.4043863,423617843.097086,17.07,-3.418734776588935e-06,17.6,ASK
1445,1712614410.2901263,423617843.097086,17.07,-0.0,17.6,ASK
1446,1712614412.989964,423634478.097086,17.07,-2.308234126998868e-06,17.6,ASK
1447,1712614414.0898318,423636554.097086,17.07,-2.880609586804719e-07,17.6,ASK
1448,1712614440.2367756,423636554.097086,17.07,-0.0,17.6,ASK
1449,1712614466.81015,423636557.7115565,17.07,-5.01513338162233e-10,17.6,ASK
1450,1712614466.8134713,423636904.974279,17.06,-4.81832368115375e-08,17.6,ASK
1451,1712614470.2047043,423636904.974279,17.06,-0.0,17.6,ASK
1452,1712614500.228139,423636904.974279,17.06,-0.0,17.6,ASK
1453,1712614501.4029546,423637256.0567834,17.09,4.874401554695415e-08,17.6,BID
1454,1712614530.21086,423637256.0567834,17.09,0.0,17.6,BID
1455,1712614560.290192,423637256.0567834,17.09,0.0,17.6,BID
1456,1712614562.0899374,423637607.13928777,17.06,-4.8743974941505974e-08,17.6,ASK
1457,1712614564.4442668,423748807.13928777,17.04,-1.5438906654968215e-05,17.6,ASK
1458,1712614564.4499898,423790506.3670975,17.06,-5.789482785419359e-06,17.6,ASK
1459,1712614564.4520583,423941079.4140458,17.04,-2.090542460961477e-05,17.6,ASK
1460,1712614564.4539983,425143758.72260153,17.04,-0.0001669788991065,17.6,ASK
1461,1712614590.2999244,425143758.72260153,17.04,-0.0,17.6,ASK
1462,1712614602.940527,425658722.3482999,17.04,-7.124315362384846e-05,17.6,ASK
1463,1712614602.9458344,425708466.3482999,17.04,-6.881883024375743e-06,17.6,ASK
1464,1712614620.2019224,425708466.3482999,17.04,-0.0,17.6,ASK
1465,1712614628.2446084,425788059.3482999,17.08,1.0996733130732711e-05,17.6,BID
1466,1712614628.2493343,425894459.3482999,17.08,1.4700443570539626e-05,17.6,BID
1467,1712614628.2525702,426003659.3482999,17.09,1.5087297348711722e-05,17.6,BID
1468,1712614628.2545612,426020128.5383255,17.1,2.2754172802947046e-06,17.6,BID
1469,1712614628.25659,426043972.1304965,17.09,3.294279898768254e-06,17.6,BID
1470,1712614628.2586017,426044621.2533035,17.1,8.968414656987467e-08,17.6,BID
1471,1712614650.182726,426044621.2533035,17.1,0.0,17.6,BID
1472,1712614652.9999614,426045206.7333972,17.08,8.082700236245709e-08,17.6,BID
1473,1712614666.3699074,426045558.0214534,17.08,4.849620141747426e-08,17.6,BID
1474,1712614680.300732,426045558.0214534,17.08,0.0,17.6,BID
1475,1712614690.119997,426045909.3095096,17.03,-4.849609430557433e-08,17.6,ASK
1476,1712614696.7701347,426046260.5975658,17.08,4.849609429734578e-08,17.6,BID
1477,1712614710.2801523,426046260.5975658,17.08,0.0,17.6,BID
1478,1712614725.826849,426046611.885622,17.04,-4.849601407515314e-08,17.6,ASK
1479,1712614736.1700523,426046992.4476829,17.08,5.253734858347304e-08,17.6,BID
1480,1712614740.2153797,426046992.4476829,17.08,0.0,17.6,BID
1481,1712614770.2032003,426046992.4476829,17.08,0.0,17.6,BID
1482,1712614791.2200208,426047343.7357391,17.08,4.849593048223311e-08,17.6,BID
1483,1712614795.371627,426110090.66879416,17.08,8.662323838654634e-06,17.6,BID
1484,1712614795.3777814,426222987.7638421,17.08,1.5585641403235406e-05,17.6,BID
1485,1712614800.2451975,426222987.7638421,17.08,0.0,17.6,BID
1486,1712614830.1954353,426222987.7638421,17.08,0.0,17.6,BID
1487,1712614852.7432368,426223339.0518983,17.04,-4.847601449929145e-08,17.6,ASK
1488,1712614860.2957425,426223339.0518983,17.04,-0.0,17.6,ASK
1489,1712614885.5818732,426223690.33995456,17.08,4.8475974464844986e-08,17.6,BID
1490,1712614890.32809,426223690.33995456,17.08,0.0,17.6,BID
1491,1712614908.6380544,426224040.399117,17.08,4.8306353339413334e-08,17.6,BID
1492,1712614915.892365,426224391.6871732,17.04,-4.8475934320017785e-08,17.6,ASK
1493,1712614920.1873078,426224391.6871732,17.04,-0.0,17.6,ASK
1494,1712614950.2119336,426224391.6871732,17.04,-0.0,17.6,ASK
1495,1712614957.163304,426225000.3298999,17.04,-8.398940871913139e-08,17.6,ASK
1496,1712614969.6039655,426289767.1692781,17.04,-8.937473997759894e-06,17.6,ASK
1497,1712614969.6175065,426463956.9367151,17.04,-2.403724702472359e-05,17.6,ASK
1498,1712614969.6201437,426464485.1057292,17.04,-7.288447105384425e-08,17.6,ASK
1499,1712614969.634357,426900047.4150762,17.04,6.0105246011201415e-05,17.6,BID
1500,1712614969.637144,426905558.5341381,17.07,7.605046623798147e-07,17.6,BID
1501,1712614969.6397371,427445194.70939,17.07,7.44668773537364e-05,17.6,BID
1502,1712614969.7158103,427493117.07969856,17.06,-6.6130282511245335e-06,17.6,ASK
1503,1712614969.7184217,427509961.54876816,17.06,-2.324445746635361e-06,17.6,ASK
1504,1712614980.313324,427509961.54876816,17.06,-0.0,17.6,ASK
1505,1712615010.2942572,427509961.54876816,17.06,-0.0,17.6,ASK
1506,1712615014.3641362,427510313.042617,17.07,4.835806002587104e-08,17.6,BID
1507,1712615018.0638175,427543570.1545093,17.07,4.575469580438106e-06,17.6,BID
1508,1712615020.6151128,427543727.1320905,17.06,-2.159676854097709e-08,17.6,ASK
1509,1712615020.6209817,427548210.1545093,17.06,-6.16768310243785e-07,17.6,ASK
1510,1712615021.1140008,427551549.9231852,17.06,-4.594809685273142e-07,17.6,ASK
1511,1712615040.215915,427551549.9231852,17.06,-0.0,17.6,ASK
1512,1712615051.9843931,427551848.6929568,17.07,4.110033724355964e-08,17.6,BID
1513,1712615053.7246234,427552200.1868056,17.06,-4.83533379360112e-08,17.6,ASK
1514,1712615055.415025,427579617.0443394,17.06,-3.771606762890868e-06,17.6,ASK
1515,1712615070.20485,427579617.0443394,17.06,-0.0,17.6,ASK
1516,1712615083.314985,427579968.74422216,17.06,4.837849434187879e-08,17.6,BID
1517,1712615084.915264,427597647.3923294,17.04,-2.431807399964445e-06,17.6,ASK
1518,1712615085.0757017,427597946.9729165,17.04,-4.120916284406671e-08,17.6,ASK
1519,1712615100.3053548,427597946.9729165,17.04,-0.0,17.6,ASK
1520,1712615107.5838857,427599119.3058591,17.06,1.6127406101696885e-07,17.6,BID
1521,1712615117.635623,427599471.0057419,17.04,-4.838221831083039e-08,17.6,ASK
1522,1712615130.2963595,427599471.0057419,17.04,-0.0,17.6,ASK
1523,1712615160.23439,427599471.0057419,17.04,-0.0,17.6,ASK
1524,1712615182.4892907,427599822.70562464,17.06,4.8382045299638144e-08,17.6,BID
1525,1712615190.2103982,427599822.70562464,17.06,0.0,17.6,BID
1526,1712615207.7265534,427600588.033467,17.06,1.0528321899313005e-07,17.6,BID
1527,1712615209.0766554,427600939.73334974,17.06,-4.8382005365242553e-08,17.6,ASK
1528,1712615220.3020248,427600939.73334974,17.06,-0.0,17.6,ASK
1529,1712615235.5866926,427601257.7359858,17.06,-4.3746289566338255e-08,17.6,ASK
1530,1712615235.7466848,427603567.7359858,17.06,-3.177770163968132e-07,17.6,ASK
1531,1712615237.026719,427617699.7359858,17.06,-1.944079998147084e-06,17.6,ASK
1532,1712615247.2315564,427618872.0689284,17.06,-1.6127292844405982e-07,17.6,ASK
1533,1712615250.31873,427618872.0689284,17.06,-0.0,17.6,ASK
1534,1712615280.212208,427618872.0689284,17.06,-0.0,17.6,ASK
1535,1712615286.0678444,427622176.1914254,17.08,4.54515152686218e-07,17.6,BID
1536,1712615286.0736768,427718872.0689284,17.08,1.330148672363195e-05,17.6,BID
1537,1712615310.1979887,427718872.0689284,17.08,0.0,17.6,BID
1538,1712615312.9977648,427719223.35698456,17.08,4.831184061312218e-08,17.6,BID
1539,1712615326.7838614,427743876.8215816,17.08,3.390534437963752e-06,17.6,BID
1540,1712615326.786601,427744736.1936356,17.08,1.1818746742779192e-07,17.6,BID
1541,1712615337.1279745,427745087.48169184,17.06,-4.8311840621319483e-08,17.6,ASK
1542,1712615340.2347765,427745087.48169184,17.06,-0.0,17.6,ASK
1543,1712615370.2074373,427745087.48169184,17.06,-0.0,17.6,ASK
1544,1712615371.9985693,427745438.769748,17.08,4.8308865833531625e-08,17.6,BID
1545,1712615400.3381865,427745438.769748,17.08,0.0,17.6,BID
1546,1712615430.22692,427745438.769748,17.08,0.0,17.6,BID
1547,1712615434.8586724,427745790.0578042,17.06,-4.8319643207288855e-08,17.6,ASK
1548,1712615460.3119266,427745790.0578042,17.06,-0.0,17.6,ASK
1549,1712615473.2703,427746141.3458604,17.08,4.831960337583978e-08,17.6,BID
1550,1712615490.309663,427746141.3458604,17.08,0.0,17.6,BID
1551,1712615497.051231,427798333.8582386,17.08,7.179063937675207e-06,17.6,BID
1552,1712615499.6994765,427798685.1462948,17.08,-4.831956349776077e-08,17.6,ASK
1553,1712615520.2203703,427798685.1462948,17.08,-0.0,17.6,ASK
1554,1712615520.2756374,427810908.1852386,17.08,-1.6810677096526289e-06,17.6,ASK
1555,1712615533.1609788,427820908.1852386,17.07,-1.3753271321299335e-06,17.6,ASK
1556,1712615533.166185,427830908.1852386,17.07,-1.3753271321299335e-06,17.6,ASK
1557,1712615542.5818317,427831259.267743,17.09,4.8285329390599074e-08,17.6,BID
