,time,acc_trade_volume,trade_price,dev,high,ask_bid
0,1712601588.4953868,239032501.54166943,887.5,0.0,888.0,BID
1,1712601590.2567031,239033086.11728123,887.4,-2.661787196015593e-09,888.0,ASK
2,1712601592.0473611,239038083.6441141,887.4,-2.2755572876568938e-08,888.0,ASK
3,1712601592.0488875,239043033.5277479,887.4,-2.2538635914520814e-08,888.0,ASK
4,1712601592.0503948,239043043.5277479,887.4,-4.553366822737331e-11,888.0,ASK
5,1712601592.0519192,239047395.14875323,887.3,-1.98145267107806e-08,888.0,ASK
6,1712601592.053424,239052972.36372185,887.4,-2.5395105601396212e-08,888.0,ASK
7,1712601592.0863683,239053085.0397782,887.5,5.130554167248223e-10,888.0,BID
8,1712601594.8366258,239053091.0397782,887.5,2.7320200936423983e-11,888.0,BID
9,1712601594.8964045,239053622.78769475,887.5,2.421243321275937e-09,888.0,BID
10,1712601597.0865486,239054311.7437153,887.5,3.13706948622483e-09,888.0,BID
11,1712601597.266973,239054411.7437153,887.5,4.553366822737331e-10,888.0,BID
12,1712601597.268748,239054650.2661965,887.5,1.086080352658491e-09,888.0,BID
13,1712601597.4865267,239054656.2661965,887.5,2.7320200936423983e-11,888.0,BID
14,1712601600.0979617,239054656.2661965,887.5,0.0,888.0,BID
15,1712601600.5769184,239054662.2661965,887.4,2.732065461543253e-11,888.0,BID
16,1712601603.9164753,239054668.2661965,887.4,2.732065461543253e-11,888.0,BID
17,1712601604.5565696,239054780.9295584,887.4,5.13006132807722e-10,888.0,BID
18,1712601607.026193,239054786.9295584,887.4,2.732065461543253e-11,888.0,BID
19,1712601610.6165996,239054931.58633423,887.4,6.58686301715488e-10,888.0,BID
20,1712601610.6567545,239055074.2942766,887.4,6.498124007128219e-10,888.0,BID
21,1712601612.112297,239055081.0556018,887.4,3.078730513568684e-11,888.0,BID
22,1712601612.566754,239057747.6036923,887.4,1.2141973232609348e-08,888.0,BID
23,1712601612.5685089,239065388.6577845,887.4,3.4793099958465936e-08,888.0,BID
24,1712601612.8066356,239065508.98075032,887.5,5.4788369862689e-10,888.0,BID
25,1712601612.8084223,239065580.1113056,887.5,3.2388888886550703e-10,888.0,BID
26,1712601615.1963477,239065609.11455065,887.4,-1.3206460667977379e-10,888.0,ASK
27,1712601616.5963335,239065615.11455065,887.5,2.732065461543253e-11,888.0,BID
28,1712601619.2265627,239066335.37038293,887.5,3.279643471569184e-09,888.0,BID
29,1712601619.7368677,239067461.03874403,887.4,-5.125666084177803e-09,888.0,ASK
30,1712601619.7388408,239068686.6632045,887.4,-5.5808104291436935e-09,888.0,ASK
31,1712601619.74082,239069416.91903687,887.3,-3.325177895792535e-09,888.0,ASK
32,1712601619.9163,239069422.91903687,887.3,2.732065461543253e-11,888.0,BID
33,1712601622.5664167,239069429.68036208,887.2,-3.078730513568684e-11,888.0,ASK
34,1712601623.1883314,239069435.68036208,887.3,2.732065461543253e-11,888.0,BID
35,1712601626.4364872,239069441.68036208,887.3,2.732065461543253e-11,888.0,BID
36,1712601629.5665708,239069447.68036208,887.3,2.732065461543253e-11,888.0,BID
37,1712601630.0784,239069447.68036208,887.3,0.0,888.0,BID
38,1712601630.7763343,239069673.0324748,887.3,1.0260665468504967e-09,888.0,BID
39,1712601635.5366812,239072215.60589275,887.3,1.1576769776323637e-08,888.0,BID
40,1712601635.9169648,239073859.1254196,887.3,7.483224299495829e-09,888.0,BID
41,1712601636.2964869,239074921.4964868,887.3,4.837156392525247e-09,888.0,BID
42,1712601636.4565418,239077175.5255637,887.3,1.0262978252074158e-08,888.0,BID
43,1712601636.7164454,239077862.54555595,887.3,3.128119025071605e-09,888.0,BID
44,1712601640.0086534,239077868.54555595,887.3,2.7319021809334736e-11,888.0,BID
45,1712601643.1062417,239077874.54555595,887.3,2.7319021809334736e-11,888.0,BID
46,1712601643.1866784,239078101.7692919,887.3,1.034588366374058e-09,888.0,BID
47,1712601643.188475,239084418.2071186,887.3,2.8759817124122423e-08,888.0,BID
48,1712601644.3462484,239084424.96920583,887.3,3.0788934733561406e-11,888.0,BID
49,1712601645.9962502,239084430.96920583,887.3,2.7319021809334736e-11,888.0,BID
50,1712601648.8262403,239084436.96920583,887.3,2.7319021809334736e-11,888.0,BID
51,1712601651.6362617,239084442.96920583,887.3,2.7319021809334736e-11,888.0,BID
52,1712601651.7586415,239085071.9338025,887.3,2.863782922101829e-09,888.0,BID
53,1712601651.7605543,239085129.63739944,887.3,2.627343041951508e-10,888.0,BID
54,1712601653.6660826,239085318.88640395,887.3,8.61682946812009e-10,888.0,BID
55,1712601653.7259076,239085461.97909608,887.3,6.51525396206781e-10,888.0,BID
56,1712601654.736341,239085468.7411833,887.2,-3.0788934733561406e-11,888.0,ASK
57,1712601655.0561786,239085474.7411833,887.3,2.7319021809334736e-11,888.0,BID
58,1712601656.5364366,239086474.7411833,887.2,-4.5531703015557894e-09,888.0,ASK
59,1712601656.7762794,239088987.87716725,887.3,1.144273612586473e-08,888.0,BID
60,1712601656.7777958,239095834.816046,887.3,3.1175278758997315e-08,888.0,BID
61,1712601656.786072,239097195.83503884,887.3,6.196951258329512e-09,888.0,BID
62,1712601658.0295532,239097201.83503884,887.5,2.7319021809334736e-11,888.0,BID
63,1712601658.6263227,239097402.2727062,887.5,9.126268343814847e-10,888.0,BID
64,1712601658.6285243,239097749.9105318,887.5,1.582854223121235e-09,888.0,BID
65,1712601659.8361006,239104097.9412223,887.5,2.8903664813444915e-08,888.0,BID
66,1712601660.13882,239104097.9412223,887.5,0.0,888.0,BID
67,1712601660.7965612,239104103.9412223,887.5,2.731519784958939e-11,888.0,BID
68,1712601661.4164746,239105137.63053432,887.5,4.705904678764416e-09,888.0,BID
69,1712601661.4260736,239112023.9412223,887.5,3.135015648269357e-08,888.0,BID
70,1712601663.465932,239112029.9412223,887.5,2.731519784958939e-11,888.0,BID
71,1712601663.7263477,239112113.84741595,887.5,3.8198571336443085e-10,888.0,BID
72,1712601663.7279456,239116640.6329248,887.5,2.06083402993066e-08,888.0,BID
73,1712601664.6165185,239116647.883736,887.4,-3.3009557306157866e-11,888.0,ASK
74,1712601666.1561556,239116653.883736,887.5,2.731519784958939e-11,888.0,BID
75,1712601668.3471577,239119216.6837906,887.5,1.1667231756631742e-08,888.0,BID
76,1712601668.3483553,239119222.6837906,887.5,2.731519784958939e-11,888.0,BID
77,1712601668.349351,239121071.66035804,887.6,8.417526793179088e-09,888.0,BID
78,1712601668.3503227,239121191.72705376,887.5,5.466075914561804e-10,888.0,BID
79,1712601668.3513234,239121265.87211668,887.6,3.3754784388729717e-10,888.0,BID
80,1712601668.966112,239121271.87211668,887.6,2.731519784958939e-11,888.0,BID
81,1712601670.2767148,239121349.7394752,887.6,3.5449371726813476e-10,888.0,BID
82,1712601670.2782977,239122386.80311668,887.6,4.72126642497924e-09,888.0,BID
83,1712601670.2799385,239122396.80311668,887.6,4.552532974931565e-11,888.0,BID
84,1712601671.8598366,239122402.80311668,887.6,2.731519784958939e-11,888.0,BID
85,1712601671.916426,239123017.38331297,887.6,2.7978966093556396e-09,888.0,BID
86,1712601672.3363695,239123474.6932503,887.6,2.0819185694500633e-09,888.0,BID
87,1712601672.7672625,239124745.28476587,887.6,5.784409772304699e-09,888.0,BID
88,1712601672.769328,239124759.1779528,887.6,6.324919147565908e-11,888.0,BID
89,1712601672.7713494,239124809.1779528,887.6,2.2762664874657822e-10,888.0,BID
90,1712601672.772966,239127342.3095047,887.7,1.1532164919961597e-08,888.0,BID
91,1712601672.7745762,239127355.03590128,887.6,5.793734013017708e-11,888.0,BID
92,1712601672.7762525,239127468.5969803,887.7,5.169905569313444e-10,888.0,BID
93,1712601673.466264,239128346.8171208,887.4,-3.998126148815897e-09,888.0,ASK
94,1712601674.5462866,239128352.8171208,887.7,2.731519784958939e-11,888.0,BID
95,1712601676.6563382,239128359.576161,887.7,3.077075341975689e-11,888.0,BID
96,1712601676.8361473,239128942.4291689,887.6,-2.6534575381959988e-09,888.0,ASK
97,1712601676.9363165,239131331.911426,887.6,1.0878196768316688e-08,888.0,BID
98,1712601677.0362864,239133714.4547141,887.6,1.0846606883330329e-08,888.0,BID
99,1712601677.216236,239133720.4547141,887.6,2.731519784958939e-11,888.0,BID
100,1712601677.2361984,239134898.574377,887.6,5.363428613680545e-09,888.0,BID
101,1712601677.505857,239135773.5609269,887.6,3.983405121240233e-09,888.0,BID
102,1712601679.845875,239135779.5609269,887.6,2.731519784958939e-11,888.0,BID
103,1712601680.7958934,239138355.5235018,887.6,1.1727154564282536e-08,888.0,BID
104,1712601683.076324,239138361.5235018,887.7,2.731519784958939e-11,888.0,BID
105,1712601683.136064,239139556.5319556,887.6,-5.4403153911844466e-09,888.0,ASK
106,1712601684.5861664,239139755.14321408,887.7,9.041843034090739e-10,888.0,BID
107,1712601685.006967,239147250.50837287,887.6,-3.4122897044573366e-08,888.0,ASK
108,1712601685.0093591,239147475.91128057,887.3,-1.026154169946731e-09,888.0,ASK
109,1712601685.0117924,239147550.4558388,887.2,-3.393665592947308e-10,888.0,ASK
110,1712601685.0142164,239147559.8281305,887.1,-4.266766721412504e-11,888.0,ASK
111,1712601685.0166464,239160662.47709027,887.3,-5.965024144824149e-08,888.0,ASK
112,1712601685.0193658,239162727.3659823,887.4,-9.400474770512605e-09,888.0,ASK
113,1712601685.0204062,239162737.3659823,887.1,-4.552532974931565e-11,888.0,ASK
114,1712601685.0215087,239162860.4208497,887.2,-5.60211341639995e-10,888.0,ASK
115,1712601685.86614,239162866.4208497,887.7,2.731519784958939e-11,888.0,BID
116,1712601688.4964802,239162873.17988992,887.1,-3.077075341975689e-11,888.0,ASK
117,1712601689.106145,239162879.17988992,887.6,2.731519784958939e-11,888.0,BID
118,1712601690.1260548,239162879.17988992,887.6,0.0,888.0,BID
119,1712601692.7959385,239163800.30831668,887.3,-4.192471833499561e-09,888.0,ASK
120,1712601693.13595,239164721.43674344,887.3,-4.192471833499561e-09,888.0,ASK
121,1712601693.976039,239164727.43674344,887.6,2.7308712086397888e-11,888.0,BID
122,1712601696.526287,239164733.43674344,887.6,2.7308712086397888e-11,888.0,BID
123,1712601699.1587777,239164739.43674344,887.6,2.7308712086397888e-11,888.0,BID
124,1712601699.2563658,239165866.0703621,887.6,5.127818853514677e-09,888.0,BID
125,1712601702.4364843,239166787.1987889,887.3,-4.192471833499561e-09,888.0,ASK
126,1712601702.43909,239168363.250175,887.3,-7.1733222558725465e-09,888.0,ASK
127,1712601702.5759664,239168475.91353688,887.2,-5.127818853650321e-10,888.0,ASK
128,1712601702.6760323,239169397.04196364,887.2,4.192471833499561e-09,888.0,BID
129,1712601706.1260386,239169403.04196364,887.4,2.7308712086397888e-11,888.0,BID
130,1712601709.0997844,239169409.04196364,887.5,2.7308712086397888e-11,888.0,BID
131,1712601710.9464824,239171721.54508543,887.5,1.0525246991991457e-08,888.0,BID
132,1712601710.9481442,239171733.3001107,887.4,5.35024334335414e-11,888.0,BID
133,1712601710.949648,239172788.94281983,887.5,4.804707135119035e-09,888.0,BID
134,1712601711.7861266,239172794.94281983,887.5,2.7308712086397888e-11,888.0,BID
135,1712601714.485954,239172800.94281983,887.5,2.7308712086397888e-11,888.0,BID
136,1712601717.615975,239172806.94281983,887.5,2.7308712086397888e-11,888.0,BID
137,1712601720.0862484,239172806.94281983,887.5,0.0,888.0,BID
138,1712601720.227829,239172812.94281983,887.5,2.7307617119428248e-11,888.0,BID
139,1712601722.9561896,239172818.94281983,887.5,2.7307617119428248e-11,888.0,BID
140,1712601725.6458,239172824.94281983,887.5,2.7307617119428248e-11,888.0,BID
141,1712601728.3557622,239172830.94281983,887.5,2.7307617119428248e-11,888.0,BID
142,1712601732.6960528,239175219.1154941,887.5,1.0869217500531832e-08,888.0,BID
143,1712601733.5561466,239177816.842818,887.5,1.1822957190378608e-08,888.0,BID
144,1712601734.6562405,239177822.842818,887.5,2.7307617119428248e-11,888.0,BID
145,1712601737.3258245,239177828.842818,887.5,2.7307617119428248e-11,888.0,BID
146,1712601740.1157951,239177834.842818,887.5,2.7307617119428248e-11,888.0,BID
147,1712601742.8259726,239177840.842818,887.5,2.7307617119428248e-11,888.0,BID
148,1712601745.7659967,239177846.842818,887.5,2.7307617119428248e-11,888.0,BID
149,1712601746.3671358,239178422.8942041,887.2,-2.621765115401779e-09,888.0,ASK
150,1712601746.369903,239178998.94559017,887.2,-2.6217651152661404e-09,888.0,ASK
151,1712601746.372441,239179204.4106065,887.0,-9.351266662533418e-10,888.0,ASK
152,1712601746.3752096,239179416.8601389,887.2,-9.669150814186191e-10,888.0,ASK
153,1712601746.3773675,239179433.43267864,887.1,-7.542609488120572e-11,888.0,ASK
154,1712601748.4778316,239179439.43267864,887.5,2.7307617119428248e-11,888.0,BID
155,1712601748.6759636,239179808.6202913,887.5,1.680272328728616e-09,888.0,BID
156,1712601750.080006,239179808.6202913,887.5,0.0,888.0,BID
157,1712601751.145836,239179814.6202913,887.5,2.730684490433461e-11,888.0,BID
158,1712601754.015746,239179820.6202913,887.5,2.730684490433461e-11,888.0,BID
159,1712601754.655648,239179829.6202913,887.5,4.0960267356501905e-11,888.0,BID
160,1712601757.1258318,239179835.6202913,887.5,2.730684490433461e-11,888.0,BID
161,1712601759.0657854,239179948.29634765,887.5,5.128045990851235e-10,888.0,BID
162,1712601764.5457573,239180175.65324265,887.5,1.034733244948176e-09,888.0,BID
163,1712601764.56613,239180176.8899713,887.5,5.628526321938949e-12,888.0,BID
164,1712601764.568935,239180483.77761883,887.5,1.396688898933345e-09,888.0,BID
165,1712601764.6297696,239180795.0114725,887.5,1.4164690950459902e-09,888.0,BID
166,1712601764.6325967,239181158.6061141,887.5,1.6547704148944139e-09,888.0,BID
167,1712601765.5568216,239185170.60014823,887.5,1.8259149807495136e-08,888.0,BID
168,1712601765.5597491,239186472.4702635,887.5,5.924994220590551e-09,888.0,BID
169,1712601765.5627346,239189045.93005785,887.5,1.1712177911941993e-08,888.0,BID
170,1712601768.5256202,239189051.93005785,887.5,2.730684490433461e-11,888.0,BID
171,1712601771.3558064,239189057.93005785,887.5,2.730684490433461e-11,888.0,BID
172,1712601774.1059933,239189063.93005785,887.5,2.730684490433461e-11,888.0,BID
173,1712601774.1259017,239189073.93005785,887.0,-4.5511408173891005e-11,888.0,ASK
174,1712601774.1281855,239189779.59346828,887.0,-3.211573550524062e-09,888.0,ASK
175,1712601774.130464,239189805.3387896,887.0,-1.1717058264163858e-10,888.0,ASK
176,1712601776.997387,239189811.3387896,887.2,2.730684490433461e-11,888.0,BID
177,1712601777.3779747,239190264.9471909,887.2,2.064435710531592e-09,888.0,BID
178,1712601777.382708,239191404.80684423,887.5,5.18766179433734e-09,888.0,BID
179,1712601778.6583412,239194473.3102052,887.5,1.3965190893939718e-08,888.0,BID
180,1712601778.6628854,239194490.6309421,887.2,7.882911316744094e-11,888.0,BID
181,1712601778.66516,239196350.85838583,887.5,8.466157048628011e-09,888.0,BID
182,1712601778.6674588,239197139.6795203,887.5,3.590036062741337e-09,888.0,BID
183,1712601780.1295907,239197139.6795203,887.5,0.0,888.0,BID
184,1712601782.4364903,239197145.6795203,887.5,2.7304933553729048e-11,888.0,BID
185,1712601782.7556596,239197152.4400837,887.5,3.0766122419122585e-11,888.0,BID
186,1712601786.64547,239198391.84629607,887.5,5.6403173790932845e-09,888.0,BID
187,1712601786.965772,239199134.932781,887.5,3.3816545159882763e-09,888.0,BID
188,1712601789.6160753,239199929.2989781,887.5,3.615019371837209e-09,888.0,BID
189,1712601789.8766172,239200274.963954,887.0,-1.573059865840467e-09,888.0,ASK
190,1712601789.879835,239200280.963954,887.0,-2.7304933553729048e-11,888.0,ASK
191,1712601789.8828688,239200287.4267281,886.9,-2.941093649065885e-11,888.0,ASK
192,1712601789.8852253,239200456.470631,886.9,-7.692887560751921e-10,888.0,ASK
193,1712601789.975961,239200462.470631,887.5,2.7304933553729048e-11,888.0,BID
194,1712601790.4159973,239200465.69396853,886.9,-1.466883618460793e-11,888.0,ASK
195,1712601790.4190135,239200469.2311944,886.9,-1.6097286098889583e-11,888.0,ASK
196,1712601792.7456317,239200688.07504103,887.5,9.959194487008827e-10,888.0,BID
197,1712601792.8456483,239202078.40481704,887.5,6.3271436918586945e-09,888.0,BID
198,1712601793.026022,239203431.242008,887.5,6.156521601208325e-09,888.0,BID
199,1712601793.7856095,239203437.242008,887.5,2.7304933553729048e-11,888.0,BID
200,1712601795.395861,239204000.6222897,887.5,2.56384352615646e-09,888.0,BID
201,1712601797.135496,239204006.6222897,887.5,2.7304933553729048e-11,888.0,BID
202,1712601798.8658087,239204532.06050512,887.0,-2.3911759266406908e-09,888.0,ASK
203,1712601799.7456725,239204538.06050512,887.5,2.7304933553729048e-11,888.0,BID
204,1712601810.1357284,239204538.06050512,887.5,0.0,888.0,BID
205,1712601810.2281475,239205100.87768808,887.4,2.5612044389997907e-09,888.0,BID
206,1712601810.4859064,239205106.87768808,887.4,2.7304117747844376e-11,888.0,BID
207,1712601812.3954678,239205113.6390133,887.4,3.076866994573289e-11,888.0,BID
208,1712601817.875595,239205226.32776693,887.4,5.128111664855269e-10,888.0,BID
209,1712601819.7160249,239205407.4360437,887.4,8.241669524051654e-10,888.0,BID
210,1712601819.9557652,239205581.14339304,887.4,7.90487653160605e-10,888.0,BID
211,1712601820.3755915,239206023.86012545,887.4,2.014664965122317e-09,888.0,BID
212,1712601821.6858566,239206253.5006752,887.4,1.0450221014004451e-09,888.0,BID
213,1712601821.6890376,239207557.65868115,887.4,5.934813959659598e-09,888.0,BID
214,1712601821.692235,239207826.2625861,887.4,1.2223321083759059e-09,888.0,BID
215,1712601821.9455616,239208253.77348617,887.2,1.9454679919726072e-09,888.0,BID
216,1712601825.8359854,239208253.7735032,887.2,7.757522340499849e-17,888.0,BID
217,1712601825.8392951,239208259.77348617,887.4,2.730404017262097e-11,888.0,BID
218,1712601826.566615,239208299.5051174,887.4,1.8080618952134558e-10,888.0,BID
219,1712601826.570203,239209779.5997862,887.4,6.7354465191708e-09,888.0,BID
220,1712601826.605518,239210083.70729125,887.4,1.383897854329664e-09,888.0,BID
221,1712601827.5658514,239210129.8791349,887.4,2.1011357593314567e-10,888.0,BID
222,1712601828.6454706,239212400.5873469,887.4,1.0333280732125122e-08,888.0,BID
223,1712601829.0854309,239212406.5873469,887.2,2.7304117747844376e-11,888.0,BID
224,1712601829.555329,239212541.70467693,887.2,6.14876581280357e-10,888.0,BID
225,1712601829.575278,239212541.7046856,887.2,3.946571680219329e-17,888.0,BID
226,1712601829.7769294,239212548.4660108,887.2,-3.076866994573289e-11,888.0,ASK
227,1712601830.095786,239214068.6494108,887.4,6.917877758676286e-09,888.0,BID
228,1712601830.79548,239214168.6494108,887.4,4.550686291307396e-10,888.0,BID
229,1712601831.4961298,239214211.4357273,887.2,-1.9470710388024718e-10,888.0,ASK
230,1712601831.5003002,239214517.340628,887.2,-1.3920772380585752e-09,888.0,ASK
231,1712601832.1355767,239214523.340628,887.4,2.7304117747844376e-11,888.0,BID
232,1712601832.2761066,239214543.6246037,887.4,9.230600997281967e-11,888.0,BID
233,1712601832.2864783,239217457.35059905,887.4,1.3259452943854584e-08,888.0,BID
234,1712601832.2891102,239217871.3866417,887.5,1.8841481435778075e-09,888.0,BID
235,1712601832.2918005,239220871.3866417,887.4,1.3652058873922188e-08,888.0,BID
236,1712601835.335599,239220877.3866417,887.5,2.7304117747844376e-11,888.0,BID
237,1712601836.095611,239221102.2891769,887.5,1.02346088381546e-09,888.0,BID
238,1712601836.616265,239227653.7351612,887.5,2.9813575428877264e-08,888.0,BID
239,1712601836.9757712,239229445.7351612,887.5,8.154829834022853e-09,888.0,BID
240,1712601837.3565023,239231284.4972184,887.5,8.367629286473132e-09,888.0,BID
241,1712601837.3598137,239233840.2715424,887.5,1.1630527179901688e-08,888.0,BID
242,1712601837.3759654,239235887.3228396,887.5,9.315488275715568e-09,888.0,BID
243,1712601837.3786497,239238261.87539712,887.5,1.0805843771667293e-08,888.0,BID
244,1712601837.4763224,239238711.71502987,887.5,2.0470790500401646e-09,888.0,BID
245,1712601837.479935,239240232.61451787,887.5,6.921136450507421e-09,888.0,BID
246,1712601837.4955764,239242243.5387631,887.5,9.151085395663624e-09,888.0,BID
247,1712601837.535778,239243461.5203792,887.5,5.542652243358806e-09,888.0,BID
248,1712601837.539259,239244421.4089304,887.5,4.368151671017695e-09,888.0,BID
249,1712601837.7956283,239245048.68783075,887.5,2.8545494928079554e-09,888.0,BID
250,1712601837.8155544,239245672.88294968,887.5,2.840516170833561e-09,888.0,BID
251,1712601837.8559947,239246297.8277866,887.5,2.8439279021703303e-09,888.0,BID
252,1712601838.1254618,239246303.8277866,887.5,2.7304117747844376e-11,888.0,BID
253,1712601840.0802982,239246303.8277866,887.5,0.0,888.0,BID
254,1712601840.9156709,239246309.8277866,887.5,2.729951306410872e-11,888.0,BID
255,1712601843.3534243,239246897.19165528,887.5,2.672457934418789e-09,888.0,BID
256,1712601843.358591,239246907.19165528,887.6,4.54991884401812e-11,888.0,BID
257,1712601843.3602462,239247044.78095475,887.6,6.260201463946527e-10,888.0,BID
258,1712601843.375482,239247191.83832213,887.6,6.690990870141308e-10,888.0,BID
259,1712601843.575773,239247197.83832213,887.6,2.729951306410872e-11,888.0,BID
260,1712601846.3657825,239247203.83832213,887.6,2.729951306410872e-11,888.0,BID
261,1712601846.5755973,239247210.59812385,887.6,3.075654907209277e-11,888.0,BID
262,1712601848.6954124,239247648.03059235,887.6,1.9902822315660073e-09,888.0,BID
263,1712601848.975384,239248088.99331224,887.6,2.006344588725597e-09,888.0,BID
264,1712601849.7654188,239248531.5424297,887.6,2.0135625690064948e-09,888.0,BID
265,1712601852.0656188,239248896.2247525,887.6,1.6592749725887443e-09,888.0,BID
266,1712601852.8961668,239249294.0573303,887.6,1.8101059424728206e-09,888.0,BID
267,1712601853.2159142,239249300.0573303,887.6,2.729951306410872e-11,888.0,BID
268,1712601853.6358445,239249670.7161662,887.6,1.686467622108216e-09,888.0,BID
269,1712601853.7353363,239250068.80757025,887.6,1.811283580795806e-09,888.0,BID
270,1712601854.3157873,239250077.9060337,887.5,-4.1397270555315246e-11,888.0,ASK
271,1712601854.3196793,239250307.67058808,887.5,-1.0454100755316255e-09,888.0,ASK
272,1712601856.066509,239250313.67058808,887.5,2.729951306410872e-11,888.0,BID
273,1712601856.0703208,239250543.69087204,887.4,-1.046573624529019e-09,888.0,ASK
274,1712601856.0733738,239250720.63058808,887.3,-8.05061348270561e-10,888.0,ASK
275,1712601856.8458028,239250832.46142444,887.6,5.088212296770432e-10,888.0,BID
276,1712601856.8500907,239251115.4439029,887.5,1.2875473113158311e-09,888.0,BID
277,1712601858.5357974,239251292.92390847,887.6,8.075196217443743e-10,888.0,BID
278,1712601858.8555017,239251298.92390847,887.6,2.729951306410872e-11,888.0,BID
279,1712601858.9354784,239251562.09377703,887.6,1.197401544268349e-09,888.0,BID
280,1712601859.215587,239251568.8535788,887.3,-3.075654920769092e-11,888.0,ASK
281,1712601860.7153406,239251709.4705414,887.6,6.397957679754527e-10,888.0,BID
282,1712601862.0654302,239251715.4705414,887.6,2.729951306410872e-11,888.0,BID
283,1712601863.6256783,239252689.65892228,887.6,4.432478071866968e-09,888.0,BID
284,1712601863.631096,239252841.5408433,887.6,6.910504146644111e-10,888.0,BID
285,1712601864.816003,239252897.87252423,887.6,2.5630457654996017e-10,888.0,BID
286,1712601864.8196552,239252903.87252423,887.6,2.729951306410872e-11,888.0,BID
287,1712601865.9757671,239253070.1884313,887.6,7.56723879732863e-10,888.0,BID
288,1712601865.9795675,239253769.2785037,887.6,3.1808030936420067e-09,888.0,BID
289,1712601867.6652815,239253775.2785037,887.6,2.729951306410872e-11,888.0,BID
290,1712601867.7057314,239254094.2989011,887.6,1.4515169180043806e-09,888.0,BID
291,1712601867.7095208,239254338.03227776,887.6,1.1089670833451111e-09,888.0,BID
292,1712601870.0850563,239254338.03227776,887.6,0.0,888.0,BID
293,1712601870.4754903,239254344.03227776,887.6,2.729862735390276e-11,888.0,BID
294,1712601872.1952758,239254472.87199205,887.6,5.861912247918063e-10,888.0,BID
295,1712601873.3453157,239254478.87199205,887.6,2.729862735390276e-11,888.0,BID
296,1712601873.8453994,239256734.6618921,887.6,1.0263327978155058e-08,888.0,BID
297,1712601873.945465,239256913.0327464,887.6,8.11546580606966e-10,888.0,BID
298,1712601874.085781,239258511.7131464,887.6,7.273630082994716e-09,888.0,BID
299,1712601875.266855,239258882.03113967,887.6,1.6848621500452567e-09,888.0,BID
300,1712601875.4054804,239261136.06021667,887.6,1.0255316636284337e-08,888.0,BID
301,1712601875.9561307,239262287.10741663,887.6,5.2370014298997134e-09,888.0,BID
302,1712601876.0355349,239262553.82658777,887.6,1.21351121003113e-09,888.0,BID
303,1712601876.4354951,239262559.82658777,887.6,2.729862735390276e-11,888.0,BID
304,1712601877.156251,239262711.13818285,887.6,6.88433141412645e-10,888.0,BID
305,1712601879.0456195,239262717.13818285,887.6,2.729862735390276e-11,888.0,BID
306,1712601881.6353683,239262723.13818285,887.6,2.729862735390276e-11,888.0,BID
307,1712601884.2256837,239262729.13818285,887.6,2.729862735390276e-11,888.0,BID
308,1712601885.4082084,239262878.77604,887.5,-6.808180165439258e-10,888.0,ASK
309,1712601885.4123638,239263814.62234217,887.5,-4.257886577432287e-09,888.0,ASK
310,1712601885.416371,239266479.86231828,887.3,-1.2126232152749835e-08,888.0,ASK
311,1712601885.4204104,239266595.0006593,887.3,-5.238531110302789e-10,888.0,ASK
312,1712601885.4235215,239266888.85165027,887.5,-1.3369547832580122e-09,888.0,ASK
313,1712601885.425357,239268554.0916264,887.1,-7.576460927099376e-09,888.0,ASK
314,1712601885.4272437,239268564.0916264,887.5,-4.5497712256504593e-11,888.0,ASK
315,1712601885.429104,239268780.49998865,887.3,-9.8460853950787e-10,888.0,ASK
316,1712601885.4309978,239268820.2600637,887.2,-1.8089924558471936e-10,888.0,ASK
317,1712601885.432876,239269820.2600637,887.1,-4.5497712256504606e-09,888.0,ASK
318,1712601885.434878,239269936.95253456,887.3,-5.309240461168351e-10,888.0,ASK
319,1712601885.5452795,239270382.23243457,887.1,2.025921676446033e-09,888.0,BID
320,1712601887.5154412,239270494.8957055,887.5,5.125921082218217e-10,888.0,BID
321,1712601887.519499,239270494.8957964,887.1,4.1369652776299575e-16,888.0,BID
322,1712601887.6152096,239271092.54096743,887.5,2.719148802239614e-09,888.0,BID
323,1712601887.8949516,239271098.54096743,887.5,2.729862735390276e-11,888.0,BID
324,1712601888.2750912,239271382.2325255,887.5,1.2907316878351215e-09,888.0,BID
325,1712601889.285055,239271825.33496743,887.6,2.016014740339194e-09,888.0,BID
326,1712601890.6251452,239271831.33496743,887.6,2.729862735390276e-11,888.0,BID
327,1712601894.076326,239272800.3513749,887.3,-4.408802967844573e-09,888.0,ASK
328,1712601895.565158,239272806.3513749,887.5,2.729862735390276e-11,888.0,BID
329,1712601897.0653343,239273599.3513749,887.5,3.607968581940815e-09,888.0,BID
330,1712601897.1652558,239273749.26292303,887.5,6.820632481094612e-10,888.0,BID
331,1712601897.245083,239274214.7884347,887.5,2.1180345778571234e-09,888.0,BID
332,1712601897.3260603,239274258.4098273,887.3,-1.9846735663807718e-10,888.0,ASK
333,1712601897.330271,239274321.8789544,887.2,-2.887700082813007e-10,888.0,ASK
334,1712601897.7254186,239274496.29326853,887.5,7.93545227864916e-10,888.0,BID
335,1712601897.905342,239274509.50157577,887.5,6.009477620387375e-11,888.0,BID
336,1712601897.9151917,239274655.03193504,887.5,6.621298410569777e-10,888.0,BID
337,1712601897.945253,239274959.1904909,887.5,1.383851845511284e-09,888.0,BID
338,1712601898.3579526,239275103.3112106,887.5,6.557163035158805e-10,888.0,BID
339,1712601898.3755243,239275109.3112106,887.5,2.729862735390276e-11,888.0,BID
340,1712601898.5558586,239275692.37131065,887.5,2.652790065891226e-09,888.0,BID
341,1712601898.7564232,239275698.37141028,887.5,2.729908077939894e-11,888.0,BID
342,1712601898.7606883,239276065.1254884,887.5,1.6686471513847123e-09,888.0,BID
343,1712601898.7751665,239276358.0260229,887.5,1.332630424029618e-09,888.0,BID
344,1712601898.7951653,239276649.05368224,887.5,1.3241092702734419e-09,888.0,BID
345,1712601898.8152544,239277018.7338925,887.5,1.681960383344902e-09,888.0,BID
346,1712601899.8755057,239277165.54916704,887.5,6.679759115726393e-10,888.0,BID
347,1712601899.8799324,239279219.7850108,887.6,9.346303132312597e-09,888.0,BID
348,1712601900.0957296,239279680.1227108,887.6,2.094431221584636e-09,888.0,BID
349,1712601900.106236,239279680.1227108,887.6,0.0,888.0,BID
350,1712601900.2168643,239279967.17382893,887.6,1.306140288500573e-09,888.0,BID
351,1712601901.0253034,239279973.17382893,887.6,2.7301206071868182e-11,888.0,BID
352,1712601901.3252025,239280873.35532787,887.6,4.096006767462345e-09,888.0,BID
353,1712601901.4451425,239287116.26889524,887.6,2.8406511631912043e-08,888.0,BID
354,1712601903.5052288,239287458.27590257,887.6,1.556200630859529e-09,888.0,BID
355,1712601903.6471314,239292064.458505,887.6,2.095905673895693e-08,888.0,BID
356,1712601903.9154294,239293026.321005,887.3,-4.376667720802355e-09,888.0,ASK
357,1712601903.9198377,239293550.458505,887.2,-2.384930982996999e-09,888.0,ASK
358,1712601904.0553365,239293981.45566124,887.6,1.9611236964492092e-09,888.0,BID
359,1712601904.6952634,239295779.22826275,887.6,8.180226710720179e-09,888.0,BID
360,1712601904.7951777,239296213.6702765,887.6,1.9767984904323703e-09,888.0,BID
361,1712601904.8363044,239297161.1906127,887.6,4.3114079928314236e-09,888.0,BID
362,1712601904.8412943,239299123.53021264,887.6,8.929039633478815e-09,888.0,BID
363,1712601904.936236,239299223.53021264,887.6,4.550201011978031e-10,888.0,BID
364,1712601904.9412727,239301613.8893347,887.6,1.0876614496223322e-08,888.0,BID
365,1712601904.9454384,239302281.58133087,887.6,3.0381327966039833e-09,888.0,BID
366,1712601904.955705,239302742.0918815,887.6,2.0954155735849715e-09,888.0,BID
367,1712601904.9751756,239303284.6443815,887.3,-2.468722934458998e-09,888.0,ASK
368,1712601905.135255,239304007.0489815,887.3,3.287086141952199e-09,888.0,BID
369,1712601905.175955,239304524.8923524,887.6,2.356291430381087e-09,888.0,BID
370,1712601905.179999,239304820.8788124,887.3,1.3467978895538403e-09,888.0,BID
371,1712601905.2951124,239305075.603728,887.6,1.1590495687112119e-09,888.0,BID
372,1712601905.5561252,239305196.5896683,887.6,5.50510348292961e-10,888.0,BID
373,1712601905.560977,239305216.9496044,887.6,9.264180179289804e-11,888.0,BID
374,1712601906.905473,239305322.929746,887.6,4.82230947331761e-10,888.0,BID
375,1712601906.9111114,239305361.1171185,887.6,1.7376022129127123e-10,888.0,BID
376,1712601906.9451816,239305505.3451791,887.6,6.56266667312044e-10,888.0,BID
377,1712601907.2451212,239305946.30085275,887.6,2.0064369524114584e-09,888.0,BID
378,1712601907.8250682,239306536.0155517,887.6,2.683320419761847e-09,888.0,BID
379,1712601908.82761,239306542.0155517,887.6,2.7301206071868182e-11,888.0,BID
380,1712601908.9449596,239307126.71407425,887.6,2.6604958092254382e-09,888.0,BID
381,1712601909.108333,239307261.4885121,887.6,6.13250783469966e-10,888.0,BID
382,1712601910.1753116,239307268.2483138,887.6,3.075845660715042e-11,888.0,BID
383,1712601910.4568856,239307535.50996345,887.6,1.216094228647631e-09,888.0,BID
384,1712601910.4615986,239307831.28360552,887.6,1.3458295254321315e-09,888.0,BID
385,1712601911.4791293,239307837.28360552,887.6,2.7301206071868182e-11,888.0,BID
386,1712601911.5556192,239308697.1163598,887.6,3.912411868675567e-09,888.0,BID
387,1712601911.5601983,239308919.4579973,887.6,1.011699144328589e-09,888.0,BID
388,1712601912.1351564,239309643.0037636,887.6,3.2922786774609638e-09,888.0,BID
389,1712601912.7252753,239310270.3727891,887.6,2.854655174978744e-09,888.0,BID
390,1712601913.1054418,239310734.54613137,887.6,2.112082011674385e-09,888.0,BID
391,1712601913.20518,239311201.0112041,887.6,2.1225098462198184e-09,888.0,BID
392,1712601913.5477169,239312125.4133041,887.6,4.206215370880081e-09,888.0,BID
393,1712601914.1874714,239312125.41340244,887.6,4.472304265947207e-16,888.0,BID
394,1712601914.1910155,239312131.4133041,887.6,2.7300758841441588e-11,888.0,BID
395,1712601914.3853736,239313592.5911592,887.6,6.648652954839449e-09,888.0,BID
396,1712601916.8365085,239313598.5911592,887.6,2.7301206071868182e-11,888.0,BID
397,1712601917.2187393,239314237.25321537,887.7,2.906040734196837e-09,888.0,BID
398,1712601917.2227042,239314631.1898914,887.6,1.792491061905994e-09,888.0,BID
399,1712601917.2265725,239324627.1372322,887.7,4.548356970586125e-08,888.0,BID
400,1712601917.2305214,239355264.9060081,887.7,1.3940800648889526e-07,888.0,BID
401,1712601918.968382,239355517.3449788,887.7,1.148648059873603e-09,888.0,BID
402,1712601918.98605,239355937.60235515,887.7,1.9122555391272047e-09,888.0,BID
403,1712601918.989674,239356006.95919228,887.8,3.1558755046754765e-10,888.0,BID
404,1712601918.9933696,239356012.60235515,887.8,2.5677525430804566e-11,888.0,BID
405,1712601918.9970553,239371943.2255557,887.8,7.248753780838297e-08,888.0,BID
406,1712601919.0263898,239371986.50670007,887.8,1.9693790709564096e-10,888.0,BID
407,1712601919.0308862,239373211.7826631,887.8,5.5752519269688015e-09,888.0,BID
408,1712601919.0360217,239378291.2613556,887.8,2.3112649086806852e-08,888.0,BID
409,1712601919.0448737,239380251.0653593,887.8,8.917502160849328e-09,888.0,BID
410,1712601919.3254418,239382096.8057157,887.8,8.398489637746153e-09,888.0,BID
411,1712601919.3288014,239382742.52035928,887.8,2.9381314246112393e-09,888.0,BID
412,1712601919.3660426,239385234.76160225,887.8,1.1340198625742608e-08,888.0,BID
413,1712601919.4652948,239385554.5518298,887.8,1.4551098170741575e-09,888.0,BID
414,1712601919.5252607,239389402.1477391,887.8,1.7507334800303473e-08,888.0,BID
415,1712601919.5853825,239391892.34616137,887.8,1.1330903380962296e-08,888.0,BID
416,1712601919.7052677,239392080.5617971,887.8,8.56418976244802e-10,888.0,BID
417,1712601919.8252106,239394675.2933969,887.8,1.1806550351256553e-08,888.0,BID
418,1712601919.8453836,239397085.1813272,887.8,1.0965474498815228e-08,888.0,BID
419,1712601920.22514,239397508.06932715,887.8,1.924225405605438e-09,888.0,BID
420,1712601920.4051368,239397747.1435284,887.8,1.087835672357451e-09,888.0,BID
421,1712601920.485903,239412002.7470284,887.8,6.486586147209661e-08,888.0,BID
422,1712601922.2156222,239412002.7470712,887.8,1.9473101655246167e-16,888.0,BID
423,1712601922.2207398,239412008.7470284,887.9,2.730101134085164e-11,888.0,BID
424,1712601922.3353767,239412023.0218484,887.9,6.495330040950048e-11,888.0,BID
425,1712601922.3403077,239413941.7799388,887.9,8.730735004438188e-09,888.0,BID
426,1712601922.475216,239414878.4763289,887.9,4.262156862521303e-09,888.0,BID
427,1712601922.535185,239415812.285258,887.9,4.2490183338488045e-09,888.0,BID
428,1712601922.695094,239416277.01835865,887.9,2.1146290251607926e-09,888.0,BID
429,1712601922.7955773,239416373.66657653,887.9,4.397688188338733e-10,888.0,BID
430,1712601922.8015304,239416767.2416252,887.9,1.790845584680519e-09,888.0,BID
431,1712601923.0753317,239416782.7504764,887.9,7.056839042641368e-11,888.0,BID
432,1712601923.080019,239417646.1022585,887.9,3.928424152665036e-09,888.0,BID
433,1712601923.095132,239418511.28246453,887.9,3.93674384902383e-09,888.0,BID
434,1712601923.0996268,239419581.89719203,887.9,4.871512216495892e-09,888.0,BID
435,1712601923.1051888,239425594.8310645,887.9,2.7360057791701688e-08,888.0,BID
436,1712601923.2751498,239426139.2940645,887.9,2.477416093582425e-09,888.0,BID
437,1712601923.3551695,239426573.6206733,887.9,1.9762733746506954e-09,888.0,BID
438,1712601923.4254887,239428436.4563101,887.9,8.476276599555772e-09,888.0,BID
439,1712601923.4654152,239430142.35707945,887.9,7.762191407043726e-09,888.0,BID
440,1712601923.4704916,239430299.2819641,887.9,7.140397694683373e-10,888.0,BID
441,1712601923.515418,239431832.44115585,887.9,6.9761825054513065e-09,888.0,BID
442,1712601924.6651013,239431839.2009576,887.5,-3.075845660715042e-11,888.0,ASK
443,1712601924.7051396,239431845.2009576,887.9,2.7301206071868182e-11,888.0,BID
444,1712601925.3056624,239431854.90700555,887.9,4.416446934990117e-11,888.0,BID
445,1712601926.795178,239432812.3345875,887.9,4.356487952357023e-09,888.0,BID
446,1712601926.935109,239433720.9377004,887.9,4.134326803832261e-09,888.0,BID
447,1712601926.975351,239434398.6057182,887.8,3.083525700264133e-09,888.0,BID
448,1712601927.055393,239435125.7869044,887.8,3.308820569199324e-09,888.0,BID
449,1712601927.0611937,239435306.38725263,887.9,8.217678875699485e-10,888.0,BID
450,1712601927.095183,239452816.02665263,887.9,7.96723789172747e-08,888.0,BID
451,1712601927.1501815,239452998.0934712,887.9,8.28440621675856e-10,888.0,BID
452,1712601927.152601,239453180.697136,887.9,8.30883380434047e-10,888.0,BID
453,1712601927.1549911,239454056.3023728,887.9,3.984179834709517e-09,888.0,BID
454,1712601927.2152095,239454545.7192722,887.9,2.226945270987593e-09,888.0,BID
455,1712601927.435196,239454551.7192722,887.9,2.7301206071868182e-11,888.0,BID
456,1712601927.439262,239454977.7849072,887.9,1.938684283255278e-09,888.0,BID
457,1712601927.4554548,239455027.7849072,887.9,2.2751005059890155e-10,888.0,BID
458,1712601927.4608734,239455037.7849072,887.9,4.550201011978031e-11,888.0,BID
459,1712601927.4661186,239455403.7804446,887.9,1.665353264929254e-09,888.0,BID
460,1712601927.8576417,239455583.0123587,887.9,8.15541236930371e-10,888.0,BID
461,1712601927.861904,239457314.6507874,887.9,7.879302930732016e-09,888.0,BID
462,1712601927.9752104,239458961.771228,887.9,7.494729095407085e-09,888.0,BID
463,1712601927.980445,239459235.94432348,887.9,1.247542696711869e-09,888.0,BID
464,1712601928.0551722,239460196.2225681,887.9,4.369459040697058e-09,888.0,BID
465,1712601928.3152556,239460647.4556861,887.9,2.053201389744073e-09,888.0,BID
466,1712601928.3351047,239461365.29333508,887.9,3.2663055969956886e-09,888.0,BID
467,1712601928.515207,239461786.9505533,887.9,1.918625101042701e-09,888.0,BID
468,1712601928.535081,239462208.75292245,887.9,1.9192855669498635e-09,888.0,BID
469,1712601928.6571453,239462628.4824251,887.8,1.909853607706489e-09,888.0,BID
470,1712601928.6749887,239463048.8555196,887.8,1.9127820801337988e-09,888.0,BID
471,1712601928.7772462,239463498.8817249,887.8,2.0477096946429327e-09,888.0,BID
472,1712601928.8552425,239463838.4134616,887.8,1.544937651667643e-09,888.0,BID
473,1712601928.865003,239464175.1448464,887.8,1.532195488215663e-09,888.0,BID
474,1712601929.0192094,239464439.98784643,887.8,1.205088886727037e-09,888.0,BID
475,1712601929.3250396,239464779.5712464,887.8,1.5451727302456711e-09,888.0,BID
476,1712601930.0825434,239464779.5712464,887.8,0.0,888.0,BID
477,1712601930.1060128,239464785.5712464,887.8,2.7280757511854603e-11,888.0,BID
478,1712601930.6099544,239465103.28222463,887.8,1.444566026035568e-09,888.0,BID
479,1712601930.666865,239465423.983107,887.8,1.4581605008506178e-09,888.0,BID
480,1712601931.7264938,239465727.5830069,887.8,1.380405875318e-09,888.0,BID
481,1712601932.695131,239465733.5830069,887.8,2.7280757511854603e-11,888.0,BID
482,1712601933.235341,239466048.2838069,887.8,1.4308793689384804e-09,888.0,BID
483,1712601934.097939,239466048.2839064,887.8,4.520446412739503e-16,888.0,BID
484,1712601934.103932,239466667.5983069,887.9,2.815894330986367e-09,888.0,BID
485,1712601934.4756362,239466667.5985012,887.9,8.82950504358831e-16,888.0,BID
486,1712601934.4856153,239467771.01616508,888.0,5.017011620534792e-09,888.0,BID
487,1712601934.4888222,239470094.33481807,888.0,1.0563648799424363e-08,888.0,BID
488,1712601935.3453102,239470867.17472184,888.0,3.5139430014432603e-09,888.0,BID
489,1712601937.8555791,239470873.17472184,887.9,2.7280757511854603e-11,888.0,BID
490,1712601938.095481,239470879.17472184,887.8,-2.7280757511854603e-11,888.0,ASK
491,1712601938.2554471,239471098.07722184,887.8,9.95304336889386e-10,888.0,BID
492,1712601938.3353786,239471098.07725704,887.8,1.600313912903283e-16,888.0,BID
493,1712601938.575391,239471142.07725704,887.9,2.0005888842026703e-10,888.0,BID
494,1712601938.5797362,239471428.22919607,887.9,1.301073610057693e-09,888.0,BID
495,1712601938.6757517,239471760.5154749,887.9,1.510836899880407e-09,888.0,BID
496,1712601938.8552003,239471924.0413023,887.9,7.43518073666582e-10,888.0,BID
497,1712601938.8761685,239472087.6811428,887.9,7.44036468054412e-10,888.0,BID
498,1712601938.8809493,239472250.3692377,887.9,7.39709077631209e-10,888.0,BID
499,1712601939.2751226,239472406.4415406,887.9,7.09628441792476e-10,888.0,BID
500,1712601939.3366988,239473062.7855794,888.0,2.984260427874062e-09,888.0,BID
501,1712601939.3754573,239473176.0834172,888.0,5.15141806442967e-10,888.0,BID
502,1712601939.3791811,239473715.68116063,888.0,2.45343919884115e-09,888.0,BID
503,1712601939.4150565,239474230.0025294,888.0,2.338512757492267e-09,888.0,BID
504,1712601939.4350836,239474444.1051179,888.0,9.734801331400107e-10,888.0,BID
505,1712601939.4758215,239474802.49946168,888.0,1.629544864441297e-09,888.0,BID
506,1712601939.4812996,239474808.1357229,888.0,2.5626912759802232e-11,888.0,BID
507,1712601939.4867773,239474874.90813127,888.0,3.03600313384649e-10,888.0,BID
508,1712601939.5154445,239475079.57685053,888.0,9.305862834075535e-10,888.0,BID
509,1712601939.5197768,239475661.6035748,888.0,2.646354988412077e-09,888.0,BID
510,1712601939.5351655,239475930.35890296,888.0,1.2219748228734938e-09,888.0,BID
511,1712601939.615718,239475935.9906597,888.0,2.5606431722826816e-11,888.0,BID
512,1712601939.621253,239476198.98956463,888.0,1.1958015584721615e-09,888.0,BID
513,1712601939.6951785,239476387.3634993,888.0,8.564972722879533e-10,888.0,BID
514,1712601940.195203,239476450.1931612,888.0,2.85673461562823e-10,888.0,BID
515,1712601940.545316,239476865.67726287,888.0,1.889120171475834e-09,888.0,BID
516,1712601940.64564,239477378.10737064,888.0,2.329913585318501e-09,888.0,BID
517,1712601940.8256104,239477828.4257988,888.0,2.047504640286441e-09,888.0,BID
518,1712601941.505484,239479498.6949947,888.0,7.594368152074083e-09,888.0,BID
519,1712601941.5111516,239479854.78801683,888.0,1.6190812314344975e-09,888.0,BID
520,1712601941.6659694,239480178.8684837,888.0,1.473526771818905e-09,888.0,BID
521,1712601941.6717186,239480298.7477561,888.0,5.450662271173976e-10,888.0,BID
522,1712601941.675687,239481298.7477561,888.0,4.546792918642433e-09,888.0,BID
523,1712601943.21649,239481474.6672893,888.0,7.99869687502311e-10,888.0,BID
524,1712601943.2242718,239482104.6413018,888.0,2.8643613790723804e-09,888.0,BID
525,1712601943.2279613,239482124.6413018,888.0,9.093585837284867e-11,888.0,BID
526,1712601943.2753527,239482131.39805856,888.0,3.0721573756299546e-11,888.0,BID
527,1712601943.296623,239482349.6594125,888.0,9.923891785066635e-10,888.0,BID
528,1712601943.30245,239482355.3013044,888.0,2.5652514123774e-11,888.0,BID
529,1712601943.3071294,239488172.37644324,888.0,2.6449036048475483e-08,888.0,BID
530,1712601944.0975082,239488229.21719903,888.0,2.5844314591840213e-10,888.0,BID
531,1712601944.1039276,239488234.8489558,888.0,2.5606431858331805e-11,888.0,BID
532,1712601944.1082096,239524129.24336085,888.0,1.632043782997816e-07,888.0,BID
533,1712601944.110861,239527557.62173924,888.0,1.5588126533296242e-08,888.0,BID
534,1712601948.0654187,239527563.62173924,888.1,2.7280757511854603e-11,888.1,BID
535,1712601948.975835,239527676.22167167,888.1,5.11968575422228e-10,888.1,BID
536,1712601948.9821243,239528022.2760237,888.1,1.573437477343871e-09,888.1,BID
537,1712601949.315928,239528298.19625133,888.1,1.2545521370392995e-09,888.1,BID
538,1712601949.3224945,239528784.3445508,888.1,2.2104156455104824e-09,888.1,BID
539,1712601949.3355098,239528961.92628843,888.1,8.07427387034988e-10,888.1,BID
540,1712601949.3772306,239529190.8272884,888.1,1.0407654458387347e-09,888.1,BID
541,1712601951.315343,239529196.8272884,888.1,2.7280757511854603e-11,888.1,BID
542,1712601951.9448078,239530153.8272884,888.1,4.351280823140809e-09,888.1,BID
543,1712601952.8852715,239530555.50516865,888.1,1.8263461412584947e-09,888.1,BID
544,1712601953.785108,239534672.65342203,888.1,1.8719820523610447e-08,888.1,BID
545,1712601954.0049503,239534678.65342203,888.1,2.7280757511854603e-11,888.1,BID
546,1712601956.2953918,239534756.7317129,888.0,-3.5500582007164407e-10,888.1,ASK
547,1712601956.6952302,239534762.7317129,888.1,2.7280757511854603e-11,888.1,BID
548,1712601956.7048724,239540013.2840069,888.1,2.38731739891222e-08,888.1,BID
549,1712601956.9552224,239541138.7214576,888.1,5.117131031249393e-09,888.1,BID
550,1712601957.5255375,239541231.18766195,888.1,4.20424683266124e-10,888.1,BID
551,1712601957.5316472,239542095.7214576,888.1,3.930856139874685e-09,888.1,BID
552,1712601957.9458797,239542188.9649632,888.1,4.2395891095835663e-10,888.1,BID
553,1712601957.9515765,239542301.5648956,888.1,5.11968575422228e-10,888.1,BID
554,1712601957.956277,239542799.6613292,888.1,2.264741337137744e-09,888.1,BID
555,1712601959.0651026,239542806.418086,888.0,-3.0721573756299546e-11,888.1,ASK
556,1712601960.1356823,239542806.418086,888.0,-0.0,888.1,ASK
557,1712601960.9019246,239542812.418086,888.1,2.7272165631044453e-11,888.1,BID
558,1712601964.1653018,239542818.418086,888.1,2.7272165631044453e-11,888.1,BID
559,1712601964.4852424,239542855.7798696,888.1,1.6982279160518612e-10,888.1,BID
560,1712601965.2248905,239542872.6698594,888.1,7.677110026464444e-11,888.1,BID
561,1712601966.7751188,239542878.6698594,888.1,2.7272165631044453e-11,888.1,BID
562,1712601969.629174,239543475.51670617,888.0,-2.712884343531127e-09,888.1,ASK
563,1712601969.725078,239543793.8348117,888.0,-1.4468706832513016e-09,888.1,ASK
564,1712601969.8648725,239543997.5782931,888.0,9.260876615493679e-10,888.1,BID
565,1712601970.1049178,239544324.6982319,888.0,1.4868781919866287e-09,888.1,BID
566,1712601970.1451738,239544390.68165857,888.0,2.9991849013059277e-10,888.1,BID
567,1712601970.1509547,239546453.63271576,888.0,9.376857153429733e-09,888.1,BID
568,1712601970.2248917,239546783.29711336,888.0,1.4984436756554019e-09,888.1,BID
569,1712601970.2848814,239546790.0471168,888.0,3.0681201642166275e-11,888.1,BID
570,1712601971.935422,239547189.532262,888.1,1.8158041746925007e-09,888.1,BID
571,1712601972.636098,239547337.844106,888.1,6.74130862260504e-10,888.1,BID
572,1712601972.6425846,239547445.25541463,888.1,4.882231669453347e-10,888.1,BID
573,1712601972.648826,239547602.4982381,888.1,7.147253879846212e-10,888.1,BID
574,1712601974.7049196,239547608.4982381,888.1,2.7272165631044453e-11,888.1,BID
575,1712601979.175226,239547614.4982381,888.0,2.7272165631044453e-11,888.1,BID
576,1712601980.0247338,239548608.4982381,888.0,4.518088772876364e-09,888.1,BID
577,1712601981.725006,239548615.2542341,888.1,3.070844013295024e-11,888.1,BID
578,1712601981.8049605,239559537.10149068,888.0,-4.9643737896226923e-08,888.1,ASK
579,1712601982.0068352,239559543.10149068,888.1,2.7272165631044453e-11,888.1,BID
580,1712601982.955587,239561510.2938043,887.6,-8.941599100821762e-09,888.1,ASK
581,1712601983.0350888,239561528.8755688,887.6,-8.446082661418107e-11,888.1,ASK
582,1712601983.0413237,239562089.8479696,887.6,-2.5498220381065552e-09,888.1,ASK
583,1712601983.0478735,239563197.8998238,887.6,-5.0364956160259895e-09,888.1,ASK
584,1712601983.0547955,239563608.6361529,887.6,-1.866944866084668e-09,888.1,ASK
585,1712601983.136316,239565336.4322033,887.6,-7.853456677735305e-09,888.1,ASK
586,1712601983.1425188,239565430.2137821,887.6,-4.262711246636999e-10,888.1,ASK
587,1712601983.174939,239566949.00196537,887.6,-6.903440482110657e-09,888.1,ASK
588,1712601983.455124,239568086.9903088,887.5,-5.172567764376391e-09,888.1,ASK
589,1712601985.6008036,239568092.9903088,887.6,2.7272165631044453e-11,888.1,BID
590,1712601985.6352744,239568099.74630463,887.1,-3.0708439997487924e-11,888.1,ASK
591,1712601985.984952,239568515.40231183,887.6,1.889306578985014e-09,888.1,BID
592,1712601987.185079,239568681.19108853,887.1,-7.53569829500228e-10,888.1,ASK
593,1712601987.285452,239568883.24564183,887.0,-9.184108741534923e-10,888.1,ASK
594,1712601987.2915764,239569401.6473707,887.0,-2.3563229687180555e-09,888.1,ASK
595,1712601989.1350265,239569407.6473707,887.0,2.7272165631044453e-11,888.1,BID
596,1712601989.2948613,239569421.16107377,887.0,6.14246581054719e-11,888.1,BID
597,1712601989.5559475,239569600.9444669,887.0,8.17180412862744e-10,888.1,BID
598,1712601989.562926,239569781.0695893,887.0,8.18733695392362e-10,888.1,BID
599,1712601989.9951046,239569787.27026585,886.9,-2.8184312488120088e-11,888.1,ASK
600,1712601990.1350198,239569787.27026585,886.9,-0.0,888.1,ASK
601,1712601992.445073,239569793.27026585,887.6,2.726919655698475e-11,888.1,BID
602,1712601995.1952622,239569799.27026585,887.0,2.726919655698475e-11,888.1,BID
603,1712601997.22538,239569802.8288668,887.0,1.617336498629275e-11,888.1,BID
604,1712601997.233277,239570179.25247505,887.6,1.7107948935112995e-09,888.1,BID
605,1712601998.3449135,239570185.25247505,887.6,2.726919655698475e-11,888.1,BID
606,1712601998.6458628,239570190.0394205,886.9,-2.1756026525847803e-11,888.1,ASK
607,1712601998.6533322,239570881.3693721,886.9,-3.1420020556431204e-09,888.1,ASK
608,1712601998.6570272,239571080.25247505,886.9,-9.0389707091459e-10,888.1,ASK
609,1712602000.855607,239571086.25247505,887.0,2.726919655698475e-11,888.1,BID
610,1712602001.6360185,239571233.03434783,886.9,-6.6710395690697e-10,888.1,ASK
611,1712602001.6407418,239571371.23953387,886.9,-6.281240637475266e-10,888.1,ASK
612,1712602001.6449783,239571382.51603365,886.8,-5.1250181486992955e-11,888.1,ASK
613,1712602001.649215,239571720.77288333,886.9,-1.537332086761898e-09,888.1,ASK
614,1712602001.651913,239572553.2949468,886.9,-3.783701297770723e-09,888.1,ASK
615,1712602001.6545138,239572578.2559301,886.8,-1.1344432667192516e-10,888.1,ASK
616,1712602001.656972,239572603.19643983,886.7,-1.1335127717495503e-10,888.1,ASK
617,1712602002.0752418,239573859.8904033,886.7,5.711505783495743e-09,888.1,BID
618,1712602002.0817397,239576231.377938,887.0,1.0778093286037203e-08,888.1,BID
619,1712602002.3748803,239577243.26310325,887.0,-4.598882577357487e-09,888.1,ASK
620,1712602002.6553118,239577258.6981241,886.9,-7.015010296697422e-11,888.1,ASK
621,1712602004.6649828,239577264.6981241,886.9,-2.726919655698475e-11,888.1,ASK
622,1712602005.18532,239577274.6981241,886.6,-4.544866092830791e-11,888.1,ASK
623,1712602005.1966665,239577288.1566736,886.6,-6.116730527901563e-11,888.1,ASK
624,1712602005.199902,239578486.09400785,886.5,-5.444464771585685e-09,888.1,ASK
625,1712602005.2029955,239578496.09400785,886.2,-4.544866092830791e-11,888.1,ASK
626,1712602005.2061722,239578604.7809275,886.1,-4.9396749602957e-10,888.1,ASK
627,1712602005.2092712,239578984.13895884,886.6,-1.724131453646087e-09,888.1,ASK
628,1712602005.212397,239579000.6981241,886.5,-7.525918875727942e-11,888.1,ASK
629,1712602005.2155347,239579010.6981241,886.3,-4.544866092830791e-11,888.1,ASK
630,1712602005.218658,239579020.6981241,886.4,-4.544866092830791e-11,888.1,ASK
631,1712602005.6349473,239579035.51878497,886.7,-6.735791901298787e-11,888.1,ASK
632,1712602006.0947244,239579041.51878497,887.3,2.726919655698475e-11,888.1,BID
633,1712602006.8960783,239579048.2808722,887.3,3.073278094982077e-11,888.1,BID
634,1712602008.6867256,239579054.2808722,886.9,2.726919655698475e-11,888.1,BID
635,1712602010.8748765,239579104.4808722,886.2,-2.2815227794137424e-10,888.1,ASK
636,1712602011.195069,239579110.4808722,886.9,2.726919655698475e-11,888.1,BID
637,1712602011.555266,239580263.0885901,886.9,5.238447735560909e-09,888.1,BID
638,1712602011.5626366,239598374.02282813,886.9,8.231177092771449e-08,888.1,BID
639,1712602012.1549292,239598380.7833915,886.3,-3.072585524495238e-11,888.1,ASK
640,1712602013.6450818,239598389.7833915,886.9,-4.090379483547712e-11,888.1,ASK
641,1712602014.164961,239598395.7833915,886.7,2.726919655698475e-11,888.1,BID
642,1712602015.5052478,239598402.5417668,886.7,3.071591041387111e-11,888.1,BID
643,1712602016.8158102,239598408.5417668,886.7,2.726919655698475e-11,888.1,BID
644,1712602018.7649946,239598579.0531052,886.6,7.749512005308046e-10,888.1,BID
645,1712602019.225703,239598617.6382414,886.2,-1.7536427736061875e-10,888.1,ASK
646,1712602019.232919,239598630.75426129,886.4,-5.961055386647649e-11,888.1,ASK
647,1712602019.2367208,239598637.65801013,886.3,-3.1376614423104056e-11,888.1,ASK
648,1712602019.9249296,239598643.65801013,886.6,2.726919655698475e-11,888.1,BID
649,1712602020.0849311,239598643.65801013,886.6,0.0,888.1,BID
650,1712602021.244804,239599038.35798764,886.6,1.793649919047418e-09,888.1,BID
651,1712602022.5350094,239599044.35798764,886.6,2.726602515563274e-11,888.1,BID
652,1712602024.764913,239599051.12007487,886.3,-3.0729206734392326e-11,888.1,ASK
653,1712602025.127406,239599057.12007487,886.6,2.726602515563274e-11,888.1,BID
654,1712602025.4250252,239599340.17246208,886.3,-1.286285584994719e-09,888.1,ASK
655,1712602025.431547,239599878.870416,886.2,-2.448025327098001e-09,888.1,ASK
656,1712602026.024781,239602109.02305323,886.2,-1.0134566317995953e-08,888.1,ASK
657,1712602027.6150668,239602115.02305323,886.2,2.726602515563274e-11,888.1,BID
658,1712602030.1846745,239602121.02305323,886.2,2.726602515563274e-11,888.1,BID
659,1712602031.3258665,239602131.02305323,886.1,-4.544337525938789e-11,888.1,ASK
660,1712602031.331244,239602600.843706,886.1,-2.1350236229024683e-09,888.1,ASK
661,1712602031.3383458,239602938.87187505,886.1,-1.536114093238841e-09,888.1,ASK
662,1712602032.7049158,239602944.87187505,886.1,2.726602515563274e-11,888.1,BID
663,1712602033.5579038,239603483.228875,886.1,2.4464759174214924e-09,888.1,BID
664,1712602035.555275,239603596.03928697,886.0,-5.126485883859263e-10,888.1,ASK
665,1712602035.564791,239603606.03928697,886.0,-4.544337525938789e-11,888.1,ASK
666,1712602035.5704064,239603831.7729213,886.0,-1.025809825184583e-09,888.1,ASK
667,1712602035.6745496,239603840.7729213,886.0,4.089903773344911e-11,888.1,BID
668,1712602035.834735,239603853.36829424,886.0,5.7237626062908786e-11,888.1,BID
669,1712602037.7447224,239603973.56429425,886.0,5.462111933121605e-10,888.1,BID
670,1712602038.2058897,239603979.56429425,886.0,2.726602515563274e-11,888.1,BID
671,1712602038.4073822,239604207.86687225,886.0,1.0374839724840307e-09,888.1,BID
672,1712602038.5350373,239604602.2365777,886.0,1.792149051382688e-09,888.1,BID
673,1712602038.6989565,239604925.3378017,886.0,1.4682810170591182e-09,888.1,BID
674,1712602038.9149594,239604941.07925108,885.9,-7.153445915692708e-11,888.1,ASK
675,1712602039.034725,239605341.3855492,885.9,1.8191269323568647e-09,888.1,BID
676,1712602039.0773022,239605543.9907059,885.9,9.207062166299723e-10,888.1,BID
677,1712602039.11478,239607799.5907059,885.9,1.0250207723480449e-08,888.1,BID
678,1712602039.4178948,239608118.60200432,885.9,1.4496950145995802e-09,888.1,BID
679,1712602040.094935,239608249.22093043,885.9,5.9357648750988e-10,888.1,BID
680,1712602040.175058,239608261.3136618,885.9,5.4953453030420353e-11,888.1,BID
681,1712602040.2547772,239608719.7866618,885.9,2.08345605848423e-09,888.1,BID
682,1712602040.764825,239608725.7866618,885.9,2.726602515563274e-11,888.1,BID
683,1712602042.144848,239609580.5436618,885.9,3.884304310655612e-09,888.1,BID
684,1712602042.184818,239616781.74444208,885.9,3.2724686937611953e-08,888.1,BID
685,1712602042.9849553,239616897.1152421,885.9,5.242838559207883e-10,888.1,BID
686,1712602043.3648567,239616903.1152421,885.9,2.726602515563274e-11,888.1,BID
687,1712602043.3848157,239617859.2190981,885.9,4.34485863177428e-09,888.1,BID
688,1712602043.40477,239618467.5256424,885.9,2.764350256012605e-09,888.1,BID
689,1712602043.424853,239619434.4074609,885.9,4.393837331242627e-09,888.1,BID
690,1712602043.8149612,239620396.8982863,885.9,4.373883176303629e-09,888.1,BID
691,1712602044.2774785,239620408.50840032,885.9,5.2760276767837465e-11,888.1,BID
692,1712602044.4748678,239626097.8951003,885.9,2.5854493480271343e-08,888.1,BID
693,1712602045.8549929,239626103.8951003,885.9,2.726602515563274e-11,888.1,BID
694,1712602046.176494,239626110.66787377,885.9,3.0777768654648146e-11,888.1,BID
695,1712602047.7867117,239626819.80867377,885.9,3.2225751486107873e-09,888.1,BID
696,1712602047.9046242,239626830.9541756,885.9,5.0648921905329876e-11,888.1,BID
697,1712602048.3248107,239626836.9541756,885.9,2.726602515563274e-11,888.1,BID
698,1712602050.0794668,239626836.9541756,885.9,0.0,888.1,BID
699,1712602050.3158927,239626851.8096169,885.8,-6.750047787575255e-11,888.1,ASK
700,1712602050.32066,239627063.4476842,885.8,-9.616456557115274e-10,888.1,ASK
701,1712602050.4358606,239627925.6644842,885.8,3.917759459252067e-09,888.1,BID
702,1712602051.2180722,239628384.2374842,885.8,2.0836739767030434e-09,888.1,BID
703,1712602051.9447894,239628650.1195842,885.8,1.2081208721262282e-09,888.1,BID
704,1712602051.986975,239628660.8189597,885.9,4.861605541644481e-11,888.1,BID
705,1712602051.9942436,239628660.8190311,885.8,3.2418695979589684e-16,888.1,BID
706,1712602052.104902,239629789.6146062,885.9,5.129045898822149e-09,888.1,BID
707,1712602052.6468887,239629795.6146062,885.9,2.7262930570822445e-11,888.1,BID
708,1712602053.928792,239630213.1685564,885.9,1.8972907256029096e-09,888.1,BID
709,1712602055.035038,239630219.1685564,885.9,2.7262930570822445e-11,888.1,BID
710,1712602055.4949484,239630331.7915564,885.9,5.11738838261206e-10,888.1,BID
711,1712602055.8949578,239630338.56432983,885.8,-3.077427550099521e-11,888.1,ASK
712,1712602057.7046635,239630344.56432983,885.9,2.7262930570822445e-11,888.1,BID
713,1712602058.0057778,239630434.8985665,885.6,-4.1046267033373724e-10,888.1,ASK
714,1712602058.012679,239630449.0818321,885.6,-6.444623087140147e-11,888.1,ASK
715,1712602058.018465,239630452.5814904,885.8,-1.5901823210567504e-11,888.1,ASK
716,1712602058.0230927,239630466.6953551,885.7,-6.413088579270538e-11,888.1,ASK
717,1712602058.0263731,239630739.2643079,885.5,-1.2385047393194411e-09,888.1,ASK
718,1712602060.0151696,239630745.2643079,885.8,2.7262930570822445e-11,888.1,BID
719,1712602062.3553286,239630751.2643079,885.8,2.7262930570822445e-11,888.1,BID
720,1712602064.0474656,239630867.67169023,885.8,5.289343971076432e-10,888.1,BID
721,1712602064.1723037,239631601.1027374,885.5,-3.332579952919705e-09,888.1,ASK
722,1712602064.179685,239632730.535762,885.4,-5.131942355745681e-09,888.1,ASK
723,1712602064.1835616,239632869.1948345,885.5,-6.300421110449794e-10,888.1,ASK
724,1712602064.1874025,239645346.3956251,885.4,-5.669417647878624e-08,888.1,ASK
725,1712602064.1912522,239645371.0572852,885.5,-1.1205818773184428e-10,888.1,ASK
726,1712602064.1951632,239646012.0486439,885.4,-2.912550484777459e-09,888.1,ASK
727,1712602064.224637,239649199.3816439,885.4,1.44826730475347e-08,888.1,BID
728,1712602064.2456698,239649199.38169023,885.4,2.105725657822137e-16,888.1,BID
729,1712602064.2541258,239649998.87659937,885.9,3.632762366590219e-09,888.1,BID
730,1712602064.2581117,239650298.88362703,885.9,1.363178460956662e-09,888.1,BID
731,1712602064.2619913,239650552.29734,885.9,1.1514667437705727e-09,888.1,BID
732,1712602064.2871594,239651356.5872452,885.9,3.654549973868097e-09,888.1,BID
733,1712602064.3051927,239651852.89527693,885.9,2.255135235303633e-09,888.1,BID
734,1712602064.3120408,239652140.86355585,885.9,1.3084765324417378e-09,888.1,BID
735,1712602064.3244257,239652636.1079493,885.9,2.250302252586169e-09,888.1,BID
736,1712602064.7849154,239652642.1079493,885.9,2.7262930570822445e-11,888.1,BID
737,1712602065.6151435,239655691.00193432,885.9,1.3853630838354801e-08,888.1,BID
738,1712602065.6226892,239655989.4465936,885.8,1.356079337588263e-09,888.1,BID
739,1712602067.2351837,239655995.4465936,885.9,2.7262930570822445e-11,888.1,BID
740,1712602067.278733,239656008.8604646,885.3,-6.095023891564551e-11,888.1,ASK
741,1712602067.2864351,239657305.4921668,885.3,-5.891663345566779e-09,888.1,ASK
742,1712602067.2925053,239657327.6839012,885.6,-1.0083528571420958e-10,888.1,ASK
743,1712602067.2965758,239660376.13921875,885.3,-1.3851637611665769e-08,888.1,ASK
744,1712602067.300135,239660649.6185377,885.2,-1.2426412812390763e-09,888.1,ASK
745,1712602069.464812,239660969.6185377,885.8,1.4540229637771967e-09,888.1,BID
746,1712602071.5946765,239661609.6185377,885.8,2.908045927554393e-09,888.1,BID
747,1712602072.534501,239661615.6185377,885.8,2.7262930570822445e-11,888.1,BID
748,1712602073.6949902,239678051.4109245,885.3,-7.468131111935948e-08,888.1,ASK
749,1712602073.8357496,239678406.23916787,885.3,1.612276293813705e-09,888.1,BID
750,1712602073.854836,239679467.6678332,885.3,4.822942668038533e-09,888.1,BID
751,1712602075.0647814,239679473.6678332,885.8,2.7262930570822445e-11,888.1,BID
752,1712602075.764903,239679480.44137123,885.8,3.077774960978952e-11,888.1,BID
753,1712602077.5545526,239679486.44137123,885.8,2.7262930570822445e-11,888.1,BID
754,1712602078.0944452,239679736.4268712,885.8,1.1358895549357226e-09,888.1,BID
755,1712602078.7349403,239679758.9940478,885.8,1.0254122804862135e-10,888.1,BID
756,1712602080.104679,239679764.9940478,885.8,2.7262930570822445e-11,888.1,BID
757,1712602080.1297626,239679764.9940478,885.8,0.0,888.1,BID
758,1712602082.5951428,239679770.9940478,885.8,2.7257126166974e-11,888.1,BID
759,1712602085.3586967,239679817.2183956,885.8,2.0999047972441367e-10,888.1,BID
760,1712602085.4070055,239680095.2183956,885.8,1.2629135124031283e-09,888.1,BID
761,1712602086.48445,239680101.2183956,885.8,2.7257126166974e-11,888.1,BID
762,1712602086.9650254,239682320.59904933,885.8,1.0082323082188188e-08,888.1,BID
763,1712602086.9735818,239688001.05649552,885.8,2.5805490882811e-08,888.1,BID
764,1712602089.314839,239688001.0565205,885.8,1.1386098020486598e-16,888.1,BID
765,1712602089.874786,239690070.70964795,885.9,9.402132735776354e-09,888.1,BID
766,1712602090.2946064,239690127.15579835,885.8,-2.564266404804574e-10,888.1,ASK
767,1712602091.2247002,239690345.5215723,885.9,9.92003908499387e-10,888.1,BID
768,1712602091.5845046,239690413.21544293,885.9,3.0752339543290137e-10,888.1,BID
769,1712602092.3047447,239690633.374802,885.9,1.0001519044913067e-09,888.1,BID
770,1712602092.4048345,239690807.7061365,885.9,7.91961863092023e-10,888.1,BID
771,1712602092.5247705,239690948.2581665,885.9,6.385074024425919e-10,888.1,BID
772,1712602092.8668826,239691008.62516645,885.9,2.742384891466357e-10,888.1,BID
773,1712602093.064635,239701268.83864456,885.9,4.661065554552573e-08,888.1,BID
774,1712602093.2646203,239701833.3889505,885.9,2.564669819402169e-09,888.1,BID
775,1712602093.6946063,239701840.1624885,885.8,-3.077119688473241e-11,888.1,ASK
776,1712602094.2748168,239701846.1624885,885.9,2.7257126166974e-11,888.1,BID
777,1712602094.8347669,239702774.2994885,885.9,4.2163912181812124e-09,888.1,BID
778,1712602095.1946905,239703185.261318,885.9,1.866939739205022e-09,888.1,BID
779,1712602095.9546516,239703346.2092322,885.9,7.311629340022451e-10,888.1,BID
780,1712602096.0366192,239703402.9242957,885.8,-2.5764827375595324e-10,888.1,ASK
781,1712602096.8444738,239703408.9242957,885.9,2.7257126166974e-11,888.1,BID
782,1712602097.1845129,239705016.5447759,885.9,7.30318570934324e-09,888.1,BID
783,1712602097.247005,239706143.4387759,885.9,5.119315322439505e-09,888.1,BID
784,1712602099.2180798,239707270.33277592,885.9,5.119315322574893e-09,888.1,BID
785,1712602099.414528,239707276.33277592,885.9,2.7257126166974e-11,888.1,BID
786,1712602100.455059,239713676.33277592,885.9,2.907426791143893e-08,888.1,BID
787,1712602100.9749422,239714016.83104047,885.9,1.546834026084455e-09,888.1,BID
788,1712602101.0946095,239714355.3415536,885.9,1.5378039608576102e-09,888.1,BID
789,1712602101.234861,239714695.8398181,885.9,1.546834026219842e-09,888.1,BID
790,1712602101.4445488,239714849.32534483,885.9,6.97262394122447e-10,888.1,BID
791,1712602101.4547691,239715532.9283448,885.9,3.105508869786502e-09,888.1,BID
792,1712602101.60574,239716613.6608411,885.9,4.909610334027236e-09,888.1,BID
793,1712602101.6158094,239718178.6032734,885.9,7.109305553470971e-09,888.1,BID
794,1712602101.622914,239721036.2348553,885.9,1.2981804094847168e-08,888.1,BID
795,1712602102.00464,239721042.2348553,886.0,2.7257126166974e-11,888.1,BID
796,1712602103.06471,239721907.74485537,886.0,3.9318858780862875e-09,888.1,BID
797,1712602103.7046278,239725022.50688744,886.0,1.4149910281334869e-08,888.1,BID
798,1712602103.9645276,239725042.37270305,886.0,9.024750708054298e-11,888.1,BID
799,1712602103.9747262,239725142.37270305,886.0,4.5428543611623327e-10,888.1,BID
800,1712602104.535045,239725148.37270305,886.6,2.7257126166974e-11,888.1,BID
801,1712602104.674819,239725261.25226057,885.9,-5.12795390166493e-10,888.1,ASK
802,1712602105.703196,239725272.0409447,886.6,4.901142074987848e-11,888.1,BID
803,1712602105.708434,239727743.11241537,886.9,1.1225717807312702e-08,888.1,BID
804,1712602105.7120826,239732790.6051931,886.6,2.29300245782688e-08,888.1,BID
805,1712602105.715774,239733620.15459955,886.9,3.768522138841335e-09,888.1,BID
806,1712602107.584613,239733626.15459955,886.9,2.7257126166974e-11,888.1,BID
807,1712602110.1246445,239733626.15459955,886.9,0.0,888.1,BID
808,1712602110.616994,239733632.15459955,887.0,2.7251218260190164e-11,888.1,BID
809,1712602113.1247826,239733638.15459955,887.0,2.7251218260190164e-11,888.1,BID
810,1712602114.0045612,239733750.9445996,886.6,5.122774845565744e-10,888.1,BID
811,1712602115.7547927,239733750.9450349,886.6,1.977448898370654e-15,888.1,BID
812,1712602117.905533,239733752.6439223,887.0,7.716125122790588e-12,888.1,BID
813,1712602117.915359,239733976.1988116,887.0,1.015357180338024e-09,888.1,BID
814,1712602118.28461,239733982.1988116,887.0,2.7251218260190164e-11,888.1,BID
815,1712602120.7344708,239733988.1988116,886.9,2.7251218260190164e-11,888.1,BID
816,1712602123.3244174,239733994.1988116,886.9,2.7251218260190164e-11,888.1,BID
817,1712602123.52694,239734551.41822875,886.9,2.5308179924814927e-09,888.1,BID
818,1712602124.5045352,239734558.176604,886.9,3.0695659734589733e-11,888.1,BID
819,1712602125.8343916,239734564.176604,886.9,2.7251218260190164e-11,888.1,BID
820,1712602128.3649063,239734570.176604,886.9,2.7251218260190164e-11,888.1,BID
821,1712602131.0743926,239734576.176604,886.9,2.7251218260190164e-11,888.1,BID
822,1712602131.534789,239734587.4518323,886.9,5.1210617987349776e-11,888.1,BID
823,1712602133.354773,239734637.4518323,886.9,2.2709348550158467e-10,888.1,BID
824,1712602133.36207,239735498.66504687,886.9,3.9115182131628705e-09,888.1,BID
825,1712602134.5047677,239735504.66504687,886.9,2.7251218260190164e-11,888.1,BID
826,1712602134.905656,239735510.6646115,886.6,-2.7249240811291795e-11,888.1,ASK
827,1712602134.9141862,239735545.3332162,886.0,-1.5746028558397446e-10,888.1,ASK
828,1712602134.921697,239735552.10064232,886.6,-3.073676776905735e-11,888.1,ASK
829,1712602137.4143832,239735558.10064232,886.9,2.7251218260190164e-11,888.1,BID
830,1712602140.0718503,239735558.10064232,886.9,0.0,888.1,BID
831,1712602140.8861291,239735562.0988373,886.0,-1.8159139145704168e-11,888.1,ASK
832,1712602140.8963425,239735568.0988373,886.5,-2.725100619197972e-11,888.1,ASK
833,1712602140.9015512,239735574.0988373,886.6,-2.725100619197972e-11,888.1,ASK
834,1712602141.8085845,239736250.90349683,886.0,-3.0739346614741914e-09,888.1,ASK
835,1712602141.8161144,239737604.2805417,886.0,-6.146814371984239e-09,888.1,ASK
836,1712602141.8207774,239737611.048438,885.8,-3.073866370106099e-11,888.1,ASK
837,1712602141.8248444,239743134.7376601,885.9,-2.5087681532324626e-08,888.1,ASK
838,1712602141.828841,239750161.8708204,886.0,-3.191607487716888e-08,888.1,ASK
839,1712602141.8327444,239759650.6248164,885.3,-4.309634898299028e-08,888.1,ASK
840,1712602141.8369465,239761220.7358376,885.8,-7.131184193698766e-09,888.1,ASK
841,1712602141.8408315,239773697.9366282,885.4,-5.666937933379685e-08,888.1,ASK
842,1712602141.844733,239773715.9160702,885.3,-8.165964754682389e-11,888.1,ASK
843,1712602141.849495,239773721.9160702,886.0,-2.725100619197972e-11,888.1,ASK
844,1712602141.8541777,239774851.4766711,885.3,-5.1302771549203955e-09,888.1,ASK
845,1712602143.45445,239774857.4766711,886.9,2.725100619197972e-11,888.1,BID
846,1712602145.9045372,239774863.4766711,886.9,2.725100619197972e-11,888.1,BID
847,1712602147.0643122,239774870.2418081,886.9,3.072613165358917e-11,888.1,BID
848,1712602148.4445438,239774876.2418081,886.9,2.725100619197972e-11,888.1,BID
849,1712602150.9942968,239774882.2418081,886.9,2.725100619197972e-11,888.1,BID
850,1712602153.5643134,239774891.2418081,886.9,4.0876509287969566e-11,888.1,BID
851,1712602156.114666,239774897.2418081,886.9,2.725100619197972e-11,888.1,BID
852,1712602156.6744418,239775925.9747401,886.9,4.672334583581097e-09,888.1,BID
853,1712602159.3052213,239776565.981184,886.9,2.906803260747545e-09,888.1,BID
854,1712602159.3139007,239778887.95152763,886.9,1.0546004701928428e-08,888.1,BID
855,1712602159.3178113,239784149.70345816,886.9,2.3898005739944363e-08,888.1,BID
856,1712602160.1644266,239784156.46859515,885.8,-3.072613165358917e-11,888.1,ASK
857,1712602161.5148008,239788151.95376816,885.8,-1.814683186497393e-08,888.1,ASK
858,1712602161.524096,239788630.44580624,885.7,-2.173231582048342e-09,888.1,ASK
859,1712602161.6947854,239788636.44580624,886.9,2.725100619197972e-11,888.1,BID
860,1712602167.3348024,239788642.44580624,885.8,-2.725100619197972e-11,888.1,ASK
861,1712602167.3421788,239789212.3073722,885.7,-2.588216843836601e-09,888.1,ASK
862,1712602169.5247176,239789218.3073722,886.9,2.725100619197972e-11,888.1,BID
863,1712602170.0828514,239789218.3073722,886.9,0.0,888.1,BID
864,1712602171.6241713,239789436.6690429,886.9,9.915484711305412e-10,888.1,BID
865,1712602171.634155,239789792.70006764,886.9,1.616684911697454e-09,888.1,BID
866,1712602172.314115,239789798.70006764,886.9,2.7245124148620865e-11,888.1,BID
867,1712602174.8842971,239789804.70006764,886.9,2.7245124148620865e-11,888.1,BID
868,1712602177.0845938,239790026.7279645,886.8,1.0081962691638091e-09,888.1,BID
869,1712602177.4844298,239790032.7279645,886.8,2.7245124148620865e-11,888.1,BID
870,1712602182.3044178,239790039.4938644,886.8,3.072296350611058e-11,888.1,BID
871,1712602183.264527,239792864.1851408,885.8,-1.28265107513152e-08,888.1,ASK
872,1712602184.0742989,239792870.1851408,886.8,2.7245124148620865e-11,888.1,BID
873,1712602192.2846196,239792870.95104063,886.0,-3.477839492817707e-12,888.1,ASK
874,1712602192.293886,239792876.95104063,886.0,-2.7245124148620865e-11,888.1,ASK
875,1712602195.614976,239796472.6474427,885.8,-1.6327532479068956e-08,888.1,ASK
876,1712602195.624016,239802876.95104063,886.0,-2.9081007768632484e-08,888.1,ASK
877,1712602196.1146193,239802882.95104063,886.7,2.7245124148620865e-11,888.1,BID
878,1712602197.997126,239802892.95104063,885.8,-4.540854024770144e-11,888.1,ASK
879,1712602199.0642457,239802898.95104063,886.7,2.7245124148620865e-11,888.1,BID
880,1712602200.102841,239802898.95104063,886.7,0.0,888.1,BID
1081,1712602201.9144318,239802904.95104063,886.7,2.72483594279354e-11,888.1,BID
881,1712602201.9144318,239802904.95104063,886.7,2.7248359427935398e-11,888.1,BID
882,1712602202.4144962,239803355.1256831,886.7,2.0444200771078443e-09,888.1,BID
1083,1712602204.9273372,239803361.1256831,886.7,2.72483594279354e-11,888.1,BID
883,1712602204.9273372,239803361.1256831,886.7,2.7248359427935398e-11,888.1,BID
884,1712602205.6643195,239803610.9586531,886.7,1.1345897605545796e-09,888.1,BID
885,1712602205.724531,239803833.33945987,886.7,1.0099186921415842e-09,888.1,BID
886,1712602209.6946428,239803995.19380024,886.7,7.35044206915824e-10,888.1,BID
887,1712602210.164251,239805310.99811,886.7,5.9755847945703195e-09,888.1,BID
888,1712602211.024296,239805316.99811,886.7,2.7248359427935398e-11,888.1,BID
1088,1712602211.024296,239805316.99811,886.7,2.72483594279354e-11,888.1,BID
889,1712602213.4148223,239805323.76477283,886.7,3.0730077118191404e-11,888.1,BID
890,1712602213.6541858,239805329.76477283,886.7,2.7248359427935398e-11,888.1,BID
1090,1712602213.6541858,239805329.76477283,886.7,2.72483594279354e-11,888.1,BID
891,1712602214.1543016,239805363.15185103,886.0,-1.5162385115467075e-10,888.1,ASK
892,1712602216.2841372,239805369.15185103,886.7,2.7248359427935398e-11,888.1,BID
1092,1712602216.2841372,239805369.15185103,886.7,2.72483594279354e-11,888.1,BID
893,1712602217.244221,239806505.8370613,886.6,-5.1621345277223445e-09,888.1,ASK
1094,1712602218.934176,239806511.8370613,886.7,2.72483594279354e-11,888.1,BID
894,1712602218.934176,239806511.8370613,886.7,2.7248359427935398e-11,888.1,BID
895,1712602221.604364,239806517.8370613,886.6,2.7248359427935398e-11,888.1,BID
1095,1712602221.604364,239806517.8370613,886.6,2.72483594279354e-11,888.1,BID
896,1712602224.1942446,239806523.8370613,886.6,2.7248359427935398e-11,888.1,BID
1096,1712602224.1942446,239806523.8370613,886.6,2.72483594279354e-11,888.1,BID
897,1712602225.634555,239806577.5750613,886.6,2.440453898479687e-10,888.1,BID
898,1712602225.8571444,239807342.6053592,886.6,3.474303421357562e-09,888.1,BID
899,1712602226.7842386,239807348.6053592,886.6,2.7248359427935398e-11,888.1,BID
1099,1712602226.7842386,239807348.6053592,886.6,2.72483594279354e-11,888.1,BID
900,1712602227.405053,239807806.43035915,886.6,2.079163359263627e-09,888.1,BID
901,1712602227.8844216,239807813.19702205,886.1,-3.0730077118191404e-11,888.1,ASK
1102,1712602229.3241234,239807819.19702205,886.6,2.72483594279354e-11,888.1,BID
902,1712602229.3241234,239807819.19702205,886.6,2.7248359427935398e-11,888.1,BID
903,1712602230.081296,239807819.19702205,886.6,0.0,888.1,BID
904,1712602231.1963506,239808303.07790303,886.6,2.197449825275208e-09,888.1,BID
905,1712602231.2006474,239808747.39391023,886.6,2.0177737348631892e-09,888.1,BID
1105,1712602231.2006474,239808747.39391023,886.6,2.017773734863189e-09,888.1,BID
906,1712602231.2054195,239809188.0584587,886.6,2.0011913530889242e-09,888.1,BID
1106,1712602231.2054195,239809188.0584587,886.6,2.001191353088924e-09,888.1,BID
907,1712602231.2745347,239809674.2950264,886.6,2.208147713090002e-09,888.1,BID
908,1712602232.05434,239809680.2950264,886.6,2.72478195974648e-11,888.1,BID
909,1712602232.943952,239810215.02118275,886.1,2.4283536403963662e-09,888.1,BID
910,1712602232.963787,239814424.98118275,886.1,1.911870509879504e-08,888.1,BID
911,1712602233.0640495,239814956.5857294,886.1,2.4141774639898555e-09,888.1,BID
912,1712602233.2243872,239815096.8877045,886.1,6.3715381778773e-10,888.1,BID
913,1712602233.264295,239815182.55962995,886.1,3.8906219489572205e-10,888.1,BID
914,1712602234.2043943,239815322.8607045,886.6,6.37149728177129e-10,888.1,BID
915,1712602235.0840828,239815328.8607045,886.6,2.72478195974648e-11,888.1,BID
916,1712602236.5141768,239815671.6397045,886.6,1.556663392228437e-09,888.1,BID
917,1712602237.6139617,239815677.6397045,886.5,2.72478195974648e-11,888.1,BID
918,1712602238.4541843,239815845.1622664,886.5,7.607707574259912e-10,888.1,BID
919,1712602238.9042146,239816370.4402664,886.5,2.3854466970731923e-09,888.1,BID
920,1712602240.1675172,239816376.4402664,886.5,2.72478195974648e-11,888.1,BID
921,1712602240.224592,239816382.4402664,886.0,-2.72478195974648e-11,888.1,ASK
922,1712602240.2327223,239816519.280266,886.0,6.21431936938967e-10,888.1,BID
923,1712602240.2397976,239821487.5438461,886.0,2.2562391624202563e-08,888.1,BID
924,1712602240.2448497,239822954.1865853,886.0,6.660469461971957e-09,888.1,BID
925,1712602240.3039556,239823092.52158013,886.0,6.28221163824376e-10,888.1,BID
926,1712602240.3250332,239826376.4402664,886.0,1.491327065590599e-08,888.1,BID
927,1712602242.6140792,239826382.4402664,886.5,2.72478195974648e-11,888.1,BID
928,1712602244.0967908,239826520.5084664,886.5,6.270095675889341e-10,888.1,BID
929,1712602244.1639338,239826572.0179626,886.5,2.3392024352551216e-10,888.1,BID
930,1712602245.1645122,239826578.0179626,886.5,2.72478195974648e-11,888.1,BID
931,1712602246.7041287,239832277.645886,886.0,-2.588373890463841e-08,888.1,ASK
1131,1712602246.7041287,239832277.645886,886.0,-2.5883738904638412e-08,888.1,ASK
1132,1712602247.3943465,239832459.1414393,886.5,8.2422634921211e-10,888.1,BID
932,1712602247.3943465,239832459.1414393,886.5,8.242263492121101e-10,888.1,BID
933,1712602247.405434,239832802.20788592,886.5,1.557968774629336e-09,888.1,BID
934,1712602247.419525,239834535.4679491,886.5,7.871259586130729e-09,888.1,BID
935,1712602249.8245578,239835244.1493491,886.5,3.218337156551228e-09,888.1,BID
936,1712602251.2443943,239835250.1492836,886.6,2.724752184641999e-11,888.1,BID
937,1712602251.254356,239835250.1493491,886.5,2.9775104480198296e-16,888.1,BID
938,1712602251.5644505,239835691.9475084,886.6,2.006339423990894e-09,888.1,BID
939,1712602252.7744532,239835725.82812035,886.6,1.5386213360333423e-10,888.1,BID
940,1712602252.7827442,239836904.06807217,886.6,5.350744941615777e-09,888.1,BID
941,1712602253.8542051,239836910.06807217,886.6,2.72478195974648e-11,888.1,BID
942,1712602255.1643414,239837692.95007217,886.5,3.55530458368049e-09,888.1,BID
943,1712602256.5041618,239837698.95007217,886.5,2.72478195974648e-11,888.1,BID
944,1712602257.9241266,239839836.84268937,886.5,9.708818725350705e-09,888.1,BID
945,1712602259.153916,239839842.84268937,886.5,2.72478195974648e-11,888.1,BID
946,1712602260.014253,239839916.1630512,886.5,3.3296999862828085e-10,888.1,BID
947,1712602260.1043472,239839916.1630512,886.5,0.0,888.1,BID
948,1712602260.4961638,239839975.7060512,886.5,2.7036789573556576e-10,888.1,BID
949,1712602262.0249217,239846375.7060512,886.5,2.9060587024612132e-08,888.1,BID
1149,1712602262.0249217,239846375.7060512,886.5,2.906058702461213e-08,888.1,BID
950,1712602262.084155,239847058.5470512,886.5,3.1005875476670355e-09,888.1,BID
951,1712602262.8071957,239849175.70236576,886.5,9.613402541176198e-09,888.1,BID
952,1712602263.2440152,239849181.70236576,886.5,2.7244300335573867e-11,888.1,BID
953,1712602263.3244083,239849691.7531416,886.5,2.315996087165897e-09,888.1,BID
954,1712602263.335101,239850201.26815808,886.5,2.313563355817807e-09,888.1,BID
955,1712602266.6642427,239851077.8851581,886.6,3.980469471273334e-09,888.1,BID
956,1712602266.9239807,239852829.87065604,886.6,7.955269848293468e-09,888.1,BID
957,1712602267.0641522,239852835.87065604,886.6,2.7244300335573867e-11,888.1,BID
958,1712602268.5041823,239853618.47465605,886.6,3.553583069979985e-09,888.1,BID
959,1712602269.514299,239853624.73023155,886.5,-2.840479631808709e-11,888.1,ASK
960,1712602270.15405,239853630.73023155,886.6,2.7244300335573867e-11,888.1,BID
961,1712602270.3540697,239854907.8642316,886.6,5.799103710810622e-09,888.1,BID
962,1712602271.4140763,239855022.02267057,886.5,-5.183611330398552e-10,888.1,ASK
963,1712602272.294065,239855554.20074943,886.6,2.4164699020786275e-09,888.1,BID
964,1712602272.3138468,239860871.0904303,886.6,2.4142489886088253e-08,888.1,BID
965,1712602272.3188283,239863310.54074943,886.6,1.10768528580655e-08,888.1,BID
966,1712602273.184053,239863316.54074943,886.6,2.7244300335573867e-11,888.1,BID
967,1712602274.2439451,239864442.40574944,886.6,5.112234032928449e-09,888.1,BID
968,1712602274.5845644,239866139.26574945,886.6,7.704960577968601e-09,888.1,BID
969,1712602276.055025,239866763.01100665,886.6,2.8322505200023606e-09,888.1,BID
970,1712602276.0646975,239867371.4834408,886.6,2.762900956772188e-09,888.1,BID
971,1712602276.072594,239867382.79949823,886.6,5.138301140341658e-11,888.1,BID
972,1712602276.081643,239870463.2906604,886.6,1.3987637733922906e-08,888.1,BID
973,1712602276.0859675,239872202.3947408,886.6,7.896778979975963e-09,888.1,BID
974,1712602277.3742142,239872282.5097408,886.6,3.6377952027405366e-10,888.1,BID
975,1712602277.654662,239872726.11151868,886.5,-2.014270011134482e-09,888.1,ASK
976,1712602277.663851,239873290.19555703,886.5,-2.5613458258715323e-09,888.1,ASK
977,1712602279.0839844,239873296.19555703,886.5,2.7244300335573867e-11,888.1,BID
978,1712602279.4444726,239873978.96655703,886.5,3.1002696973936077e-09,888.1,BID
979,1712602281.0439444,239874150.72755703,886.5,7.799180450233106e-10,888.1,BID
980,1712602281.5642352,239874150.7280212,886.5,2.1073991513544908e-15,888.1,BID
981,1712602281.574693,239874157.4949832,886.6,3.0726857747923974e-11,888.1,BID
982,1712602282.4939978,239874163.4949832,886.5,-2.7244300335573867e-11,888.1,ASK
983,1712602284.034751,239874882.5670067,886.5,3.265102361906781e-09,888.1,BID
984,1712602284.0446002,239874976.5670067,886.5,4.2682737192399055e-10,888.1,BID
985,1712602284.554265,239874982.5670067,886.5,2.7244300335573867e-11,888.1,BID
986,1712602287.6739085,239874988.5670067,886.5,2.7244300335573867e-11,888.1,BID
987,1712602290.0840816,239874988.5670067,886.5,0.0,888.1,BID
988,1712602290.2761002,239874994.5670067,886.5,2.7240454296313804e-11,888.1,BID
989,1712602292.4440684,239875001.33443287,886.0,-3.0724627182623275e-11,888.1,ASK
990,1712602294.0938883,239875007.33443287,886.5,2.7240454296313804e-11,888.1,BID
991,1712602296.5341403,239875013.33443287,886.5,2.7240454296313804e-11,888.1,BID
992,1712602299.4067695,239875019.33443287,886.5,2.7240454296313804e-11,888.1,BID
993,1712602304.384287,239875025.33443287,886.4,2.7240454296313804e-11,888.1,BID
1194,1712602306.654449,239875216.45490104,886.4,8.6770139637667e-10,888.1,BID
994,1712602306.654449,239875216.45490104,886.4,8.677013963766701e-10,888.1,BID
995,1712602306.9341102,239875222.45490104,886.4,2.7240454296313804e-11,888.1,BID
996,1712602308.544287,239875947.29025903,886.4,3.290807406963914e-09,888.1,BID
997,1712602308.5545266,239876349.922752,886.4,1.827982003779022e-09,888.1,BID
998,1712602309.3040557,239877086.1754242,886.4,3.3426428779131076e-09,888.1,BID
999,1712602309.4538968,239877092.1754242,886.4,2.7240454296313804e-11,888.1,BID
1000,1712602313.1139295,239877098.1754242,886.3,2.7240454296313804e-11,888.1,BID
1201,1712602314.3643067,239877198.1754242,886.1,-4.5400757160523005e-10,888.1,ASK
1202,1712602314.3674405,239880851.8850101,886.0,-1.6588118164475138e-08,888.1,ASK
1203,1712602315.104658,239881055.09683323,886.3,9.22597063432718e-10,888.1,BID
1204,1712602315.107829,239882362.59131008,886.4,5.936123923240991e-09,888.1,BID
1205,1712602315.4871178,239882475.45812723,886.0,-5.124238956751203e-10,888.1,ASK
1206,1712602315.4886346,239884247.9019373,886.0,-8.047029100326396e-09,888.1,ASK
1207,1712602315.4937084,239885187.09984177,886.0,-4.264029598505176e-09,888.1,ASK
1208,1712602315.7639422,239885193.09984177,886.0,2.7240454296313804e-11,888.1,BID
1209,1712602316.2739427,239891593.09984177,886.0,2.9056484582734723e-08,888.1,BID
1210,1712602316.314032,239891897.37984177,886.0,1.381454238885806e-09,888.1,BID
1211,1712602316.994027,239892362.5912417,886.0,2.1120949798455635e-09,888.1,BID
1212,1712602317.4549954,239892369.36089027,886.3,3.0734716861570784e-11,888.1,BID
1213,1712602317.458258,239892369.3609585,886.0,3.101186019537411e-16,888.1,BID
1214,1712602318.3959591,239892375.3609585,886.0,2.7240454296313804e-11,888.1,BID
1215,1712602318.473895,239892688.84095857,886.0,1.423222935419365e-09,888.1,BID
1216,1712602318.7039714,239893008.32095847,886.0,-1.450463389850984e-09,888.1,ASK
1217,1712602319.9639642,239893170.0792586,886.0,7.343949297289123e-10,888.1,BID
1218,1712602320.1311305,239893170.0792586,886.0,0.0,888.1,BID
1219,1712602320.6843915,239893170.07935563,886.0,4.4052020886385163e-16,888.1,BID
1220,1712602320.686257,239893186.0720376,886.3,7.260267666717424e-11,888.1,BID
1221,1712602321.494275,239895495.2396376,886.3,1.0483028997526802e-08,888.1,BID
1222,1712602322.2339416,239895501.2396376,886.3,2.723846202631678e-11,888.1,BID
1223,1712602324.3842783,239895726.97327188,886.3,1.024772837625753e-09,888.1,BID
1224,1712602324.963723,239895732.97327188,886.3,2.723846202631678e-11,888.1,BID
1225,1712602325.4041193,239896261.03101945,885.9,-2.3972468174933806e-09,888.1,ASK
1226,1712602326.003854,239896691.94051945,886.3,1.956218675434513e-09,888.1,BID
1227,1712602326.0838358,239896698.71023628,885.9,-3.073277912955159e-11,888.1,ASK
1228,1712602331.1239758,239897046.3996884,885.8,-1.5784209895807051e-09,888.1,ASK
1229,1712602331.1637878,239897274.775315,886.3,1.0367668055873432e-09,888.1,BID
1230,1712602331.1661594,239897274.7753884,886.3,3.33096054736733e-16,888.1,BID
1231,1712602332.6738293,239897374.775315,886.3,4.5397403400922485e-10,888.1,BID
1232,1712602332.6774487,239898146.3996884,886.3,3.5029768654654523e-09,888.1,BID
1233,1712602333.3567662,239898152.399615,886.3,2.7238128930262044e-11,888.1,BID
1234,1712602333.3616414,239898152.3996884,886.3,3.33096054736733e-16,888.1,BID
1235,1712602334.193596,239907126.6355884,886.3,4.074073062962625e-08,888.1,BID
1236,1712602334.633966,239907126.6356097,886.3,9.673585667618361e-17,888.1,BID
1237,1712602334.7543452,239907206.4721128,886.3,-3.6243725961488806e-10,888.1,ASK
1238,1712602334.7577803,239907826.6355884,886.3,-2.8153832133862126e-09,888.1,ASK
1239,1712602336.126791,239907832.6355884,886.4,2.723846202631678e-11,888.1,BID
1240,1712602336.7241518,239909647.9737884,886.3,8.24117010428358e-09,888.1,BID
1241,1712602338.774163,239911904.2914396,886.4,1.0243103776704777e-08,888.1,BID
1242,1712602338.7779007,239911904.2914779,886.3,1.741245420171305e-16,888.1,BID
1243,1712602339.0779817,239911910.2914779,886.4,2.723846202631678e-11,888.1,BID
1244,1712602341.9241796,239911916.2914779,886.3,2.723846202631678e-11,888.1,BID
1245,1712602342.0639997,239912884.97147807,885.8,-4.397558900119663e-09,888.1,ASK
1246,1712602342.743914,239912975.2343687,886.3,4.0977038649989246e-10,888.1,BID
1247,1712602344.5541863,239912981.2343687,886.3,2.723846202631678e-11,888.1,BID
1248,1712602347.3039937,239912987.2343687,886.3,2.723846202631678e-11,888.1,BID
1249,1712602348.8274643,239912998.52232447,885.9,-5.1244425724923095e-11,888.1,ASK
1250,1712602348.8338506,239913190.64565903,885.8,-8.721906921158736e-10,888.1,ASK
1251,1712602350.0741625,239913196.64565903,886.3,2.723846202631678e-11,888.1,BID
1252,1712602350.1437137,239913196.64565903,886.3,0.0,888.1,BID
1253,1712602350.575728,239913207.9285204,886.3,5.121717159024439e-11,888.1,BID
1254,1712602352.2564795,239913507.8381126,886.3,1.3614029780810827e-09,888.1,BID
1255,1712602352.263715,239913519.1222471,886.2,5.1222950922892417e-11,888.1,BID
1256,1712602352.863828,239913525.1222471,886.3,2.7236267464006048e-11,888.1,BID
1257,1712602355.1237223,239913531.8919639,886.3,3.0730302900033026e-11,888.1,BID
1258,1712602358.053825,239913538.6616807,885.8,-3.0730302900033026e-11,888.1,ASK
1259,1712602358.6439414,239913544.8672544,886.3,2.8169444212293607e-11,888.1,BID
1260,1712602358.7637954,239913560.1632544,886.3,6.943432453888913e-11,888.1,BID
1261,1712602360.244268,239920040.1632544,886.2,2.9415168861126546e-08,888.1,BID
1262,1712602361.034256,239920049.1632544,886.3,4.085440119600909e-11,888.1,BID
1263,1712602363.8236768,239920055.1632544,886.3,2.7236267464006048e-11,888.1,BID
1264,1712602371.4742951,239920199.78673223,885.9,-6.565006206998118e-10,888.1,ASK
1265,1712602371.8740003,239920374.9032544,885.9,7.94920072500361e-10,888.1,BID
1266,1712602371.8769116,239920419.0497737,886.2,2.0039773428779526e-10,888.1,BID
1267,1712602378.1839435,239920430.4831888,885.8,-5.190059215126243e-11,888.1,ASK
1268,1712602380.073748,239920430.4831888,885.8,-0.0,888.1,ASK
1269,1712602380.1745276,239920436.4831888,886.1,2.7235474912968204e-11,888.1,BID
1270,1712602381.6939988,239920546.29968423,885.8,-4.98484067666994e-10,888.1,ASK
1271,1712602382.5246017,239920553.07092905,886.1,3.0736344620017175e-11,888.1,BID
1272,1712602383.257533,239920559.07092905,886.1,2.7235474912968204e-11,888.1,BID
1273,1712602386.0141432,239920650.6558185,885.8,-4.1572632687203446e-10,888.1,ASK
1274,1712602386.2186074,239920656.6558185,886.0,2.7235474912968204e-11,888.1,BID
1275,1712602389.1636617,239920662.6558185,886.0,2.7235474912968204e-11,888.1,BID
1276,1712602391.9938042,239920668.6558185,886.0,2.7235474912968204e-11,888.1,BID
1277,1712602393.484141,239922248.27199805,886.0,7.170266138130558e-09,888.1,BID
1278,1712602393.4880302,239922455.9292248,886.0,9.42607197964374e-10,888.1,BID
1279,1712602394.4435804,239923363.7235652,886.0,4.120701664025023e-09,888.1,BID
1280,1712602395.2436347,239929049.8735652,886.0,2.5810832612756083e-08,888.1,BID
1281,1712602396.253845,239929056.64481,885.8,-3.0736344620017175e-11,888.1,ASK
1282,1712602397.1170723,239929062.64481,886.0,2.7235474912968204e-11,888.1,BID
1283,1712602398.1035054,239936314.7332077,886.0,3.2919011937353856e-08,888.1,BID
1284,1712602399.0235713,239936904.5732077,885.8,-2.6774287537937604e-09,888.1,ASK
1285,1712602399.6835172,239936910.5732077,886.0,2.7235474912968204e-11,888.1,BID
1286,1712602399.7639046,239937842.5803566,885.8,-4.230609553724429e-09,888.1,ASK
1287,1712602399.7677412,239937878.8841648,885.8,-1.6479190963512808e-10,888.1,ASK
1288,1712602399.9435909,239945912.5141648,886.0,3.646662138748981e-08,888.1,BID
1289,1712602401.4340014,239953356.6940648,886.0,3.3790962485635834e-08,888.1,BID
1290,1712602402.193663,239953362.6940648,885.9,2.7235474912968204e-11,888.1,BID
1291,1712602402.354467,239953908.4697892,885.8,-2.4774101750505222e-09,888.1,ASK
1292,1712602402.3647487,239954086.4439881,885.8,-8.07868638250654e-10,888.1,ASK
1293,1712602402.3669338,239956779.8817736,885.8,-1.2226176205997398e-08,888.1,ASK
1294,1712602402.9434838,239957564.6687736,885.8,3.562341108422761e-09,888.1,BID
1295,1712602402.9645753,239958349.4562736,885.8,3.5623433780164503e-09,888.1,BID
1296,1712602404.447351,239959762.6939736,885.8,6.415033320804628e-09,888.1,BID
1297,1712602404.8237658,239959762.6940648,885.8,4.1395700590651583e-16,888.1,BID
1298,1712602404.8335035,239959768.6939736,885.9,2.7235060955962297e-11,888.1,BID
1299,1712602405.4561903,239959808.8359736,885.9,1.822144056128586e-10,888.1,BID
1300,1712602405.954359,239960808.8359736,885.8,4.539245818828034e-09,888.1,BID
1301,1712602409.6235423,239960814.8359736,885.9,2.7235474912968204e-11,888.1,BID
1302,1712602410.0740888,239960814.8359736,885.9,0.0,888.1,BID
1303,1712602412.113545,239960820.8359736,885.9,2.7231052363733496e-11,888.1,BID
1304,1712602412.5933666,239960830.8371024,885.9,4.539021030869423e-11,888.1,BID
1305,1712602413.6437962,239969901.6340024,885.8,4.116789089413408e-08,888.1,BID
1306,1712602414.5635042,239970031.40107065,885.7,-5.889489718438797e-10,888.1,ASK
1307,1712602414.7637494,239970031.4011289,885.8,2.641590697883145e-16,888.1,BID
1308,1712602414.767932,239970037.40107065,885.9,2.7230788204663708e-11,888.1,BID
1309,1712602417.0737393,239970044.1738441,885.9,3.0738291386506246e-11,888.1,BID
1310,1712602417.1335306,239970614.6021093,885.8,-2.588893659965863e-09,888.1,ASK
1311,1712602417.753552,239970620.6021093,885.9,2.7231052363733496e-11,888.1,BID
1312,1712602420.0845273,239970626.81118584,885.8,-2.8179947991583992e-11,888.1,ASK
1313,1712602420.089142,239970633.0202624,885.8,-2.8179948126842087e-11,888.1,ASK
1314,1712602420.0934236,239970734.9482912,885.7,-4.6260124822849606e-10,888.1,ASK
1315,1712602420.7435868,239970765.0882912,885.9,1.3679065297556406e-10,888.1,BID
1316,1712602420.8035448,239970894.6965991,885.9,5.882284366596825e-10,888.1,BID
1317,1712602421.063656,239970900.6965991,885.9,2.7231052363733496e-11,888.1,BID
1318,1712602422.3342717,239973036.6008184,885.9,9.693819939673732e-09,888.1,BID
1319,1712602423.2011745,239973175.4688184,885.8,6.30253629944403e-10,888.1,BID
1320,1712602423.6537209,239973181.4688184,885.8,2.7231052363733496e-11,888.1,BID
1321,1712602424.7835302,239973195.3978184,885.8,6.321688801804266e-11,888.1,BID
1322,1712602425.3241863,239973624.4369964,885.7,-1.947198054035017e-09,888.1,ASK
1323,1712602425.3272836,239973957.2671336,885.7,-1.510552482356119e-09,888.1,ASK
1324,1712602425.3447993,239973965.32563823,885.4,-3.6573593642331164e-11,888.1,ASK
1325,1712602425.348049,239974615.52261823,885.6,-2.9509246681848195e-09,888.1,ASK
1326,1712602425.351323,239974621.52261823,885.5,-2.7231052363733496e-11,888.1,ASK
1327,1712602425.354565,239974632.57988697,885.3,-5.018351067078055e-11,888.1,ASK
1328,1712602425.3578317,239974745.51043463,885.5,-5.125362762433076e-10,888.1,ASK
1329,1712602425.3611565,239974928.04575264,885.3,-8.28438133723381e-10,888.1,ASK
1330,1712602426.2840922,239974934.04575264,885.8,2.7231052363733496e-11,888.1,BID
1331,1712602426.7943416,239975547.9617089,885.8,2.786262925302365e-09,888.1,BID
1332,1712602426.8035152,239975570.78228647,885.3,-1.0357139083202828e-10,888.1,ASK
1333,1712602430.6438842,239975571.55506,885.3,-3.5072390227727497e-12,888.1,ASK
1334,1712602430.6484792,239975577.55506,885.5,-2.7231052363733496e-11,888.1,ASK
1335,1712602436.2839928,239975583.55506,885.7,2.7231052363733496e-11,888.1,BID
1336,1712602436.6634102,239982270.55506,885.7,3.034900785938098e-08,888.1,BID
1337,1712602437.5084183,239983630.6068529,885.7,6.172606931595447e-09,888.1,BID
1338,1712602438.1336606,239984466.14685288,885.7,3.792105581961109e-09,888.1,BID
1339,1712602439.2534149,239984472.14685288,885.7,2.7231052363733496e-11,888.1,BID
1340,1712602439.6536338,239986865.51081124,885.7,1.086230321259e-08,888.1,BID
1341,1712602439.659479,239987414.3488529,885.7,2.490906241956454e-09,888.1,BID
1342,1712602440.137381,239987414.3488529,885.7,0.0,888.1,BID
1343,1712602440.476298,239987425.6599765,885.5,-5.133014463951287e-11,888.1,ASK
1344,1712602440.485707,239987431.6599765,885.5,-2.7228140868850674e-11,888.1,ASK
1345,1712602440.8088174,239987583.3309765,885.5,6.88286558970552e-10,888.1,BID
1346,1712602441.0867743,239988414.3488529,885.5,3.771178633662862e-09,888.1,BID
1347,1712602441.0919092,239988414.34893164,885.7,3.5731369344146793e-16,888.1,BID
1348,1712602441.2634785,239988430.34171063,885.7,-7.257560652234272e-11,888.1,ASK
1349,1712602442.666141,239989435.95961064,885.7,4.563517640302817e-09,888.1,BID
1350,1712602443.2233567,239989441.95961064,885.7,2.7228140868850674e-11,888.1,BID
1351,1712602444.1539876,239991515.54761064,885.7,9.409991027990892e-09,888.1,BID
1352,1712602446.3634686,239991521.54761064,885.7,2.7228140868850674e-11,888.1,BID
1353,1712602449.513939,239991574.725286,885.7,2.413215391904889e-10,888.1,BID
1354,1712602449.518494,239992763.19981065,885.7,5.393325296021465e-09,888.1,BID
1355,1712602449.5735865,239992763.19983777,885.7,1.2320695485434415e-16,888.1,BID
1356,1712602449.5781202,239992769.19981065,885.8,2.7228017661895808e-11,888.1,BID
1357,1712602454.0234494,239992775.97411343,885.7,3.074194520177557e-11,888.1,BID
1358,1712602454.1433794,240004530.74818853,885.7,5.3343440733014753e-08,888.1,BID
1359,1712602457.133499,240004536.74818853,885.3,-2.7228140868850674e-11,888.1,ASK
1360,1712602457.1508713,240005536.078014,885.2,-4.534982210213696e-09,888.1,ASK
1361,1712602457.1555026,240007229.215176,885.1,-7.683496193140561e-09,888.1,ASK
1362,1712602457.1593196,240007568.15992805,885.1,-1.5381392425392327e-09,888.1,ASK
1363,1712602457.1629305,240007608.03144208,885.3,-1.8093786674248486e-10,888.1,ASK
1364,1712602457.1665409,240008569.4198728,885.1,-4.362803270061525e-09,888.1,ASK
1365,1712602457.1695197,240008579.4198728,885.3,-4.538023478141779e-11,888.1,ASK
1366,1712602457.1715963,240008592.1656077,885.1,-5.7840444493929895e-11,888.1,ASK
1367,1712602457.173692,240010086.64259225,885.0,-6.7819716433427876e-09,888.1,ASK
1368,1712602457.1757915,240011216.3307983,885.2,-5.126551602020335e-09,888.1,ASK
1369,1712602457.177906,240012346.1466383,885.1,-5.127130807923135e-09,888.1,ASK
1370,1712602457.1800284,240012396.1466383,885.0,-2.2690117390708896e-10,888.1,ASK
1371,1712602458.2033985,240012402.1466383,885.7,2.7228140868850674e-11,888.1,BID
1372,1712602458.363359,240013345.1333383,885.7,4.279295784168081e-09,888.1,BID
1373,1712602460.3474116,240013351.1333383,885.5,-2.7228140868850674e-11,888.1,ASK
1374,1712602460.351138,240017358.4760783,885.1,-1.8185415439077813e-08,888.1,ASK
1375,1712602460.354775,240019216.9477542,885.0,-8.43378809870752e-09,888.1,ASK
1376,1712602460.3577492,240019801.7430542,885.6,2.653814801338125e-09,888.1,BID
1377,1712602461.816338,240019801.74307585,885.6,9.818688169511948e-17,888.1,BID
1378,1712602461.820155,240027448.08235425,885.6,3.469926716708137e-08,888.1,BID
1379,1712602462.3340013,240027448.08236733,885.6,5.950720102734515e-17,888.1,BID
1380,1712602462.3388555,240027454.08235425,885.7,2.7228081361649648e-11,888.1,BID
1381,1712602463.6036708,240028113.0339542,885.7,2.9903378316926583e-09,888.1,BID
1382,1712602463.8642788,240028119.8014861,885.7,3.07112186585251e-11,888.1,BID
1383,1712602465.0835297,240035765.5842861,885.7,3.4696741855122605e-08,888.1,BID
1384,1712602465.1637344,240035771.5842861,885.7,2.7228140868850674e-11,888.1,BID
1385,1712602466.916751,240035778.3585889,885.0,-3.074194520177557e-11,888.1,ASK
1386,1712602468.3935225,240035784.3585889,885.7,2.7228140868850674e-11,888.1,BID
1387,1712602470.1272554,240035784.3585889,885.7,0.0,888.1,BID
1388,1712602471.143886,240035790.3585889,885.7,2.7222849500351608e-11,888.1,BID
1389,1712602473.7334085,240035796.3585889,885.7,2.7222849500351608e-11,888.1,BID
1390,1712602474.2536027,240038050.71559465,885.7,1.0228336914577352e-08,888.1,BID
1391,1712602476.6241488,240038056.71559465,885.7,2.7222849500351608e-11,888.1,BID
1392,1712602476.8233976,240040918.90559465,885.6,1.2986161268557745e-08,888.1,BID
1393,1712602478.3134737,240041561.64649463,885.6,2.916206464781541e-09,888.1,BID
1394,1712602479.2775114,240041567.64649463,885.6,2.7222849500351608e-11,888.1,BID
1395,1712602479.393566,240044902.6255788,885.6,1.51312722825024e-08,888.1,BID
1396,1712602479.3973286,240046021.76076308,885.7,5.0776747819349766e-09,888.1,BID
1397,1712602479.4033487,240047065.06289765,885.7,4.733609498814812e-09,888.1,BID
1398,1712602479.8433628,240103366.90968788,885.7,2.554494502936885e-07,888.1,BID
1399,1712602479.846123,240103408.0704977,885.6,1.8675242168218828e-10,888.1,BID
1400,1712602482.1432347,240103414.0704977,885.7,2.7222849500351608e-11,888.1,BID
1401,1712602486.6233816,240103420.0704977,885.7,2.7222849500351608e-11,888.1,BID
1402,1712602487.4233406,240103916.8072942,885.7,2.253765175528545e-09,888.1,BID
1403,1712602489.1533518,240103922.8072942,885.6,2.7222849500351608e-11,888.1,BID
1404,1712602489.7539067,240103948.5042321,885.6,1.1659064573182435e-10,888.1,BID
1405,1712602489.7584422,240104388.9542942,885.6,1.9983842920086437e-09,888.1,BID
1406,1712602491.243846,240105292.923138,885.7,4.101434631240848e-09,888.1,BID
1407,1712602491.250543,240105292.9231895,885.6,2.3365559149090243e-16,888.1,BID
1408,1712602491.8235006,240105298.9231895,885.7,2.7222849500351608e-11,888.1,BID
1409,1712602494.3934577,240105304.9231895,885.7,2.7222849500351608e-11,888.1,BID
1410,1712602496.8637545,240105310.9231895,885.7,2.7222849500351608e-11,888.1,BID
1411,1712602499.33329,240105316.9231895,885.7,2.7222849500351608e-11,888.1,BID
1412,1712602500.1033804,240105316.9231895,885.7,0.0,888.1,BID
1413,1712602501.7937205,240105322.9231895,885.7,2.7226104959998896e-11,888.1,BID
1414,1712602504.9034982,240105328.9231895,885.6,2.7226104959998896e-11,888.1,BID
1415,1712602509.3671105,240105334.9231895,885.6,2.7226104959998896e-11,888.1,BID
1416,1712602509.5244803,240105344.9231895,885.3,-4.5376841599998166e-11,888.1,ASK
1417,1712602509.5294583,240105930.522545,885.3,-2.6572649196438404e-09,888.1,ASK
1418,1712602509.6046815,240106526.12190053,885.1,-2.702641761243839e-09,888.1,ASK
1419,1712602509.863538,240107244.8247936,885.1,-3.2612467336675673e-09,888.1,ASK
1420,1712602510.343648,240107312.5678217,885.3,3.0739646571456195e-10,888.1,BID
1421,1712602512.1137197,240107318.5678217,885.3,2.7226104959998896e-11,888.1,BID
1422,1712602518.6935186,240115091.8896609,885.3,3.527287938051439e-08,888.1,BID
1423,1712602519.203792,240115097.8896609,885.3,2.7226104959998896e-11,888.1,BID
1424,1712602521.1437817,240115124.9991154,885.3,1.2301414192234242e-10,888.1,BID
1425,1712602521.6837535,240115130.9991154,885.3,2.7226104959998896e-11,888.1,BID
1426,1712602524.234222,240115136.9991154,885.3,2.7226104959998896e-11,888.1,BID
1427,1712602527.563956,240115142.9991154,885.3,2.7226104959998896e-11,888.1,BID
1428,1712602527.8938885,240115149.776479,885.3,3.075353544677723e-11,888.1,BID
1429,1712602530.084285,240115149.776479,885.3,0.0,888.1,BID
1430,1712602530.559471,240115155.776479,885.3,2.722502958525367e-11,888.1,BID
