,time,acc_trade_volume,trade_price,dev,high,ask_bid
0,1712601588.4055722,2585317308448.004,0.04095,0.0,0.04189,ASK
1,1712601600.5684695,2585317308448.004,0.04095,-0.0,0.04189,ASK
2,1712601601.4364324,2585317454896.625,0.04097,1.2744616800418309e-06,0.04189,BID
3,1712601611.37633,2585322188877.482,0.04097,4.119722774549863e-05,0.04189,BID
4,1712601624.8065972,2585327069306.9595,0.04098,4.2471689421291215e-05,0.04189,BID
5,1712601624.8082051,2585331949736.437,0.04098,4.247168942554046e-05,0.04189,BID
6,1712601630.5761452,2585331949736.437,0.04098,0.0,0.04189,BID
7,1712601631.4663134,2585336830165.915,0.04098,4.247146767585657e-05,0.04189,BID
8,1712601644.806363,2585340830165.915,0.04098,-3.4809614908950715e-05,0.04189,ASK
9,1712601646.8061726,2585341074127.8574,0.04099,2.123055316696331e-06,0.04189,BID
10,1712601650.1065876,2585341220576.478,0.04098,-1.274455021805848e-06,0.04189,ASK
11,1712601650.5463464,2585354145041.9736,0.04098,-0.0001124739167015,0.04189,ASK
12,1712601654.1961555,2585613724041.9736,0.04099,0.0022589612571126,0.04189,BID
13,1712601654.9262023,2585613968613.8203,0.04099,2.128362950122714e-06,0.04189,BID
14,1712601660.896041,2585613968613.8203,0.04099,0.0,0.04189,BID
15,1712601661.855996,2585757032236.925,0.04099,0.0012448721759395,0.04189,BID
16,1712601672.556403,2585757276808.7715,0.04099,2.1281488637214484e-06,0.04189,BID
17,1712601672.595989,2585819610865.8584,0.04099,0.0005424015664991,0.04189,BID
18,1712601672.6760733,2585870488689.7183,0.04099,0.0004427148279981,0.04189,BID
19,1712601672.96306,2585872635774.373,0.04099,1.868291804812334e-05,0.04189,BID
20,1712601675.7290127,2585964092275.9585,0.04099,0.0007958113436658,0.04189,BID
21,1712601676.366317,2585974188561.638,0.04099,8.785311632853037e-05,0.04189,BID
22,1712601677.186113,2587007748465.638,0.04099,0.0089935508323915,0.04189,BID
23,1712601687.1063335,2587007992487.112,0.04098,-2.123359777036978e-06,0.04189,ASK
24,1712601687.1081076,2587107748465.638,0.04098,-0.0008680294777687,0.04189,ASK
25,1712601688.796125,2587115728465.638,0.04099,6.943819643615431e-05,0.04189,BID
26,1712601690.912474,2587115728465.638,0.04099,0.0,0.04189,BID
27,1712601696.2461658,2587152362868.6123,0.04099,0.0003186046420069,0.04189,BID
28,1712601700.4158986,2587156211386.5435,0.04099,3.347006033039791e-05,0.04189,BID
29,1712601702.1857457,2587156357763.7085,0.04099,1.2730231825587658e-06,0.04189,BID
30,1712601705.49604,2587256357763.7085,0.04098,-0.0008696870049498,0.04189,ASK
31,1712601706.3259947,2587257258166.2456,0.04099,7.830683857479257e-06,0.04189,BID
32,1712601706.6864965,2587352428955.668,0.04098,-0.0008276879881145,0.04189,ASK
33,1712601706.6882498,2587355910593.052,0.04098,-3.027934789053698e-05,0.04189,ASK
34,1712601706.6900172,2587396075302.6943,0.04098,-0.0003493072603331,0.04189,ASK
35,1712601707.327671,2587420477450.0835,0.04098,0.0002122223047722,0.04189,BID
36,1712601708.775921,2587421772874.584,0.04098,1.126613853968348e-05,0.04189,BID
37,1712601713.619531,2587467519275.267,0.04098,0.0003978505019732,0.04189,BID
38,1712601714.2958727,2587479720348.9614,0.04098,0.0001061111523839,0.04189,BID
39,1712601720.5660045,2587479720348.9614,0.04098,0.0,0.04189,BID
40,1712601729.2560935,2587483953132.304,0.04097,-3.680719170141315e-05,0.04189,ASK
41,1712601734.356638,2587486274620.3047,0.04097,-2.0187060604551263e-05,0.04189,ASK
42,1712601734.360114,2587486923457.66,0.04097,-5.642122214109866e-06,0.04189,ASK
43,1712601739.756194,2587489961562.0444,0.04097,-2.6418571758914943e-05,0.04189,ASK
44,1712601739.757972,2587493284615.498,0.04097,-2.889641533626067e-05,0.04189,ASK
45,1712601739.759797,2587493528696.533,0.04097,-2.1224656978991343e-06,0.04189,ASK
46,1712601747.186187,2587494004184.75,0.04097,4.134722836047233e-06,0.04189,BID
47,1712601749.73606,2587501512646.1943,0.04098,6.529164320119914e-05,0.04189,BID
48,1712601750.565932,2587501512646.1943,0.04098,0.0,0.04189,BID
49,1712601756.4166625,2587501659023.36,0.04097,-1.2728481765738305e-06,0.04189,ASK
50,1712601757.8058088,2587535972664.16,0.04098,0.0002983802491796,0.04189,BID
51,1712601765.485895,2587536704907.2646,0.04097,-6.367347646088517e-06,0.04189,ASK
52,1712601772.815962,2587585553101.506,0.04098,0.0004247679940026,0.04189,BID
53,1712601780.8956509,2587585553101.506,0.04098,0.0,0.04189,BID
54,1712601789.6757505,2587602222682.772,0.04098,0.0001449489108299,0.04189,BID
55,1712601796.6957586,2587603906638.2563,0.04098,1.464269014618114e-05,0.04189,BID
56,1712601801.975811,2587722800387.985,0.04098,0.0010338303795711,0.04189,BID
57,1712601804.4657466,2587734983623.852,0.04097,-0.0001059382801008,0.04189,ASK
58,1712601805.7455685,2587759385771.241,0.04098,0.0002121867747908,0.04189,BID
59,1712601809.05576,2587776433816.3926,0.04097,-0.0001482398110079,0.04189,ASK
60,1712601810.5709486,2588033537729.1343,0.04098,0.0022356249702436,0.04189,BID
61,1712601810.5724251,2588034247406.0977,0.04099,6.170935024744374e-06,0.04189,BID
62,1712601810.5816371,2588044231050.787,0.04098,8.681192411181011e-05,0.04189,BID
63,1712601810.5843775,2588044475669.182,0.04098,2.127058224259739e-06,0.04189,BID
64,1712601810.585853,2588144475669.182,0.04099,0.0008695414030861,0.04189,BID
65,1712601810.587376,2588339381272.321,0.04098,0.0016947849162255,0.04189,BID
66,1712601810.5888803,2588349381272.321,0.041,8.695414030861852e-05,0.04189,BID
67,1712601810.590434,2588401097069.568,0.04099,0.0004496902689993,0.04189,BID
68,1712601810.5915678,2588426097069.568,0.041,0.0002173853507715,0.04189,BID
69,1712601810.5924451,2588495051465.897,0.04099,0.0005995870253296,0.04189,BID
70,1712601810.5933297,2588496389818.9424,0.041,1.163753384930616e-05,0.04189,BID
71,1712601810.594689,2588501269057.781,0.04099,4.242700185941183e-05,0.04189,BID
72,1712601810.5955884,2588502733543.9907,0.04098,1.2734313933852223e-05,0.04189,BID
73,1712601810.596496,2588503264451.0693,0.04099,4.616456860457801e-06,0.04189,BID
74,1712601810.5974038,2588505703475.4595,0.041,2.1208326903609093e-05,0.04189,BID
75,1712601810.5983317,2588522619756.899,0.04099,0.0001470940709786,0.04189,BID
76,1712601810.5992837,2588523619756.899,0.04099,8.695414030861852e-06,0.04189,BID
77,1712601810.6002028,2588523863659.338,0.041,2.120832689936329e-06,0.04189,BID
78,1712601810.601119,2588545199703.5605,0.04099,0.0001855257382967,0.04189,BID
79,1712601810.6020362,2588564783546.89,0.041,0.0001702896260663,0.04189,BID
80,1712601810.6029935,2588579853363.516,0.04099,0.0001310382949277,0.04189,BID
81,1712601810.6039257,2588886284660.455,0.041,0.0026645469989025,0.04189,BID
82,1712601810.604876,2588964800777.556,0.041,0.0006827301462852,0.04189,BID
83,1712601810.605813,2588990383293.4946,0.041,-0.0002224505680404,0.04189,ASK
84,1712601810.9160445,2588990383293.4946,0.041,-0.0,0.04189,ASK
85,1712601811.6761656,2588990529599.274,0.04101,1.271552662265604e-06,0.04189,BID
86,1712601819.4358635,2588991600349.895,0.04101,9.305960498741474e-06,0.04189,BID
87,1712601819.4454498,2589257174750.993,0.04101,0.0023081237007098,0.04189,BID
88,1712601825.7356656,2589267855454.6675,0.04102,9.282666246826196e-05,0.04189,BID
89,1712601825.7476609,2589293650425.499,0.04102,0.0002241857019698,0.04189,BID
90,1712601825.7497375,2589300111327.561,0.04102,5.615210319831711e-05,0.04189,BID
91,1712601835.7356434,2589316937869.492,0.04102,0.0001462405264609,0.04189,BID
92,1712601836.4355235,2589341316221.515,0.04102,0.0002118737794639,0.04189,BID
93,1712601839.065651,2589365105448.3057,0.04102,0.0002067536552835,0.04189,BID
94,1712601840.5493753,2589365105448.3057,0.04102,0.0,0.04189,BID
95,1712601843.7661226,2589381330267.6016,0.04102,0.0001409920854398,0.04189,BID
96,1712601843.768325,2589386148055.8804,0.04102,4.186610674971325e-05,0.04189,BID
97,1712601843.770496,2589389483800.329,0.04102,2.898729149111733e-05,0.04189,BID
98,1712601850.4053884,2589389735615.6494,0.04101,-2.188250390285614e-06,0.04189,ASK
99,1712601855.1938586,2589389881921.4287,0.04101,-1.2713828461672645e-06,0.04189,ASK
100,1712601855.9856684,2589390690208.355,0.04101,-7.023933967469023e-06,0.04189,ASK
101,1712601855.9875112,2589392318568.602,0.04101,-1.4150290545290192e-05,0.04189,ASK
102,1712601866.4353926,2589392672517.895,0.04102,3.07578457704242e-06,0.04189,BID
103,1712601866.765395,2589393891732.7207,0.04101,-1.059485703583578e-05,0.04189,ASK
104,1712601868.5857625,2589396861301.1187,0.04101,-2.5805257590078554e-05,0.04189,ASK
105,1712601868.595657,2589398982712.4736,0.04101,-1.8434856226108288e-05,0.04189,ASK
106,1712601870.5854847,2589398982712.4736,0.04101,-0.0,0.04189,ASK
107,1712601872.3253407,2589399129018.253,0.04101,1.271367494294054e-06,0.04189,BID
108,1712601872.5857718,2589403240893.4053,0.04101,3.573135958407704e-05,0.04189,BID
109,1712601874.6952164,2589405679323.0566,0.04101,2.1189458207118424e-05,0.04189,BID
110,1712601875.6960354,2589413891732.7207,0.04101,7.136417130542174e-05,0.04189,BID
111,1712601875.698603,2589414379418.651,0.04101,4.237891640575072e-06,0.04189,BID
112,1712601875.7355492,2589414379418.651,0.04101,0.0,0.04189,BID
113,1712601877.0557115,2589449476572.844,0.04102,0.0003049871385676,0.04189,BID
114,1712601877.0582192,2589512533109.6006,0.04102,0.0005479484919874,0.04189,BID
115,1712601877.065091,2589512684735.915,0.04102,1.317601863725074e-06,0.04189,BID
116,1712601877.1157246,2589512684735.915,0.04102,0.0,0.04189,BID
117,1712601884.1858656,2589524214149.1704,0.04102,0.0001001882585336,0.04189,BID
118,1712601889.765528,2589533847815.675,0.04102,8.371460446346319e-05,0.04189,BID
119,1712601890.048489,2589533998961.457,0.04102,1.3134261363153408e-06,0.04189,BID
120,1712601900.6186454,2589533998961.457,0.04102,0.0,0.04189,BID
121,1712601905.8556678,2589534932701.096,0.04102,8.118245947758644e-06,0.04189,BID
122,1712601916.0556984,2589546334267.4053,0.04101,-9.912904583343982e-05,0.04189,ASK
123,1712601916.0582814,2589548573942.496,0.04101,-1.947248726283252e-05,0.04189,ASK
124,1712601920.9951997,2589548720248.275,0.041,-1.2720315665455163e-06,0.04189,ASK
125,1712601930.44539,2589565795797.383,0.041,-0.0001484605574587,0.04189,ASK
126,1712601930.4473846,2589570671467.787,0.04101,-4.239071561521308e-05,0.04189,ASK
127,1712601930.5862334,2589570671467.787,0.04101,-0.0,0.04189,ASK
128,1712601941.6252816,2589570817737.8994,0.04102,1.2717048432848224e-06,0.04189,BID
129,1712601947.845256,2589571096118.748,0.041,-2.4203049227561978e-06,0.04189,ASK
130,1712601960.885502,2589571096118.748,0.041,-0.0,0.04189,ASK
131,1712601961.4379995,2589572580521.1865,0.041,-1.290572253944974e-05,0.04189,ASK
132,1712601961.4407032,2589610162890.4907,0.041,-0.0003267494163869,0.04189,ASK
133,1712601961.4434247,2589644971670.62,0.041,-0.0003026352197318,0.04189,ASK
134,1712601965.7054293,2589646075598.083,0.041,-9.597789093960472e-06,0.04189,ASK
135,1712601965.7152236,2589697400646.2363,0.041,-0.0004462313004905,0.04189,ASK
136,1712601966.2354257,2589703117817.7065,0.041,-4.970635103274591e-05,0.04189,ASK
137,1712601969.665013,2589793117817.7065,0.041,-0.0007824798707286,0.04189,ASK
138,1712601969.6853988,2589805409512.8286,0.041,-0.0001068667112239,0.04189,ASK
139,1712601969.687508,2589915580150.191,0.041,-0.0009578478453483,0.04189,ASK
140,1712601969.6896236,2589946810925.0474,0.041,-0.0002715272519158,0.04189,ASK
141,1712601970.2648566,2589948294590.2427,0.04098,-1.289931278036328e-05,0.04189,ASK
142,1712601971.5903044,2589948782389.291,0.04098,-4.241032625405672e-06,0.04189,ASK
143,1712601972.5555654,2589951220194.7783,0.041,-2.119481913964134e-05,0.04189,ASK
144,1712601981.605384,2589951366464.8906,0.04097,-1.2717046507514925e-06,0.04189,ASK
145,1712601984.375445,2589951610545.9253,0.04097,-2.1220944050478094e-06,0.04189,ASK
146,1712601984.3783145,2590133203296.8,0.04097,-0.0015788074692129,0.04189,ASK
147,1712601985.1351626,2590133447497.0435,0.04095,-2.1231308385228505e-06,0.04189,ASK
148,1712601985.1379209,2590158090435.688,0.04095,-0.0002142511493882,0.04189,ASK
149,1712601988.5448563,2590158267969.265,0.04095,-1.5435161166344547e-06,0.04189,ASK
150,1712601990.706306,2590165776430.71,0.04095,-6.528022156352188e-05,0.04189,ASK
151,1712601990.9051852,2590165776430.71,0.04095,-0.0,0.04189,ASK
152,1712601991.154987,2590167810325.2925,0.04098,1.7679381948237044e-05,0.04189,BID
153,1712601996.295078,2590180011398.988,0.04098,0.0001060563531086,0.04189,BID
154,1712602004.3252518,2590182451018.4067,0.04099,2.120609587890902e-05,0.04189,BID
155,1712602006.5152595,2590182597395.572,0.04099,1.2723657516310163e-06,0.04189,BID
156,1712602007.1558557,2590275088934.127,0.04095,-0.0008039714797172,0.04189,ASK
157,1712602007.3015904,2590275088934.127,0.04095,-0.0,0.04189,ASK
158,1712602007.3029351,2590283339403.106,0.04094,-7.171620082256188e-05,0.04189,ASK
159,1712602007.334951,2590283339403.106,0.04094,-0.0,0.04189,ASK
160,1712602007.46092,2590283339403.106,0.04093,-0.0,0.04189,ASK
161,1712602007.463725,2590295555381.606,0.04093,-0.0001061859113196,0.04189,ASK
162,1712602007.466777,2590299220187.372,0.04093,-3.1855879582980296e-05,0.04189,ASK
163,1712602007.5346644,2590315100971.6377,0.04093,-0.0001380417908983,0.04189,ASK
164,1712602007.5547662,2590356257390.8374,0.04093,-0.000357747181642,0.04189,ASK
165,1712602008.3554096,2590357479585.9,0.04091,-1.06237823291805e-05,0.04189,ASK
166,1712602008.358267,2590396098702.1543,0.04091,-0.0003356919835633,0.04189,ASK
167,1712602008.361086,2590429061498.689,0.04093,-0.0002865251105081,0.04189,ASK
168,1712602008.36525,2590442238015.996,0.0409,-0.0001145352783835,0.04189,ASK
169,1712602008.3672462,2590488563466.349,0.04092,-0.0004026783579458,0.04189,ASK
170,1712602008.3685253,2590641124175.804,0.04092,-0.0013261154614066,0.04189,ASK
171,1712602008.3698254,2590642711087.0664,0.04091,-1.3794033655255891e-05,0.04189,ASK
172,1712602009.1250043,2590688113026.972,0.04098,0.0003946508554,0.04189,BID
173,1712602009.1266296,2590769119697.008,0.04098,0.0007041406532152,0.04189,BID
174,1712602009.127938,2590817596052.488,0.04098,0.0004213748398582,0.04189,BID
175,1712602020.6374462,2590817596052.488,0.04098,0.0,0.04189,BID
176,1712602024.115456,2590878027523.7925,0.04097,0.0005251714067508,0.04189,BID
177,1712602024.1184323,2590961852872.3857,0.04097,0.0007284726863615,0.04189,BID
178,1712602024.120762,2591040795360.5938,0.04098,0.0006860388583886,0.04189,BID
179,1712602025.5748434,2591043233790.245,0.04098,2.11908381944732e-05,0.04189,BID
180,1712602025.6150792,2591057011709.8813,0.04097,-0.0001197351194872,0.04189,ASK
181,1712602025.6245663,2591067533136.7886,0.04097,-9.14350164012342e-05,0.04189,ASK
182,1712602027.9050567,2591068021179.7363,0.04098,4.241270250305622e-06,0.04189,BID
183,1712602030.5153186,2591079294540.18,0.0409,-9.796959159334672e-05,0.04189,ASK
184,1712602030.518329,2591080517034.068,0.0409,-1.0623915335576308e-05,0.04189,ASK
185,1712602030.521157,2591091810406.527,0.0409,-9.814350326410984e-05,0.04189,ASK
186,1712602042.694732,2591152275771.165,0.04097,0.0005254659521135,0.04189,BID
187,1712602042.707831,2591164991921.7085,0.04099,0.0001105079609214,0.04189,BID
188,1712602045.0668838,2591166822961.24,0.04098,1.591239772818324e-05,0.04189,BID
189,1712602050.545091,2591166822961.24,0.04098,0.0,0.04189,BID
190,1712602051.8946958,2591166969338.4053,0.0409,-1.2719125180142303e-06,0.04189,ASK
191,1712602053.015138,2591187547548.0054,0.0409,-0.0001788098736691,0.04189,ASK
192,1712602053.9352012,2591189928801.061,0.0409,-2.0691380174438767e-05,0.04189,ASK
193,1712602053.9376426,2591191430739.5786,0.0409,-1.3050767861670956e-05,0.04189,ASK
194,1712602053.9444766,2591256194161.367,0.0409,-0.0005627476584912,0.04189,ASK
195,1712602055.1448677,2591256340574.2515,0.04096,1.272222892561324e-06,0.04189,BID
196,1712602061.8253062,2591263181809.1006,0.0409,-5.9445421291976976e-05,0.04189,ASK
197,1712602070.5168858,2591265329172.9185,0.04096,1.8659050542153926e-05,0.04189,BID
198,1712602074.8748937,2591265475657.293,0.04096,1.2728440956365722e-06,0.04189,BID
199,1712602079.5548031,2591294715668.293,0.04091,-0.0002540747117752,0.04189,ASK
200,1712602080.89478,2591294715668.293,0.04091,-0.0,0.04189,ASK
201,1712602083.924938,2591300366088.184,0.04096,4.909586218730381e-05,0.04189,BID
202,1712602083.9283504,2591300536743.216,0.04096,1.4828023506219948e-06,0.04189,BID
203,1712602086.6351595,2591311579522.974,0.04091,-9.594946989723402e-05,0.04189,ASK
204,1712602086.63867,2591526890959.057,0.04091,-0.0018708168238648,0.04189,ASK
205,1712602086.64186,2591569475959.917,0.0409,-0.0003700162773621,0.04189,ASK
206,1712602094.4045177,2591579765064.7173,0.0409,-8.940087304733633e-05,0.04189,ASK
207,1712602094.9050033,2591604445170.7524,0.0409,-0.0002144426623374,0.04189,ASK
208,1712602096.9149804,2591605421244.971,0.04096,8.48099897988813e-06,0.04189,BID
209,1712602103.978474,2591705421244.971,0.0409,-0.0008688887399104,0.04189,ASK
210,1712602103.9799798,2591728789465.177,0.0409,-0.0002030438340836,0.04189,ASK
211,1712602103.984464,2591736113683.927,0.0409,-6.363931200516356e-05,0.04189,ASK
212,1712602110.90454,2591736113683.927,0.0409,-0.0,0.04189,ASK
213,1712602113.714852,2591738953020.533,0.04096,2.466680620351772e-05,0.04189,BID
214,1712602113.9965322,2591755706578.1934,0.0409,-0.0001455469418752,0.04189,ASK
215,1712602116.2276833,2591760596553.744,0.0409,-4.248178217588158e-05,0.04189,ASK
216,1712602116.2312586,2591761607610.237,0.04089,-8.783578009410107e-06,0.04189,ASK
217,1712602116.2344656,2591763075320.6084,0.04088,-1.2750769745483594e-05,0.04189,ASK
218,1712602116.2376697,2591764667867.086,0.04088,-1.383528646881039e-05,0.04189,ASK
219,1712602116.2392993,2591766134859.751,0.0409,-1.274453465234028e-05,0.04189,ASK
220,1712602116.2408288,2591766954326.2217,0.04086,-7.119135004010995e-06,0.04189,ASK
221,1712602116.2423532,2591787909530.249,0.04088,-0.00018204884744,0.04189,ASK
222,1712602116.2438948,2591891533382.696,0.04087,-0.0009002347522136,0.04189,ASK
223,1712602116.245438,2591995514319.732,0.04086,-0.0009033369333245,0.04189,ASK
224,1712602116.2472372,2591996737710.972,0.04087,-1.0628241317158446e-05,0.04189,ASK
225,1712602116.248778,2592001618083.286,0.04095,4.239835382543707e-05,0.04189,BID
226,1712602116.250347,2592019321129.5303,0.04087,-0.000153795647168,0.04189,ASK
227,1712602116.251925,2592020544820.181,0.04086,-1.0630842454454796e-05,0.04189,ASK
228,1712602116.253503,2592020898950.508,0.04086,-3.076515868756474e-06,0.04189,ASK
229,1712602121.20481,2592021045434.8823,0.04086,-1.2725865900387428e-06,0.04189,ASK
230,1712602127.62525,2592021251718.501,0.0409,-1.792093981638919e-06,0.04189,ASK
231,1712602135.554809,2592052522491.163,0.04086,-0.0002716656022183,0.04189,ASK
232,1712602135.559017,2592145607963.9146,0.04086,-0.0008086823209023,0.04189,ASK
233,1712602140.5645063,2592145607963.9146,0.04086,-0.0,0.04189,ASK
234,1712602144.664474,2592148562309.97,0.04086,-2.566222261218346e-05,0.04189,ASK
235,1712602146.347685,2592148709009.237,0.0409,1.2742682020462066e-06,0.04189,BID
236,1712602148.694678,2592172474437.1094,0.0409,0.0002064327228593,0.04189,BID
237,1712602153.2748084,2592299797255.917,0.04086,-0.0011059593081817,0.04189,ASK
238,1712602153.2777658,2592303757437.1094,0.04086,-3.4399169707513044e-05,0.04189,ASK
239,1712602158.1664536,2592321500023.354,0.04086,-0.0001541167450754,0.04189,ASK
240,1712602163.6245685,2592343502844.5366,0.04086,-0.0001911222601028,0.04189,ASK
241,1712602164.818125,2592344006011.2573,0.04086,-4.370637750093754e-06,0.04189,ASK
242,1712602164.822581,2592383372844.5366,0.04086,-0.000341950611105,0.04189,ASK
243,1712602165.1148152,2592385855472.021,0.04086,-2.156475171808074e-05,0.04189,ASK
244,1712602165.6348703,2592606786472.021,0.04086,-0.0019190644552497,0.04189,ASK
245,1712602165.6546416,2592608010162.6724,0.04086,-1.0629297076115087e-05,0.04189,ASK
246,1712602165.658008,2592610850694.65,0.04086,-2.4673603759072264e-05,0.04189,ASK
247,1712602166.154488,2592612988896.3784,0.04086,1.8572979506488388e-05,0.04189,BID
248,1712602166.654379,2592681136345.2905,0.04086,0.00059194656668,0.04189,BID
249,1712602170.5746264,2592681136345.2905,0.04086,0.0,0.04189,BID
250,1712602171.7945828,2592701156341.7344,0.04086,0.0001738658776256,0.04189,BID
251,1712602171.7986312,2592702958115.754,0.04086,1.5647706135591485e-05,0.04189,BID
252,1712602172.2342813,2592727419863.356,0.04086,-0.0002124407577702,0.04189,ASK
253,1712602175.0876234,2592738189848.672,0.04086,-9.35331309483325e-05,0.04189,ASK
254,1712602175.6672451,2592762184586.172,0.04086,-0.0002083849567873,0.04189,ASK
255,1712602186.004475,2592764700951.353,0.04086,-2.1853652265865288e-05,0.04189,ASK
256,1712602186.764266,2592765656634.11,0.04086,-8.29973280539986e-06,0.04189,ASK
257,1712602187.6142063,2592765803333.3765,0.04086,-1.2740260372303738e-06,0.04189,ASK
258,1712602188.0147693,2592766170440.572,0.04086,-3.1881831185498216e-06,0.04189,ASK
259,1712602200.644145,2592766170440.572,0.04086,-0.0,0.04189,ASK
260,1712602208.524617,2592790825807.455,0.04086,-0.0002143073833007,0.04189,ASK
261,1712602208.5283403,2592805791712.174,0.04086,-0.000130085424978,0.04189,ASK
262,1712602211.1943004,2592807958048.136,0.04086,1.883005000678087e-05,0.04189,BID
263,1712602212.3629632,2592808104891.0137,0.04086,1.2763757714258556e-06,0.04189,BID
264,1712602218.1942968,2592810797010.446,0.04086,2.3400222505850075e-05,0.04189,BID
265,1712602226.0860033,2592834562438.319,0.04085,-0.0002065719275077,0.04189,ASK
266,1712602230.58584,2592834562438.319,0.04085,-0.0,0.04189,ASK
267,1712602232.3644793,2592837562438.319,0.04086,2.6075723716007787e-05,0.04189,BID
268,1712602239.2341158,2592838285688.4414,0.04086,6.28642345780222e-06,0.04189,BID
269,1712602249.2673228,2592843179202.5166,0.04085,-4.253397367506277e-05,0.04189,ASK
270,1712602249.276518,2592905977787.6187,0.04085,-0.0005458395182924,0.04189,ASK
271,1712602249.278207,2593147867416.728,0.04084,-0.0021024823794745,0.04189,ASK
272,1712602256.5146232,2593148014259.6064,0.04084,-1.2763447757634251e-06,0.04189,ASK
273,1712602258.0993533,2593381817854.8525,0.04084,-0.0020321993178154,0.04189,ASK
274,1712602260.6145089,2593381817854.8525,0.04084,-0.0,0.04189,ASK
275,1712602262.5341249,2593406303653.09,0.04084,0.0002127869651646,0.04189,BID
276,1712602268.6940095,2593416097972.3843,0.04084,8.511478606161669e-05,0.04189,BID
277,1712602269.2343235,2593417941591.833,0.04084,1.6021457978041563e-05,0.04189,BID
278,1712602269.2380593,2593422090504.941,0.04084,3.605496624223256e-05,0.04189,BID
279,1712602277.5440052,2593423443711.8555,0.04084,-1.1759665329120857e-05,0.04189,ASK
280,1712602277.8240638,2593428977987.076,0.04084,4.8094067307199606e-05,0.04189,BID
281,1712602283.6870215,2593449121353.121,0.04086,0.0001750502755704,0.04189,BID
282,1712602283.692157,2593453453920.785,0.04084,3.7650964680489706e-05,0.04189,BID
283,1712602285.8544192,2593455901276.9307,0.04084,2.1268062483920348e-05,0.04189,BID
284,1712602290.593781,2593455901276.9307,0.04084,0.0,0.04189,BID
285,1712602299.2638395,2593475901276.9307,0.04084,0.0001737998228448,0.04189,BID
286,1712602300.5636444,2593480881847.4497,0.04084,4.328111369379081e-05,0.04189,BID
287,1712602301.0037122,2593481371563.4146,0.04084,4.2556273967062665e-06,0.04189,BID
288,1712602306.1240609,2593481518478.204,0.04084,1.276688219860512e-06,0.04189,BID
289,1712602320.876484,2593481518478.204,0.04084,0.0,0.04189,BID
290,1712602329.774164,2593481878488.0005,0.04083,-3.1284534993067443e-06,0.04189,ASK
291,1712602329.7781348,2593490748582.467,0.04083,-7.708034156519479e-05,0.04189,ASK
292,1712602333.3238978,2593491217265.131,0.04084,4.07281117115964e-06,0.04189,BID
293,1712602339.08409,2593515672047.292,0.04083,-0.0002125099083264,0.04189,ASK
294,1712602339.0860891,2593516305185.742,0.04083,-5.501917503187829e-06,0.04189,ASK
295,1712602342.473891,2593523679877.4365,0.04083,6.408542286630059e-05,0.04189,BID
296,1712602350.9237416,2593523679877.4365,0.04083,0.0,0.04189,BID
297,1712602354.9338086,2593529143869.2407,0.04083,4.748089841902734e-05,0.04189,BID
298,1712602355.4563324,2593529290784.0303,0.04082,-1.27665751503369e-06,0.04189,ASK
299,1712602361.4636414,2593554693802.9346,0.04082,-0.0002207467000965,0.04189,ASK
300,1712602363.713652,2593555395014.0864,0.04082,-6.093372147072267e-06,0.04189,ASK
301,1712602366.0837576,2593575395014.0864,0.04082,-0.0001737956428944,0.04189,ASK
302,1712602380.5538309,2593575395014.0864,0.04082,-0.0,0.04189,ASK
303,1712602381.3038492,2593575541964.858,0.04083,1.2769467649820591e-06,0.04189,BID
304,1712602387.2735918,2593593326314.6006,0.04083,0.0001545392898711,0.04189,BID
305,1712602388.3141832,2593642557084.577,0.04082,-0.0004277968181053,0.04189,ASK
306,1712602390.584108,2593643141715.976,0.04083,5.080226292116346e-06,0.04189,BID
307,1712602393.0745325,2593643386633.928,0.04083,2.1282446097177585e-06,0.04189,BID
308,1712602397.8937316,2593643631551.881,0.04083,2.1282446097177585e-06,0.04189,BID
309,1712602399.3737285,2593644274473.156,0.04082,-5.586743327931299e-06,0.04189,ASK
310,1712602400.408479,2593654065068.306,0.04083,8.507657821905118e-05,0.04189,BID
311,1712602402.143614,2593656063513.077,0.04083,1.7365731118942193e-05,0.04189,BID
312,1712602410.553459,2593656063513.077,0.04083,0.0,0.04189,BID
313,1712602413.493787,2593656384973.715,0.04082,-2.7932917314869755e-06,0.04189,ASK
314,1712602418.1735232,2593656545704.0337,0.04082,-1.3966458657434878e-06,0.04189,ASK
315,1712602426.61385,2593656716566.145,0.04083,1.4846848006617331e-06,0.04189,BID
316,1712602427.5837154,2593656863516.9165,0.04082,-1.2769102241127115e-06,0.04189,ASK
317,1712602428.4652832,2593665450058.445,0.04082,-7.461167135448761e-05,0.04189,ASK
318,1712602428.4695578,2593786701831.468,0.04082,-0.0010536020131153,0.04189,ASK
319,1712602435.8562877,2593786946749.4204,0.04083,2.128183708268806e-06,0.04189,BID
320,1712602439.6236424,2593811560949.541,0.04082,-0.0002138819924216,0.04189,ASK
321,1712602439.628029,2593813869577.031,0.04082,-2.0060527855169552e-05,0.04189,ASK
322,1712602440.8748276,2593813869577.031,0.04082,-0.0,0.04189,ASK
323,1712602444.4642105,2593814016527.8022,0.04083,1.2768387544852827e-06,0.04189,BID
324,1712602459.293932,2593814785361.9927,0.04083,6.680313959551568e-06,0.04189,BID
325,1712602464.49395,2593829524194.082,0.04082,-0.0001280640572175,0.04189,ASK
326,1712602464.498027,2593836458434.6504,0.04082,-6.025083775451103e-05,0.04189,ASK
327,1712602464.5012124,2593841522640.922,0.04082,-4.400231970763218e-05,0.04189,ASK
328,1712602464.993424,2593859161053.465,0.04082,0.0001532581862277,0.04189,BID
329,1712602467.4033685,2593860385331.086,0.04082,1.0637610793542253e-05,0.04189,BID
330,1712602467.4133058,2593887918087.724,0.04082,0.0002392290311805,0.04189,BID
331,1712602470.9034731,2593887918087.724,0.04082,0.0,0.04189,BID
332,1712602471.2934835,2593888468301.034,0.04081,-4.780616119377235e-06,0.04189,ASK
333,1712602495.903432,2593951900232.635,0.04081,-0.000551138456939,0.04189,ASK
334,1712602500.593277,2593951900232.635,0.04081,-0.0,0.04189,ASK
335,1712602500.6435828,2593952047183.4062,0.04081,-1.2773289821360643e-06,0.04189,ASK
336,1712602501.163631,2593954044825.98,0.04082,1.7363956171173414e-05,0.04189,BID
337,1712602501.167171,2593954243803.9883,0.04082,1.7295613642785309e-06,0.04189,BID
338,1712602505.447678,2593955816501.8564,0.04081,-1.367024172012025e-05,0.04189,ASK
339,1712602505.4512277,2593985098871.2085,0.04081,-0.0002545289055727,0.04189,ASK
340,1712602505.4546585,2594278785954.199,0.04081,-0.0025527938301633,0.04189,ASK
341,1712602505.457697,2594286138895.3755,0.0408,-6.39134097325196e-05,0.04189,ASK
342,1712602505.4597645,2594289019521.448,0.04081,-2.5039046284917903e-05,0.04189,ASK
343,1712602505.461848,2594289249031.2515,0.0408,-1.994950560674741e-06,0.04189,ASK
344,1712602505.4639657,2594289994765.292,0.04081,-6.482087118762007e-06,0.04189,ASK
345,1712602505.4660566,2594388687134.793,0.0408,-0.0008578561555446,0.04189,ASK
346,1712602505.468188,2594489046879.954,0.04081,-0.0008723493578059,0.04189,ASK
347,1712602505.4702988,2594640942845.64,0.0408,-0.0013203137164948,0.04189,ASK
348,1712602510.8235087,2594641602392.209,0.0408,5.732926332728287e-06,0.04189,BID
349,1712602511.223218,2594659617098.092,0.0408,0.0001565878538487,0.04189,BID
350,1712602516.9038055,2594730063697.0127,0.04079,-0.0006123375984097,0.04189,ASK
351,1712602516.908904,2594730870098.092,0.04079,-7.009418586468932e-06,0.04189,ASK
352,1712602517.1436696,2594764915468.1494,0.04079,-0.0002959299733066,0.04189,ASK
353,1712602517.148824,2594766155495.353,0.04079,-1.0778593881723811e-05,0.04189,ASK
354,1712602517.503507,2594766302554.177,0.0408,1.278268192188727e-06,0.04189,BID
355,1712602523.6437385,2594788350353.8066,0.0408,0.0001916444070017,0.04189,BID
356,1712602524.673454,2594788620103.9253,0.04078,-2.344728380864045e-06,0.04189,ASK
357,1712602530.5767949,2594788620103.9253,0.04078,-0.0,0.04189,ASK
358,1712602531.494038,2594797150401.552,0.04078,-7.412525761747312e-05,0.04189,ASK
359,1712602531.9544578,2594812872178.23,0.04078,-0.000136616657192,0.04189,ASK
360,1712602531.9595304,2594894387870.972,0.04078,-0.0007083424271088,0.04189,ASK
361,1712602531.9639916,2594895011662.046,0.04078,-5.4205229528145165e-06,0.04189,ASK
362,1712602536.3751123,2594913587855.6807,0.04078,-0.0001614205270559,0.04189,ASK
363,1712602536.3806665,2594920739397.947,0.04078,-6.214436307868057e-05,0.04189,ASK
364,1712602536.385201,2594920984493.643,0.04078,-2.129794577511102e-06,0.04189,ASK
365,1712602537.734105,2594933245405.855,0.04078,0.0001065429737839,0.04189,BID
366,1712602541.004333,2594933490624.099,0.04078,2.130859474829558e-06,0.04189,BID
367,1712602543.2144015,2594934095504.0386,0.04077,-5.256191906255021e-06,0.04189,ASK
368,1712602546.6243927,2594934717016.054,0.04077,-5.400718742833309e-06,0.04189,ASK
369,1712602548.5344138,2595058455637.3003,0.04077,0.0010752446842143,0.04189,BID
370,1712602555.0357487,2595059682330.136,0.04076,-1.0659525196926075e-05,0.04189,ASK
371,1712602555.0405617,2595059900229.0376,0.04076,-1.8934640860855136e-06,0.04189,ASK
372,1712602555.045709,2595060035198.363,0.04075,-1.1728355139793492e-06,0.04189,ASK
373,1712602555.0482266,2595061510812.0103,0.04074,-1.2822558667685305e-05,0.04189,ASK
374,1712602555.0503106,2595062738107.052,0.04074,-1.0664758153723104e-05,0.04189,ASK
375,1712602555.0524416,2595064210499.6904,0.04075,-1.2794569240710997e-05,0.04189,ASK
376,1712602555.0545814,2595247744309.8574,0.04072,-0.0015948436451638,0.04189,ASK
377,1712602555.05673,2595280673490.024,0.04074,-0.0002861428838709,0.04189,ASK
378,1712602555.0588765,2595297599945.4766,0.04071,-0.0001470848880063,0.04189,ASK
379,1712602555.061023,2595298827541.843,0.04073,-1.0667376554196402e-05,0.04189,ASK
380,1712602555.0631845,2595299078332.803,0.04071,-2.1792844009125228e-06,0.04189,ASK
381,1712602555.0653422,2595302268487.4805,0.04073,-2.772131145463777e-05,0.04189,ASK
382,1712602555.067497,2595309883324.13,0.04071,-6.617022677308681e-05,0.04189,ASK
383,1712602555.0706232,2595353006390.191,0.04072,-0.0003747241328714,0.04189,ASK
384,1712602555.0727904,2595480452649.955,0.04071,-0.0011074627465088,0.04189,ASK
385,1712602556.704603,2595500808436.111,0.04076,0.0001768845542044,0.04189,BID
386,1712602560.895039,2595500808436.111,0.04076,0.0,0.04189,BID
387,1712602562.465006,2595501440722.6665,0.04076,5.492960710450677e-06,0.04189,BID
388,1712602565.8753605,2595501587781.4897,0.04071,-1.277566842056388e-06,0.04189,ASK
389,1712602575.24552,2595506790237.8887,0.04071,-4.519610347735291e-05,0.04189,ASK
390,1712602575.2487795,2595510917955.894,0.04071,-3.585936253778225e-05,0.04189,ASK
391,1712602575.252296,2595512636202.8613,0.04072,-1.4927192421853416e-05,0.04189,ASK
392,1712602575.2555,2595551560112.08,0.04071,-0.0003381496919676,0.04189,ASK
393,1712602575.2580566,2595641560112.08,0.04072,-0.0007818709088656,0.04189,ASK
394,1712602575.2604666,2595866877134.527,0.04071,-0.0019574313902637,0.04189,ASK
395,1712602578.1988535,2595892114753.277,0.04072,-0.0002192506656629,0.04189,ASK
396,1712602581.6055832,2595892261992.5405,0.04075,1.2791344100870086e-06,0.04189,BID
397,1712602587.7954257,2595926307362.5986,0.04072,-0.0002957676047777,0.04189,ASK
398,1712602590.8954718,2595926307362.5986,0.04072,-0.0,0.04189,ASK
399,1712602592.445537,2595931218953.9546,0.04073,4.266280596872152e-05,0.04189,BID
400,1712602594.2955413,2595931468143.542,0.04072,-2.1644974604570847e-06,0.04189,ASK
401,1712602595.096884,2595958524189.054,0.04073,0.0002350127965284,0.04189,BID
402,1712602596.4460812,2595958773378.6416,0.04073,-2.1644974604570847e-06,0.04189,ASK
403,1712602597.1259604,2596048773378.6416,0.04075,0.0007817532565139,0.04189,BID
404,1712602597.545835,2596056101778.0225,0.04075,6.365555645579193e-05,0.04189,BID
405,1712602597.5511596,2596553877861.0923,0.04075,0.0043237563772729,0.04189,BID
406,1712602598.0077634,2596557207956.964,0.04076,2.892570324569724e-05,0.04189,BID
407,1712602598.1295197,2596557207956.964,0.04076,0.0,0.04189,BID
408,1712602598.585647,2596557457085.3706,0.04073,-2.1639660361974565e-06,0.04189,ASK
409,1712602599.5757189,2596558531992.2866,0.04077,9.33679980049477e-06,0.04189,BID
410,1712602601.196134,2596558781120.6934,0.04073,-2.1639660361974565e-06,0.04189,ASK
411,1712602601.775953,2596632346593.965,0.04078,0.0006390005366329,0.04189,BID
412,1712602604.8561916,2596632595539.009,0.04076,-2.162373319969381e-06,0.04189,ASK
413,1712602607.986312,2596637770050.3413,0.04081,4.494656761183589e-05,0.04189,BID
414,1712602607.9914436,2596640612490.92,0.04081,2.468985754197989e-05,0.04189,BID
415,1712602610.9760137,2596674548830.052,0.04081,0.0002947760403428,0.04189,BID
416,1712602615.1266615,2596676020139.5176,0.04078,-1.278001073181158e-05,0.04189,ASK
417,1712602615.131806,2596686503623.325,0.04076,-9.106108451350543e-05,0.04189,ASK
418,1712602615.2697606,2596691204717.917,0.04076,4.083440007443124e-05,0.04189,BID
419,1712602620.6165123,2596691204717.917,0.04076,0.0,0.04189,BID
420,1712602624.8265414,2596691453601.901,0.04077,-2.161257711673823e-06,0.04189,ASK
421,1712602626.9964435,2596691698940.4683,0.04077,-2.130470042655385e-06,0.04189,ASK
422,1712602627.2565603,2596691947580.508,0.04081,2.15913934885246e-06,0.04189,BID
423,1712602632.586824,2596692147580.508,0.04083,1.7367591776397065e-06,0.04189,BID
424,1712602635.5966384,2596692294819.771,0.04078,-1.2785957124552076e-06,0.04189,ASK
425,1712602636.6075206,2596692705344.784,0.04078,-3.564915417246205e-06,0.04189,ASK
426,1712602636.6135137,2596752230603.651,0.04075,-0.0005169051981948,0.04189,ASK
427,1712602636.618833,2596857633201.665,0.04076,-0.0009152946472408,0.04189,ASK
428,1712602636.6220217,2596858675796.932,0.04075,-9.0536844891699e-06,0.04189,ASK
429,1712602636.6866772,2596858924436.971,0.04081,2.159139353092595e-06,0.04189,BID
430,1712602636.6897402,2596862736066.5376,0.04081,3.3099413156094544e-05,0.04189,BID
431,1712602636.7063286,2596862736066.5376,0.04081,0.0,0.04189,BID
432,1712602637.9466257,2596862984889.49,0.04078,2.160727732996156e-06,0.04189,BID
433,1712602650.5767336,2596862984889.49,0.04078,0.0,0.04189,BID
434,1712602652.4770114,2596863131840.2617,0.04083,1.2760129251688276e-06,0.04189,BID
435,1712602654.04734,2596863380480.301,0.04081,-2.1590080838191903e-06,0.04189,ASK
436,1712602664.547262,2596863482047.776,0.04083,8.819376019074026e-07,0.04189,BID
437,1712602664.5574176,2596890895591.7383,0.04083,0.0002380391478545,0.04189,BID
438,1712602665.1370518,2596923014226.1714,0.04083,0.0002788947091698,0.04189,BID
439,1712602665.557579,2596935633035.5464,0.04082,-0.0001095725030913,0.04189,ASK
440,1712602672.537741,2597030959226.501,0.04084,0.0008277428593023,0.04189,BID
441,1712602672.5420525,2597031316680.6167,0.04084,3.1038698688655826e-06,0.04189,BID
442,1712602672.617552,2597040959226.501,0.04084,8.372880969311302e-05,0.04189,BID
443,1712602672.6274967,2597043454236.481,0.04084,2.1664840209558268e-05,0.04189,BID
444,1712602672.6316912,2597043702693.8755,0.04084,2.1574221324136127e-06,0.04189,BID
445,1712602672.677468,2597103027952.7427,0.04085,0.0005151371193145,0.04189,BID
446,1712602672.7575262,2597105771420.1177,0.04085,-2.382226234621176e-05,0.04189,ASK
447,1712602673.3875363,2597108514819.9946,0.04084,-2.3821676242584222e-05,0.04189,ASK
448,1712602674.347457,2597112144259.7534,0.04084,-3.1515397956443554e-05,0.04189,ASK
449,1712602676.417493,2597113029505.2217,0.04084,-7.686823607926351e-06,0.04189,ASK
450,1712602680.8875527,2597113029505.2217,0.04084,-0.0,0.04189,ASK
451,1712602683.737814,2597113648088.4688,0.04084,-5.3708478548224585e-06,0.04189,ASK
452,1712602693.657968,2597113896545.864,0.04084,-2.157230855144296e-06,0.04189,ASK
453,1712602703.530509,2597114043496.636,0.04085,-1.2758997912234908e-06,0.04189,ASK
454,1712602705.0985205,2597115484766.505,0.04084,-1.2513822875382166e-05,0.04189,ASK
455,1712602705.104266,2597115728892.8447,0.04085,-2.119626476897501e-06,0.04189,ASK
456,1712602710.882863,2597115728892.8447,0.04085,-0.0,0.04189,ASK
457,1712602712.7591157,2597205728892.8447,0.04089,0.0007814240791793,0.04189,BID
458,1712602712.7683952,2597231811583.555,0.0409,0.0002264626952325,0.04189,BID
459,1712602712.7728648,2597312660909.795,0.04089,0.0007019734478796,0.04189,BID
460,1712602715.6588438,2597326025472.7207,0.04088,0.0001160376808657,0.04189,BID
461,1712602715.664333,2597334966896.166,0.04089,7.763381758118149e-05,0.04189,BID
462,1712602720.108524,2597335113631.309,0.04089,1.2740263783769182e-06,0.04189,BID
463,1712602729.128684,2597335480469.1665,0.04089,3.185065943822547e-06,0.04189,BID
464,1712602740.559353,2597335480469.1665,0.04089,0.0,0.04189,BID
465,1712602743.9635315,2597340376429.999,0.04086,-4.2505813581476136e-05,0.04189,ASK
466,1712602746.3394277,2597351506306.526,0.0409,9.662750030455405e-05,0.04189,BID
467,1712602746.3448715,2597355312088.062,0.04089,3.304108142209895e-05,0.04189,BID
468,1712602746.349994,2597382040338.6177,0.0409,0.0002320496577366,0.04189,BID
469,1712602746.3524776,2597462585342.1714,0.04089,0.0006992766125156,0.04189,BID
470,1712602748.0696723,2597487035219.922,0.0409,0.0002122692524109,0.04189,BID
471,1712602752.0592608,2597488013454.209,0.04089,8.492846587067428e-06,0.04189,BID
472,1712602766.0694308,2597488013454.209,0.04086,-0.0,0.04189,ASK
473,1712602766.169229,2597488322745.833,0.04086,2.6852118639778344e-06,0.04189,BID
474,1712602766.2292604,2597488469480.976,0.04085,-1.273926988060114e-06,0.04189,ASK
475,1712602770.589639,2597488469480.976,0.04085,-0.0,0.04189,ASK
476,1712602776.1895828,2597488959077.059,0.04086,-4.250350498255992e-06,0.04189,ASK
477,1712602776.6701624,2597491295997.928,0.04089,2.02876067092694e-05,0.04189,BID
478,1712602776.749886,2597491331295.2056,0.04089,-3.064277015836751e-07,0.04189,ASK
479,1712602787.9999554,2597491814045.3887,0.04087,-4.1909189074593935e-06,0.04189,ASK
480,1712602789.5201306,2597492290663.207,0.04086,-4.137681758595947e-06,0.04189,ASK
481,1712602789.6607387,2597496708807.9927,0.04086,3.835542101494242e-05,0.04189,BID
482,1712602791.0299067,2597496855614.942,0.04087,1.2744811721653403e-06,0.04189,BID
483,1712602794.8409252,2597498667264.132,0.04085,-1.5727544203023472e-05,0.04189,ASK
484,1712602794.844497,2597500474779.391,0.04085,-1.5691656141685624e-05,0.04189,ASK
485,1712602798.520173,2597500674779.391,0.04087,1.7362681793302536e-06,0.04189,BID
486,1712602800.6928291,2597500674779.391,0.04087,0.0,0.04189,BID
487,1712602806.833249,2597501917903.932,0.04087,1.0797465926514296e-05,0.04189,BID
488,1712602806.9299588,2597504802333.7715,0.04085,-2.5053429387225265e-05,0.04189,ASK
489,1712602808.5402024,2597517063245.9834,0.04087,0.0001064951881071,0.04189,BID
490,1712602818.8002872,2597517263245.9834,0.04087,1.7371495083980615e-06,0.04189,BID
491,1712602819.120482,2597519485850.412,0.04086,1.9304980949251712e-05,0.04189,BID
492,1712602822.430728,2597522325192.4893,0.04085,-2.4661808471702786e-05,0.04189,ASK
493,1712602822.7303884,2597538536908.1035,0.04086,0.0001408108690479,0.04189,BID
494,1712602830.60079,2597538536908.1035,0.04086,0.0,0.04189,BID
495,1712602834.9219923,2597538683715.052,0.04085,-1.275110959206513e-06,0.04189,ASK
496,1712602839.0913403,2597539174412.1763,0.04085,-4.262014066119911e-06,0.04189,ASK
497,1712602839.0969174,2597545962658.932,0.04085,-5.896020526988789e-05,0.04189,ASK
498,1712602841.2206757,2597549634629.5566,0.04085,3.1893381244477314e-05,0.04189,BID
499,1712602841.2608254,2597551300495.6523,0.04084,-1.4469097911036172e-05,0.04189,ASK
500,1712602843.373381,2597561279076.677,0.04084,-8.667027093466038e-05,0.04189,ASK
501,1712602844.251455,2597562315731.9165,0.04084,-9.00400470515847e-06,0.04189,ASK
502,1712602848.3110986,2597573158738.6924,0.04084,-9.41783538874422e-05,0.04189,ASK
503,1712602854.8010583,2597577625926.966,0.04084,-3.88003481685113e-05,0.04189,ASK
504,1712602854.981233,2597583745878.0063,0.04082,-5.315563540463484e-05,0.04189,ASK
505,1712602854.98729,2597584114743.7583,0.04082,-3.203831745423124e-06,0.04189,ASK
506,1712602855.0414023,2597602075804.717,0.04082,0.0001560031447094,0.04189,BID
507,1712602855.0473273,2597602075804.717,0.04082,0.0,0.04189,BID
508,1712602858.6910467,2597602222683.541,0.04085,1.2757352474041154e-06,0.04189,BID
509,1712602859.8013244,2597608372389.7656,0.04081,-5.341407794445801e-05,0.04189,ASK
510,1712602859.8062289,2597611981389.64,0.04081,-3.134644055296765e-05,0.04189,ASK
511,1712602860.8911235,2597611981389.64,0.04081,-0.0,0.04189,ASK
512,1712602866.5613418,2597639784881.5527,0.04081,-0.0002414845765731,0.04189,ASK
513,1712602868.8112297,2597644775259.9,0.04081,-4.334345505496248e-05,0.04189,ASK
514,1712602868.9514775,2597669573103.627,0.04081,0.0002153793059905,0.04189,BID
515,1712602868.957457,2597669573103.627,0.04081,0.0,0.04189,BID
516,1712602869.0112436,2597687932956.748,0.04085,0.0001594627527633,0.04189,BID
517,1712602879.1916502,2597689595919.636,0.04084,1.44435055195686e-05,0.04189,BID
518,1712602884.1713097,2597690958854.26,0.04084,1.1837638645256029e-05,0.04189,BID
519,1712602890.5934162,2597691157090.107,0.04084,1.7217585432269149e-06,0.04189,BID
520,1712602890.8918517,2597691157090.107,0.04084,0.0,0.04189,BID
521,1712602893.2014904,2597692179121.204,0.04084,8.876504419527089e-06,0.04189,BID
522,1712602905.9117932,2597692326000.029,0.04081,-1.2756662104114386e-06,0.04189,ASK
523,1712602906.0718822,2597732668006.9497,0.04084,0.0003503768170246,0.04189,BID
524,1712602906.0780454,2597741285531.037,0.04084,7.48445823802918e-05,0.04189,BID
525,1712602920.5621345,2597741285531.037,0.04084,0.0,0.04189,BID
526,1712602923.681812,2597741585531.037,0.04083,2.6055019119845866e-06,0.04189,BID
527,1712602924.6817856,2597741732481.8086,0.04083,1.276268386900497e-06,0.04189,BID
528,1712602929.322297,2597744035982.7925,0.04081,-2.000592072591741e-05,0.04189,ASK
529,1712602943.252397,2597745866344.5894,0.04083,1.5896703871271186e-05,0.04189,BID
530,1712602945.9624722,2597817668344.5894,0.04083,0.0006236008276143,0.04189,BID
531,1712602946.022631,2597904210793.584,0.04083,0.0007516217210777,0.04189,BID
532,1712602946.0422146,2597904210793.584,0.04083,0.0,0.04189,BID
533,1712602947.1926594,2597913982120.7144,0.04084,8.486403840269582e-05,0.04189,BID
534,1712602950.6140304,2597913982120.7144,0.04084,0.0,0.04189,BID
535,1712602978.412819,2597914129071.486,0.04082,-1.2761902327800128e-06,0.04189,ASK
536,1712602978.7229826,2597920921047.6816,0.04084,5.898474431130797e-05,0.04189,BID
537,1712602978.8628433,2597957860242.139,0.04084,0.0003207974935909,0.04189,BID
538,1712602980.8951232,2597957860242.139,0.04084,0.0,0.04189,BID
539,1712602981.1757936,2598002688725.365,0.04084,0.0003893057624644,0.04189,BID
540,1712602981.1818876,2598022514449.7207,0.04084,0.0001721733188627,0.04189,BID
541,1712602981.1925132,2598022514449.7207,0.04084,0.0,0.04189,BID
542,1712602983.423054,2598049578636.2954,0.04084,0.0002350345814024,0.04189,BID
543,1712602983.4438925,2598056263552.613,0.04084,5.805408206263506e-05,0.04189,BID
544,1712602996.8531826,2598056410431.438,0.04085,1.275545566513605e-06,0.04189,BID
545,1712602997.4640377,2598065342594.7407,0.04084,-7.756993756607171e-05,0.04189,ASK
546,1712603000.6229827,2598104667484.5547,0.04084,-0.0003415106894348,0.04189,ASK
547,1712603006.6133704,2598153627092.878,0.04084,0.0004251818548515,0.04189,BID
548,1712603008.9434187,2598154145376.9395,0.04085,4.500954688273088e-06,0.04189,BID
549,1712603008.9486594,2598165860878.8027,0.04084,0.0001017413942501,0.04189,BID
550,1712603010.9035375,2598165860878.8027,0.04084,0.0,0.04189,BID
551,1712603039.2836452,2598172212352.032,0.04082,-5.5154280313674014e-05,0.04189,ASK
552,1712603040.5735865,2598172212352.032,0.04082,-0.0,0.04189,ASK
553,1712603041.3738189,2598174660931.8555,0.04084,2.1262681751050786e-05,0.04189,BID
554,1712603041.381132,2598293972009.514,0.04085,0.0010360591266234,0.04189,BID
555,1712603046.013396,2598294118888.34,0.04082,-1.275448598998892e-06,0.04189,ASK
556,1712603061.8920512,2598296875455.214,0.04084,2.3937142506113875e-05,0.04189,BID
557,1712603061.8982148,2598296875455.214,0.04085,0.0,0.04189,BID
558,1712603062.8450632,2598298125534.7603,0.04085,-1.0855289789092278e-05,0.04189,ASK
559,1712603070.6542883,2598298125534.7603,0.04085,-0.0,0.04189,ASK
560,1712603070.9369595,2598298272377.638,0.04086,1.2750794979543138e-06,0.04189,BID
561,1712603071.1138546,2598299527541.327,0.04085,-1.089895205637491e-05,0.04189,ASK
562,1712603076.754026,2598380946378.4062,0.04086,0.0007069834871838,0.04189,BID
563,1712603076.7641642,2598384959576.217,0.04086,3.484776600410743e-05,0.04189,BID
564,1712603076.7681892,2598393953252.24,0.04086,7.809470959563238e-05,0.04189,BID
565,1712603076.8339298,2598429038061.985,0.04086,0.0003046516264619,0.04189,BID
566,1712603076.843876,2598433172912.2964,0.04086,3.5904110118694694e-05,0.04189,BID
567,1712603076.8486776,2598533172912.2964,0.04087,0.0008683291392346,0.04189,BID
568,1712603091.0942233,2598537611961.7427,0.04085,-3.854555984716445e-05,0.04189,ASK
569,1712603100.8840632,2598537611961.7427,0.04085,-0.0,0.04189,ASK
570,1712603119.3146791,2598550871944.4395,0.04085,-0.000115222928732,0.04189,ASK
571,1712603120.0684073,2598551018787.318,0.04085,-1.275994614900858e-06,0.04189,ASK
572,1712603130.884354,2598551018787.318,0.04085,-0.0,0.04189,ASK
573,1712603135.1802084,2598551165522.461,0.04089,1.2750523781020936e-06,0.04189,BID
574,1712603158.3947754,2598553609885.3857,0.04089,2.1240247530929388e-05,0.04189,BID
575,1712603160.5849462,2598553609885.3857,0.04089,0.0,0.04189,BID
576,1712603184.5056982,2598554362710.078,0.04089,6.541650558509561e-06,0.04189,BID
577,1712603184.5122645,2598587631251.931,0.04089,0.0002890861280131,0.04189,BID
578,1712603189.4049692,2598587777987.074,0.04089,-1.2750512042254203e-06,0.04189,ASK
579,1712603189.745164,2598595938855.408,0.04089,-7.091365284893057e-05,0.04189,ASK
580,1712603190.5650418,2598595938855.408,0.04089,-0.0,0.04189,ASK
581,1712603200.106017,2598616115096.4863,0.04085,-0.0001753182846092,0.04189,ASK
582,1712603205.5749967,2598616261831.6294,0.04089,1.2750320277233554e-06,0.04189,BID
583,1712603218.145268,2598640717688.807,0.04089,0.0002125053379538,0.04189,BID
584,1712603220.898256,2598640717688.807,0.04089,0.0,0.04189,BID
585,1712603221.8655744,2598647576338.617,0.04089,5.959621478877248e-05,0.04189,BID
586,1712603221.8721638,2599007288792.085,0.04089,0.0031256152789214,0.04189,BID
587,1712603224.2751286,2599011063609.2124,0.04089,-3.280016016509721e-05,0.04189,ASK
588,1712603225.4754252,2599014019302.611,0.04089,-2.568262610006812e-05,0.04189,ASK
589,1712603225.7553153,2599034519302.611,0.04089,-0.0001781287041916,0.04189,ASK
590,1712603226.2952209,2599133305926.359,0.04089,-0.0008583772331563,0.04189,ASK
591,1712603228.6154509,2599221134281.242,0.04085,-0.0007631585876411,0.04189,ASK
592,1712603230.7954805,2599240780266.516,0.04089,0.000170707995089,0.04189,BID
593,1712603242.8296115,2599263998988.9824,0.04086,-0.000201752241268,0.04189,ASK
594,1712603242.8751254,2599263998988.9824,0.04086,-0.0,0.04189,ASK
595,1712603250.9254992,2599263998988.9824,0.04086,-0.0,0.04189,ASK
596,1712603257.1055343,2599264145724.125,0.04086,-1.2747295050749495e-06,0.04189,ASK
597,1712603270.6955383,2599275822791.3643,0.04086,-0.000101441971098,0.04189,ASK
598,1712603271.315557,2599324782399.6875,0.04086,-0.0004253259034088,0.04189,ASK
599,1712603280.5659976,2599324782399.6875,0.04086,-0.0,0.04189,ASK
600,1712603296.6961308,2599508737119.183,0.04086,-0.0015980319668447,0.04189,ASK
601,1712603296.704121,2599530174191.592,0.04086,-0.0001862258662272,0.04189,ASK
602,1712603306.1459584,2599530321034.4697,0.04086,1.275637905233096e-06,0.04189,BID
603,1712603310.555952,2599530321034.4697,0.04086,0.0,0.04189,BID
604,1712603316.0259106,2599560674237.7017,0.04086,0.0002636618981519,0.04189,BID
605,1712603325.6564715,2599560808876.625,0.04085,-1.1695356770639263e-06,0.04189,ASK
606,1712603325.6635818,2599578025404.336,0.04085,-0.0001495506863366,0.04189,ASK
607,1712603325.669624,2599581839096.327,0.04085,-3.312748449269747e-05,0.04189,ASK
608,1712603337.7960768,2599584699155.0645,0.04086,2.4843786988204225e-05,0.04189,BID
609,1712603338.3459823,2599590262000.113,0.04085,-4.83214332722352e-05,0.04189,ASK
610,1712603340.906029,2599590262000.113,0.04085,-0.0,0.04189,ASK
611,1712603348.8763502,2599590955729.136,0.04085,-6.025921501861522e-06,0.04189,ASK
612,1712603348.8812964,2599762214082.2134,0.04085,-0.0014875972588345,0.04189,ASK
613,1712603349.4360106,2599764464820.875,0.04086,1.955053638670172e-05,0.04189,BID
614,1712603351.1667106,2599766912801.291,0.04085,-2.12638326311843e-05,0.04189,ASK
615,1712603351.8260765,2599769603575.336,0.04086,2.337280501315429e-05,0.04189,BID
616,1712603354.0361774,2599772035809.556,0.04085,-2.1127056834329424e-05,0.04189,ASK
617,1712603357.6662858,2599785964105.4546,0.04085,-0.0001209850172347,0.04189,ASK
618,1712603357.7172554,2599786110948.333,0.04085,-1.2755177162908737e-06,0.04189,ASK
619,1712603365.4964187,2599787779801.847,0.04085,-1.4496121610655407e-05,0.04189,ASK
620,1712603370.9064472,2599787779801.847,0.04085,-0.0,0.04189,ASK
621,1712603372.1964936,2599861164548.534,0.04086,0.0006373954639484,0.04189,BID
622,1712603378.6367388,2599861604636.86,0.04086,3.822460595575736e-06,0.04189,BID
623,1712603380.7063608,2599864050795.083,0.04086,2.124651546707026e-05,0.04189,BID
624,1712603381.386372,2599864197637.961,0.04086,1.2754283217017709e-06,0.04189,BID
625,1712603390.2623084,2599864778649.281,0.04084,-5.046470778705142e-06,0.04189,ASK
626,1712603390.265884,2599865513043.4053,0.04084,-6.37870272565841e-06,0.04189,ASK
627,1712603390.2695851,2599865699606.124,0.04085,-1.6204216276758611e-06,0.04189,ASK
628,1712603393.6966872,2599866878472.8555,0.04084,-1.0239243727688952e-05,0.04189,ASK
629,1712603395.9966846,2599876450076.2827,0.04085,8.313575889634149e-05,0.04189,BID
630,1712603400.596702,2599876450076.2827,0.04085,0.0,0.04189,BID
631,1712603403.4865563,2599876640075.339,0.04086,1.6507302839101362e-06,0.04189,BID
632,1712603405.0967598,2599877005953.8784,0.04086,3.1787883461116705e-06,0.04189,BID
633,1712603405.336672,2599902680247.479,0.04085,-0.0002230607605255,0.04189,ASK
634,1712603406.416571,2599918886837.182,0.04085,-0.0001408044279988,0.04189,ASK
635,1712603407.1668806,2599925535529.16,0.04084,-5.77644827231145e-05,0.04189,ASK
636,1712603407.1730258,2599930432688.808,0.04084,-4.254699943732714e-05,0.04189,ASK
637,1712603420.957035,2599943811160.2744,0.04082,-0.0001162334616281,0.04189,ASK
638,1712603420.9634583,2599943950402.2744,0.04083,-1.2097480421582603e-06,0.04189,ASK
639,1712603424.387245,2599944097245.153,0.04084,-1.2757852133050455e-06,0.04189,ASK
640,1712603430.589831,2599944097245.153,0.04084,-0.0,0.04189,ASK
641,1712603434.636825,2599994612390.5225,0.04084,-0.000438869962661,0.04189,ASK
642,1712603439.9566994,2599994759269.347,0.04085,1.276066887330668e-06,0.04189,BID
643,1712603443.4467492,2600017443572.831,0.04084,-0.0001970787048145,0.04189,ASK
644,1712603460.8872466,2600017443572.831,0.04084,-0.0,0.04189,ASK
645,1712603466.6675825,2600029754746.197,0.04084,-0.0001069553210271,0.04189,ASK
646,1712603466.767124,2600032034176.955,0.04085,1.980292546217148e-05,0.04189,BID
647,1712603477.3672934,2600040619007.111,0.04085,7.458210830088234e-05,0.04189,BID
648,1712603477.4474666,2600056513981.1167,0.04085,-0.0001380901719935,0.04189,ASK
649,1712603477.4643617,2600119231973.406,0.04085,-0.0005448727590932,0.04189,ASK
650,1712603478.8471563,2600121191797.021,0.04082,-1.7026286426919383e-05,0.04189,ASK
651,1712603478.8568614,2600205430603.094,0.04082,-0.0007318383291996,0.04189,ASK
652,1712603478.860895,2600217673502.2124,0.04084,-0.0001063621773967,0.04189,ASK
653,1712603485.7971056,2600228500661.0464,0.04082,9.406270340772144e-05,0.04189,BID
654,1712603486.7171364,2600228647539.872,0.0408,-1.2760336837265226e-06,0.04189,ASK
655,1712603490.1370914,2600228647539.872,0.04082,0.0,0.04189,BID
656,1712603490.90703,2600228647539.872,0.04082,0.0,0.04189,BID
657,1712603503.5674727,2600228794382.749,0.04086,1.275625807314197e-06,0.04189,BID
658,1712603517.708325,2600234849985.6514,0.04086,5.260509361681383e-05,0.04189,BID
659,1712603517.716824,2600324849985.6514,0.04086,0.0007818310583183,0.04189,BID
660,1712603517.7212868,2600984557662.7456,0.04086,0.0057308883484813,0.04189,BID
661,1712603517.724903,2601074557662.7456,0.04084,0.0007818310583183,0.04189,BID
662,1712603517.728516,2601233018077.99,0.04089,0.0013765474905807,0.04189,BID
663,1712603520.567026,2601233018077.99,0.04089,0.0,0.04189,BID
664,1712603549.4175055,2601281917833.492,0.04089,0.0004246413544026,0.04189,BID
665,1712603550.5972185,2601281917833.492,0.04089,0.0,0.04189,BID
666,1712603553.6679776,2601282406950.636,0.04089,4.247378291112984e-06,0.04189,BID
667,1712603554.3173747,2601282553793.513,0.04082,-1.2751490315599089e-06,0.04189,ASK
668,1712603557.3089442,2601283184464.0933,0.04082,-5.476595056962995e-06,0.04189,ASK
669,1712603559.4173365,2601304696706.299,0.04082,-0.0001868072541335,0.04189,ASK
670,1712603570.2278378,2601326970285.6665,0.04083,-0.0001934185270712,0.04189,ASK
671,1712603574.0677004,2601327117056.704,0.04088,1.274525182764928e-06,0.04189,BID
672,1712603577.1176052,2601334603954.6323,0.04083,-6.50144615645232e-05,0.04189,ASK
673,1712603580.6175122,2601334603954.6323,0.04083,-0.0,0.04189,ASK
674,1712603608.788207,2601336369465.286,0.04083,-1.5330993112083757e-05,0.04189,ASK
675,1712603608.7982447,2601453266654.264,0.04083,-0.0010150887479328,0.04189,ASK
676,1712603610.5777714,2601453266654.264,0.04083,-0.0,0.04189,ASK
677,1712603621.331571,2601453413425.301,0.04083,-1.2744477581532251e-06,0.04189,ASK
678,1712603634.0665593,2601474925667.5063,0.04083,-0.0001867959060022,0.04189,ASK
679,1712603640.0791774,2601522602971.599,0.04083,-0.0004139933498633,0.04189,ASK
680,1712603640.88769,2601522602971.599,0.04083,-0.0,0.04189,ASK
681,1712603642.9876204,2601547094766.848,0.04083,-0.0002126628446762,0.04189,ASK
682,1712603650.0877883,2601549616475.589,0.04083,-2.1896057390200256e-05,0.04189,ASK
683,1712603653.3184695,2601562103880.555,0.04083,-0.0001084284363727,0.04189,ASK
684,1712603653.457994,2601565969359.7144,0.04083,-3.3564048110241904e-05,0.04189,ASK
685,1712603663.926172,2601571858387.39,0.04083,-5.113456834014189e-05,0.04189,ASK
686,1712603663.9313471,2601572103305.3423,0.04083,-2.126628443837369e-06,0.04189,ASK
687,1712603663.9346185,2601574065573.8384,0.04082,-1.7038424344287368e-05,0.04189,ASK
688,1712603663.9379132,2601699135646.444,0.04083,-0.0010859864356304,0.04189,ASK
689,1712603663.9412458,2601726591204.576,0.0408,-0.0002383972687686,0.04189,ASK
690,1712603663.9446354,2601844006711.138,0.04083,-0.0010195216553666,0.04189,ASK
691,1712603663.9479964,2602118370053.141,0.0408,-0.0023823034691066,0.04189,ASK
692,1712603663.9513662,2602545568234.4785,0.04079,-0.0037093720391598,0.04189,ASK
693,1712603663.9547231,2602569920659.7603,0.0408,-0.0002114526919169,0.04189,ASK
694,1712603663.958223,2602570193054.955,0.04079,-2.3652140000203777e-06,0.04189,ASK
695,1712603668.487896,2602572443168.08,0.04079,-1.953778614618767e-05,0.04189,ASK
696,1712603670.9102678,2602572443168.08,0.04079,-0.0,0.04189,ASK
697,1712603676.0378845,2602572590046.9043,0.04085,1.274878144627359e-06,0.04189,BID
698,1712603679.0078237,2602580799661.387,0.04079,-7.125777388915451e-05,0.04189,ASK
699,1712603691.3882573,2602631863402.5,0.04079,-0.0004432228243755,0.04189,ASK
700,1712603691.408215,2602849352069.1074,0.04079,-0.0018877571243846,0.04189,ASK
701,1712603691.412335,2602853872900.1934,0.04079,-3.923988878934557e-05,0.04189,ASK
702,1712603691.8781085,2602872627496.908,0.04079,0.000162786061985,0.04189,BID
703,1712603693.097962,2602872872532.5176,0.04079,2.126858951048509e-06,0.04189,BID
704,1712603698.6579378,2602875324113.788,0.04079,2.127922378981335e-05,0.04189,BID
705,1712603700.6380808,2602875324113.788,0.04079,0.0,0.04189,BID
706,1712603707.2085145,2602880227276.327,0.04083,4.2670191377543177e-05,0.04189,BID
707,1712603711.629081,2602881633518.475,0.04083,1.223794257117531e-05,0.04189,BID
708,1712603711.637345,2602904707768.9795,0.04085,0.0002008056386003,0.04189,BID
709,1712603711.788383,2602907015340.8584,0.04085,2.0081841647327424e-05,0.04189,BID
710,1712603723.9686034,2602907162219.684,0.0408,-1.2782255390960172e-06,0.04189,ASK
711,1712603727.6983726,2602946651039.388,0.0408,-0.000343654831031,0.04189,ASK
712,1712603727.706921,2603036651039.388,0.0408,-0.0007832326978764,0.04189,ASK
713,1712603730.5479815,2603036651039.388,0.0408,-0.0,0.04189,ASK
714,1712603730.9085252,2603058299691.065,0.04079,-0.0001883884492856,0.04189,ASK
715,1712603730.915945,2603066210882.533,0.04079,-6.884387604950851e-05,0.04189,ASK
716,1712603738.118621,2603066357833.3047,0.04083,1.2787783910977493e-06,0.04189,BID
717,1712603738.2786498,2603152947707.621,0.04079,-0.0007535126154507,0.04189,ASK
718,1712603738.2856123,2603154173197.817,0.0408,-1.0664322242492064e-05,0.04189,ASK
719,1712603738.2915738,2603311074399.092,0.04079,-0.0013653678963431,0.04189,ASK
720,1712603738.8787827,2603321116508.9834,0.04078,-8.738731345670048e-05,0.04189,ASK
721,1712603738.8826492,2603350210390.004,0.04078,-0.000253177482407,0.04189,ASK
722,1712603738.888589,2603366440304.1777,0.04078,-0.0001412341243616,0.04189,ASK
723,1712603739.838147,2603369423324.781,0.04077,-2.5958504666689323e-05,0.04189,ASK
724,1712603739.847824,2603375358638.7373,0.04077,-5.164961813633663e-05,0.04189,ASK
725,1712603748.0281372,2603416932638.7373,0.04077,-0.000361780562936,0.04189,ASK
726,1712603752.8285291,2603465358638.7373,0.04077,-0.00042140726273,0.04189,ASK
727,1712603752.8363557,2603465832394.239,0.04077,-4.122661567662045e-06,0.04189,ASK
728,1712603755.2223403,2603467058786.1934,0.04077,-1.0672169425884078e-05,0.04189,ASK
729,1712603755.230471,2603531475204.8203,0.04077,-0.0005605572760181,0.04189,ASK
730,1712603757.3483949,2603551121190.0938,0.04077,-0.0001709610721041,0.04189,ASK
731,1712603760.8881204,2603551121190.0938,0.04077,-0.0,0.04189,ASK
732,1712603766.1590142,2603574615530.043,0.04081,0.0002044124677805,0.04189,BID
733,1712603784.1585908,2603586146341.244,0.04077,-0.0001003238047179,0.04189,ASK
734,1712603784.1665094,2603603178202.856,0.04079,-0.0001481856851732,0.04189,ASK
735,1712603784.17035,2603606515705.9224,0.04077,-2.9037940180654087e-05,0.04189,ASK
736,1712603787.188363,2603608966085.731,0.04081,2.13195256711614e-05,0.04189,BID
737,1712603790.8213272,2603617919066.596,0.04077,-7.7895395934115e-05,0.04189,ASK
738,1712603790.8250134,2603622924474.9844,0.04077,-4.354954781405018e-05,0.04189,ASK
739,1712603790.9110894,2603622924474.9844,0.04077,-0.0,0.04189,ASK
740,1712603793.527614,2603623071425.756,0.04079,-1.2785123771431897e-06,0.04189,ASK
741,1712603793.7880845,2603701385892.2524,0.04079,-0.0006813575302385,0.04189,ASK
742,1712603793.9088335,2603785349189.091,0.04079,-0.0007305039173954,0.04189,ASK
743,1712603793.917094,2603836412930.204,0.04079,-0.0004442686783912,0.04189,ASK
744,1712603794.0682034,2603872772819.2324,0.04079,-0.0003163410963094,0.04189,ASK
745,1712603802.4982066,2603968872112.226,0.04079,-0.0008360904423027,0.04189,ASK
746,1712603805.888919,2603969507358.3286,0.0408,-5.526816881764515e-06,0.04189,ASK
747,1712603805.896582,2604113875975.0703,0.04079,-0.0012560469163302,0.04189,ASK
748,1712603805.908359,2604113875975.0703,0.04079,-0.0,0.04189,ASK
749,1712603809.098253,2604171737496.788,0.04077,-0.000503411250779,0.04189,ASK
750,1712603809.1082122,2604171982775.178,0.04077,-2.133989873562305e-06,0.04189,ASK
751,1712603813.1987836,2604201873676.413,0.04077,-0.0002600591123592,0.04189,ASK
752,1712603813.2057714,2604244012154.6963,0.04077,-0.0003666164219136,0.04189,ASK
753,1712603813.6983705,2604244159249.5723,0.04079,1.2797661261028082e-06,0.04189,BID
754,1712603815.082409,2604244796342.156,0.04079,5.542881781309791e-06,0.04189,BID
755,1712603820.5767963,2604244796342.156,0.04079,0.0,0.04189,BID
756,1712603823.188373,2604248915317.236,0.04079,3.5828316790142746e-05,0.04189,BID
757,1712603826.4184413,2604253173282.639,0.04079,-3.703730428172903e-05,0.04189,ASK
758,1712603827.1483555,2604269306199.725,0.04079,-0.0001403298764705,0.04189,ASK
759,1712603830.0386808,2604269577634.952,0.04079,-2.361040573776381e-06,0.04189,ASK
760,1712603835.019267,2604293803463.9937,0.04079,-0.0002107249159435,0.04189,ASK
761,1712603835.025097,2604294093447.651,0.04079,-2.5223814503174947e-06,0.04189,ASK
762,1712603835.0684164,2604314353285.861,0.04079,-0.0001762273107939,0.04189,ASK
763,1712603835.0884094,2604334613124.072,0.04079,-0.0001762273107982,0.04189,ASK
764,1712603835.0935214,2604338579114.904,0.04079,-3.449760514962058e-05,0.04189,ASK
765,1712603842.0787575,2604342832835.0645,0.04079,3.700037764852401e-05,0.04189,BID
766,1712603850.5983355,2604342832835.0645,0.04079,0.0,0.04189,BID
767,1712603855.498727,2604342979929.941,0.04077,-1.279439282774877e-06,0.04189,ASK
768,1712603855.7984898,2604344228778.168,0.04077,-1.0862550201022226e-05,0.04189,ASK
769,1712603855.8084917,2604401377859.4834,0.04077,-0.0004970858358002,0.04189,ASK
770,1712603855.8129635,2604402358482.736,0.04077,-8.529514697786674e-06,0.04189,ASK
771,1712603855.9384642,2604402358482.736,0.04077,-0.0,0.04189,ASK
772,1712603856.2485218,2604402603640.863,0.04079,2.132398800377697e-06,0.04189,BID
773,1712603870.578867,2604455314058.6104,0.04079,0.0004584780972559,0.04189,BID
774,1712603870.5869937,2604476114323.619,0.04079,0.0001809218429897,0.04189,BID
775,1712603880.9185038,2604476114323.619,0.04079,0.0,0.04189,BID
776,1712603881.9389884,2604476261418.495,0.04079,1.2793787932459138e-06,0.04189,BID
777,1712603887.6790028,2604479415418.8423,0.04079,2.7432370646955064e-05,0.04189,BID
778,1712603910.9352438,2604479415418.8423,0.04079,0.0,0.04189,BID
779,1712603913.598677,2604479660454.452,0.04079,2.131229881361644e-06,0.04189,BID
780,1712603922.8195117,2604480151131.586,0.04076,-4.267729793804687e-06,0.04189,ASK
781,1712603922.8268309,2604492421070.2363,0.04075,-0.0001067194272738,0.04189,ASK
782,1712603922.8332012,2604493421070.2363,0.04076,-8.69763332275527e-06,0.04189,ASK
783,1712603922.8379133,2604508989959.328,0.04075,-0.0001354124885588,0.04189,ASK
784,1712603922.8420358,2604510240364.136,0.04076,-1.0875562530158426e-05,0.04189,ASK
785,1712603922.845775,2604513596793.584,0.04075,-2.919299261026145e-05,0.04189,ASK
786,1712603923.378538,2604618376157.688,0.04076,0.000911332488768,0.04189,BID
787,1712603923.9786246,2604637498491.5938,0.04079,0.0001663190485876,0.04189,BID
788,1712603928.0986729,2604637645586.4697,0.04075,-1.2793772949003037e-06,0.04189,ASK
789,1712603937.249418,2604671515432.02,0.04079,0.0002945874972948,0.04189,BID
790,1712603940.5688176,2604671515432.02,0.04079,0.0,0.04189,BID
791,1712603952.2787137,2604697864243.0034,0.04079,0.0002291566877363,0.04189,BID
792,1712603961.129519,2604700337653.837,0.04078,2.151135527034752e-05,0.04189,BID
793,1712603961.769011,2604708495525.3423,0.04078,-7.094934243246472e-05,0.04189,ASK
794,1712603964.6787643,2604727344083.76,0.04078,-0.0001639266841405,0.04189,ASK
795,1712603970.6192122,2604727344083.76,0.04078,-0.0,0.04189,ASK
796,1712603971.479208,2604735493785.27,0.04078,7.087688409123168e-05,0.04189,BID
797,1712603972.92898,2604767478773.6484,0.04078,0.0002781692447391,0.04189,BID
798,1712603976.078762,2604771762876.8447,0.04078,3.725828305444218e-05,0.04189,BID
799,1712603976.0830276,2604783983407.946,0.04078,0.0001062803545987,0.04189,BID
800,1712603976.1190636,2604796609223.887,0.04079,0.0001098050636468,0.04189,BID
801,1712603976.1585991,2604801560614.1763,0.04079,4.306159129469752e-05,0.04189,BID
802,1712603976.3987288,2604881462517.562,0.04079,0.0006948963637275,0.04189,BID
803,1712603976.6587036,2605420798517.562,0.04079,0.0046905343846191,0.04189,BID
804,1712603977.3786316,2605421288833.816,0.04079,4.264216088458617e-06,0.04189,BID
805,1712603977.658985,2605452490719.0806,0.04079,0.0002713586997692,0.04189,BID
806,1712603977.6691427,2605694879076.3657,0.04079,0.0021080197210595,0.04189,BID
807,1712603980.449649,2605695025991.155,0.04084,1.2776986325903057e-06,0.04189,BID
808,1712603980.458694,2605695025991.155,0.04079,0.0,0.04189,BID
809,1712603982.3588293,2605695761465.536,0.04079,6.396324136934445e-06,0.04189,BID
810,1712603990.149659,2605696112180.5566,0.04079,3.0501224893096384e-06,0.04189,BID
811,1712603990.157839,2605701212968.762,0.04079,4.436088536064535e-05,0.04189,BID
812,1712603995.9689488,2605708296733.195,0.04079,6.16065692698671e-05,0.04189,BID
813,1712604000.598722,2605708296733.195,0.04079,0.0,0.04189,BID
814,1712604012.229304,2605713199895.735,0.04079,4.26439167356347e-05,0.04189,BID
815,1712604012.2364805,2605713199895.735,0.04079,0.0,0.04189,BID
816,1712604021.7995524,2605715536752.85,0.04083,2.0324176372161688e-05,0.04189,BID
817,1712604021.8068,2605715536752.85,0.04079,0.0,0.04189,BID
818,1712604030.5889623,2605715536752.85,0.04079,0.0,0.04189,BID
819,1712604031.2292738,2605716788884.813,0.04079,-1.0890047707574616e-05,0.04189,ASK
820,1712604031.234696,2605786035604.92,0.04079,-0.0006022528838068,0.04189,ASK
821,1712604034.729311,2605786182519.709,0.04076,-1.277747960482852e-06,0.04189,ASK
822,1712604045.4391391,2605786785818.625,0.04076,-5.247014034757537e-06,0.04189,ASK
823,1712604045.4490805,2605811459119.348,0.04076,-0.0002145887413874,0.04189,ASK
824,1712604045.4547286,2605961067485.131,0.04076,-0.0013011745479846,0.04189,ASK
825,1712604049.717795,2605961214580.007,0.04079,1.279314213197241e-06,0.04189,BID
826,1712604056.1692889,2605961459738.134,0.04079,2.132190358159856e-06,0.04189,BID
827,1712604059.2798848,2605963084893.73,0.04076,-1.4134310519395487e-05,0.04189,ASK
828,1712604059.288695,2605967542061.6133,0.04076,-3.876490044847995e-05,0.04189,ASK
829,1712604060.919119,2605967542061.6133,0.04076,-0.0,0.04189,ASK
830,1712604073.6307113,2605971140090.8613,0.04076,-3.129000018443524e-05,0.04189,ASK
831,1712604073.638698,2606016761204.7705,0.04076,-0.000396740705598,0.04189,ASK
832,1712604081.5813308,2606017696026.8564,0.04075,-8.129612414150512e-06,0.04189,ASK
833,1712604081.5882306,2606108940348.514,0.04075,-0.0007934996201222,0.04189,ASK
834,1712604081.5954998,2606150452336.2446,0.04075,-0.0003610059880509,0.04189,ASK
835,1712604086.7101798,2606157559721.8003,0.04075,-6.180886257895243e-05,0.04189,ASK
836,1712604086.7181697,2606181654221.5093,0.04075,-0.0002095360677646,0.04189,ASK
837,1712604089.839307,2606206192175.3857,0.04076,0.000213392534743,0.04189,BID
838,1712604089.9191682,2606225682246.481,0.04079,0.0001694939885522,0.04189,BID
839,1712604089.929054,2606225682246.481,0.04076,0.0,0.04189,BID
840,1712604089.9390402,2606226127624.073,0.04075,-3.873193898307628e-06,0.04189,ASK
841,1712604089.9488633,2606294546765.177,0.04075,-0.0005950020942507,0.04189,ASK
842,1712604090.9192414,2606294546765.177,0.04075,-0.0,0.04189,ASK
843,1712604099.7592714,2606300113478.7896,0.04075,4.840491087615579e-05,0.04189,BID
844,1712604100.1440792,2606312263478.7896,0.04075,0.0001056493486292,0.04189,BID
845,1712604101.2696376,2606324264314.7896,0.04075,0.0001043523050539,0.04189,BID
846,1712604102.229248,2606324411409.666,0.04074,-1.2790516777945208e-06,0.04189,ASK
847,1712604102.2491302,2606326911409.666,0.04074,-2.173854910065849e-05,0.04189,ASK
848,1712604102.6092403,2606327156808.439,0.04075,2.1338453099991755e-06,0.04189,BID
849,1712604102.7500172,2606355159249.439,0.04075,0.0002434929754467,0.04189,BID
850,1712604104.2390418,2606369160714.439,0.04075,0.0001217486137534,0.04189,BID
851,1712604105.7692895,2606383161690.439,0.04075,0.0001217443616932,0.04189,BID
852,1712604107.2853956,2606414661690.439,0.04075,0.0002739057186682,0.04189,BID
853,1712604108.779255,2606425420530.1445,0.04075,9.355262608222782e-05,0.04189,BID
854,1712604116.629372,2606425567625.0205,0.04079,1.2790516735487104e-06,0.04189,BID
855,1712604120.5892527,2606425567625.0205,0.04079,0.0,0.04189,BID
856,1712604124.469772,2606425721945.099,0.04074,-1.3418155479544572e-06,0.04189,ASK
857,1712604124.4804864,2606526775120.228,0.04074,-0.0008786589715128,0.04189,ASK
858,1712604127.519424,2606527042294.5977,0.04073,-2.323085410560075e-06,0.04189,ASK
859,1712604130.03292,2606555398621.1304,0.04073,-0.0002465587120378,0.04189,ASK
860,1712604130.0418315,2606560912140.148,0.04073,-4.794013590589376e-05,0.04189,ASK
861,1712604134.3193674,2606561792051.74,0.04072,-7.650845338162018e-06,0.04189,ASK
862,1712604134.323496,2606665358697.946,0.04073,-0.0009005136426717,0.04189,ASK
863,1712604134.327644,2606677724857.2983,0.04073,-0.0001075239530515,0.04189,ASK
864,1712604134.331757,2606680865731.852,0.04072,-2.730995439841591e-05,0.04189,ASK
865,1712604134.3357575,2606682093328.218,0.04073,-1.0673970008284236e-05,0.04189,ASK
866,1712604134.3403213,2606915146384.5864,0.04072,-0.0020264000468624,0.04189,ASK
867,1712604134.369075,2606923001724.041,0.04072,6.83023020033739e-05,0.04189,BID
868,1712604136.5795107,2606923001724.041,0.04072,0.0,0.04189,BID
869,1712604136.5857546,2606923492280.8228,0.04077,4.265399051152875e-06,0.04189,BID
870,1712604140.8295388,2606923737438.9497,0.04079,2.131653828906129e-06,0.04189,BID
871,1712604150.5727365,2606923737438.9497,0.04079,0.0,0.04189,BID
872,1712604150.7800558,2606926778600.689,0.04075,-2.6438285818496407e-05,0.04189,ASK
873,1712604151.4294424,2606927022555.335,0.04079,2.120815397744681e-06,0.04189,BID
874,1712604152.8097222,2606960808777.448,0.04079,0.0002937199246208,0.04189,BID
875,1712604153.031887,2606992672826.5283,0.04075,-0.0002770095473396,0.04189,ASK
876,1712604157.249438,2606992917984.656,0.04079,2.131277842412646e-06,0.04189,BID
877,1712604164.149768,2606993065079.5312,0.04075,-1.2787667037496423e-06,0.04189,ASK
878,1712604171.1994684,2607002112681.7056,0.04075,-7.865516954602938e-05,0.04189,ASK
879,1712604179.3696847,2607075732313.6074,0.04075,-0.0006400109683861,0.04189,ASK
880,1712604180.8993697,2607075732313.6074,0.04075,-0.0,0.04189,ASK
881,1712604182.5393467,2607075879408.4834,0.04079,1.2786978362391474e-06,0.04189,BID
882,1712604182.6999218,2607078335183.053,0.04075,-2.134808305100782e-05,0.04189,ASK
883,1712604208.2194228,2607080803514.105,0.04075,-2.145723672595854e-05,0.04189,ASK
884,1712604210.9397292,2607080803514.105,0.04075,-0.0,0.04189,ASK
885,1712604216.1498387,2607101754011.0376,0.04075,-0.0001821226388186,0.04189,ASK
886,1712604216.1591218,2607469907911.6567,0.04075,-0.0032003613130414,0.04189,ASK
887,1712604225.3097205,2607497867145.4487,0.04072,-0.0002430495779609,0.04189,ASK
888,1712604225.3167353,2607503694133.77,0.04072,-5.065400085028615e-05,0.04189,ASK
889,1712604228.8625946,2607503841228.6465,0.04072,-1.2786955433393783e-06,0.04189,ASK
890,1712604233.069607,2607516698004.167,0.04072,-0.0001117639305657,0.04189,ASK
891,1712604237.7125592,2607520956272.128,0.04075,3.701711708019298e-05,0.04189,BID
892,1712604240.5698712,2607520956272.128,0.04075,0.0,0.04189,BID
893,1712604246.059451,2607521103367.004,0.04079,1.2784962121076216e-06,0.04189,BID
894,1712604270.58958,2607521103367.004,0.04079,0.0,0.04189,BID
895,1712604271.4494472,2607531103367.004,0.04079,8.691642974959483e-05,0.04189,BID
896,1712604287.2994616,2607543355147.4634,0.04079,0.0001064881015613,0.04189,BID
897,1712604295.9303615,2607543502242.34,0.04075,-1.278496145434226e-06,0.04189,ASK
898,1712604300.9161904,2607543502242.34,0.04075,-0.0,0.04189,ASK
899,1712604314.8597963,2607543649373.286,0.04078,1.2792256638285937e-06,0.04189,BID
900,1712604317.6297002,2607572481402.422,0.04075,-0.0002506792243137,0.04189,ASK
901,1712604317.9297829,2607573461434.288,0.04075,-8.520858061896812e-06,0.04189,ASK
902,1712604321.5395606,2607573951870.776,0.04078,4.264085537604619e-06,0.04189,BID
903,1712604321.8096268,2607576319782.517,0.04078,2.058773857835681e-05,0.04189,BID
904,1712604330.8995898,2607576319782.517,0.04078,0.0,0.04189,BID
905,1712604332.549683,2607590508992.9146,0.04078,0.0001233662355013,0.04189,BID
906,1712604348.5202591,2607590754151.041,0.04079,2.131495296608114e-06,0.04189,BID
907,1712604348.5289176,2607591661236.112,0.04079,7.886532598299082e-06,0.04189,BID
908,1712604348.5361016,2608118689107.1626,0.04079,0.0045821749508714,0.04189,BID
909,1712604352.269637,2608150244368.05,0.04079,-0.0002743530920236,0.04189,ASK
910,1712604357.1498115,2608151470158.685,0.04079,-1.0657476487285868e-05,0.04189,ASK
911,1712604360.6440816,2608151470158.685,0.04079,-0.0,0.04189,ASK
912,1712604361.0199451,2608162259858.485,0.04079,-9.379050423340356e-05,0.04189,ASK
913,1712604361.289968,2608170220412.027,0.04079,-6.919787802566751e-05,0.04189,ASK
914,1712604361.299616,2608170220412.027,0.04079,-0.0,0.04189,ASK
915,1712604366.3401663,2608170367542.9736,0.04075,-1.2789499191474192e-06,0.04189,ASK
916,1712604368.0695734,2608171065894.46,0.04079,6.070487525153138e-06,0.04189,BID
917,1712604371.901191,2608176115634.7905,0.04079,4.389535396157643e-05,0.04189,BID
918,1712604371.9075172,2608181545509.561,0.04079,4.719970918052594e-05,0.04189,BID
919,1712604378.2401216,2608186459306.647,0.04079,4.271365421614913e-05,0.04189,BID
920,1712604384.4199672,2608186606401.523,0.04079,1.2786363702390949e-06,0.04189,BID
921,1712604385.8897166,2608208912387.894,0.04075,-0.0001938969339263,0.04189,ASK
922,1712604390.6101685,2608208912387.894,0.04075,-0.0,0.04189,ASK
923,1712604404.5498765,2608212609039.3223,0.04075,-3.213284420620256e-05,0.04189,ASK
924,1712604413.143067,2608222622840.661,0.04078,8.704415998680983e-05,0.04189,BID
925,1712604420.5896804,2608222622840.661,0.04078,0.0,0.04189,BID
926,1712604437.9302394,2608222769935.537,0.04076,-1.278604125486187e-06,0.04189,ASK
927,1712604450.5699794,2608222769935.537,0.04076,-0.0,0.04189,ASK
928,1712604454.6300488,2608222917066.484,0.04078,1.2789175998354628e-06,0.04189,BID
929,1712604458.8504214,2608234000140.868,0.04076,-9.63382564999308e-05,0.04189,ASK
930,1712604458.8596869,2608271984779.928,0.04076,-0.00033017678797,0.04189,ASK
931,1712604464.611125,2608282004477.87,0.04076,-8.709498799267787e-05,0.04189,ASK
932,1712604464.620797,2608297004477.87,0.04075,-0.000130385649095,0.04189,ASK
933,1712604464.6278543,2608299458465.6,0.04076,-2.1330985536318028e-05,0.04189,ASK
934,1712604464.632395,2608362003880.01,0.04075,-0.0005436682970481,0.04189,ASK
935,1712604464.6367428,2608468291749.2534,0.04075,-0.0009238941881508,0.04189,ASK
936,1712604473.4606736,2608469519044.2954,0.04074,-1.0668110712085157e-05,0.04189,ASK
937,1712604473.4722855,2608582797492.994,0.04074,-0.0009846589374708,0.04189,ASK
938,1712604473.477343,2608598885135.4644,0.04075,-0.0001398398470591,0.04189,ASK
939,1712604473.482259,2608624701412.402,0.04074,-0.0002244048017142,0.04189,ASK
940,1712604473.5801876,2608664598718.5786,0.04074,0.0003468024108666,0.04189,BID
941,1712604480.9098766,2608664598718.5786,0.04074,0.0,0.04189,BID
942,1712604486.7605455,2608685695928.383,0.04073,-0.0001833561992163,0.04189,ASK
943,1712604486.770111,2608686133777.8643,0.04073,-3.805357082370599e-06,0.04189,ASK
944,1712604486.8601675,2608770574375.591,0.04073,0.0007338746309295,0.04189,BID
945,1712604487.320255,2608780506836.009,0.04078,8.632317770965277e-05,0.04189,BID
946,1712604487.3266988,2608790437053.374,0.04078,8.630368330125308e-05,0.04189,BID
947,1712604493.3604038,2608805028660.4326,0.04078,0.0001268158981947,0.04189,BID
948,1712604493.3692975,2608885359053.374,0.04078,0.0006981527731862,0.04189,BID
949,1712604493.9798555,2608933809554.8867,0.04078,0.0004210841096971,0.04189,BID
950,1712604494.22003,2608934367906.68,0.04074,-4.852644668374282e-06,0.04189,ASK
951,1712604505.0200715,2608934515037.627,0.04075,-1.2787174910129168e-06,0.04189,ASK
952,1712604510.9098904,2608934515037.627,0.04075,-0.0,0.04189,ASK
953,1712604512.4299364,2608971082211.717,0.04075,-0.000317775529735,0.04189,ASK
954,1712604520.8203318,2608971229162.4883,0.04083,1.2770294783701032e-06,0.04189,BID
955,1712604520.8299904,2608971229162.4883,0.04078,0.0,0.04189,BID
956,1712604540.620253,2608971229162.4883,0.04078,0.0,0.04189,BID
957,1712604546.6700044,2608976133527.373,0.04078,-4.261928698792825e-05,0.04189,ASK
958,1712604564.5600562,2608976133527.373,0.04078,-0.0,0.04189,ASK
959,1712604564.6809564,2608985133527.373,0.04078,7.82106535512569e-05,0.04189,BID
960,1712604570.5726607,2608985133527.373,0.04078,0.0,0.04189,BID
961,1712604573.1304526,2608985280478.1445,0.04075,-1.27700658291526e-06,0.04189,ASK
962,1712604574.6801414,2608985280478.1445,0.04078,0.0,0.04189,BID
963,1712604574.688188,2609007180133.05,0.04078,0.0001903086536744,0.04189,BID
964,1712604579.7604337,2609007180133.05,0.04078,0.0,0.04189,BID
965,1712604579.7703128,2609045936266.959,0.04078,0.0003367919584935,0.04189,BID
966,1712604583.6504989,2609049484566.3745,0.04078,3.083482765018748e-05,0.04189,BID
967,1712604589.7907443,2609049631697.3213,0.04078,1.278572311579871e-06,0.04189,BID
968,1712604595.5604396,2609050122133.8096,0.04078,4.26190769677988e-06,0.04189,BID
969,1712604595.9602787,2609079242234.349,0.04078,0.000253054541385,0.04189,BID
970,1712604598.0503314,2609082283396.089,0.04077,-2.64277861363846e-05,0.04189,ASK
971,1712604600.692494,2609082283396.089,0.04077,-0.0,0.04189,ASK
972,1712604602.3926263,2609107393408.3496,0.04078,0.0002183016523775,0.04189,BID
973,1712604609.7710288,2609107722037.4136,0.04078,2.8570383374507007e-06,0.04189,BID
974,1712604609.780947,2609109109445.868,0.04078,1.2061864208366133e-05,0.04189,BID
975,1712604615.370281,2609111561628.3105,0.04078,2.131880596252034e-05,0.04189,BID
976,1712604630.5928476,2609111561628.3105,0.04078,0.0,0.04189,BID
977,1712604635.6204026,2609120972669.596,0.04077,-8.181694682766922e-05,0.04189,ASK
978,1712604638.1105042,2609128560893.709,0.04077,-6.596988686171844e-05,0.04189,ASK
979,1712604638.1194365,2609145362913.4985,0.04077,-0.0001460720358168,0.04189,ASK
980,1712604638.7306943,2609150720531.7646,0.04077,-4.6577626802352505e-05,0.04189,ASK
981,1712604638.745188,2609153172089.8955,0.04077,-2.131315708430998e-05,0.04189,ASK
982,1712604638.7497144,2609159552123.8955,0.04075,-5.54662217198057e-05,0.04189,ASK
983,1712604641.8903246,2609159699254.8423,0.04075,-1.279115082427003e-06,0.04189,ASK
984,1712604646.9701536,2609184373868.7246,0.04077,-0.0002145141553238,0.04189,ASK
985,1712604647.110241,2609186769969.891,0.04078,2.083102982905589e-05,0.04189,BID
986,1712604660.9303071,2609186769969.891,0.04078,0.0,0.04189,BID
987,1712604667.2403638,2609186917136.926,0.04077,1.2793947166799568e-06,0.04189,BID
988,1712604688.7602448,2609220619932.414,0.04078,0.0002929948176392,0.04189,BID
989,1712604690.910817,2609220619932.414,0.04078,0.0,0.04189,BID
990,1712604691.7306075,2609231786939.382,0.04077,-9.70790659666212e-05,0.04189,ASK
991,1712604698.180296,2609231910804.969,0.04077,-1.0768109633251176e-06,0.04189,ASK
992,1712604698.1867373,2609245259379.308,0.04077,-0.0001160442661621,0.04189,ASK
993,1712604705.170555,2609248016916.409,0.04077,2.3972325522240216e-05,0.04189,BID
994,1712604708.002523,2609248164083.4434,0.04076,-1.2793793592564131e-06,0.04189,ASK
995,1712604711.0107863,2609256438702.4736,0.04076,-7.193443050647086e-05,0.04189,ASK
996,1712604711.0193477,2609279790168.4883,0.04076,-0.000203003232307,0.04189,ASK
997,1712604711.026681,2609387899877.128,0.04076,-0.0009398390783625,0.04189,ASK
998,1712604711.5706515,2609392163704.304,0.04075,-3.70670817086339e-05,0.04189,ASK
999,1712604711.5805953,2609474419041.7275,0.04075,-0.0007150771331003,0.04189,ASK
1000,1712604714.0205696,2609479328221.8945,0.04074,-4.267738227877966e-05,0.04189,ASK
1201,1712604714.0373125,2609513748041.0474,0.04074,-0.0002992246627713,0.04189,ASK
1202,1712604714.0388756,2609514238959.064,0.04074,-4.267738227029003e-06,0.04189,ASK
1203,1712604716.1951454,2609538740932.339,0.04074,0.0002130050323001,0.04189,BID
1204,1712604718.9003685,2609543718799.8203,0.04074,4.3274507394767165e-05,0.04189,BID
1205,1712604720.566861,2609543718799.8203,0.04074,0.0,0.04189,BID
1206,1712604725.1304832,2609544205523.572,0.04076,4.230791574347583e-06,0.04189,BID
1207,1712604725.133276,2609558348843.167,0.04077,0.0001229392179786,0.04189,BID
1208,1712604733.5004969,2609558496010.2017,0.04077,1.2792329291946089e-06,0.04189,BID
1209,1712604748.6009436,2609590030280.14,0.04075,-0.0002741081016847,0.04189,ASK
1210,1712604750.62086,2609590030280.14,0.04075,-0.0,0.04189,ASK
1211,1712604750.8703983,2609590766115.313,0.04076,6.39605970325004e-06,0.04189,BID
1212,1712604770.4923692,2609622268867.005,0.04075,-0.000273829640213,0.04189,ASK
1213,1712604770.4961534,2609643405770.325,0.04074,-0.0001837271451086,0.04189,ASK
1214,1712604770.4990902,2609643678566.7896,0.04073,-2.37121374083198e-06,0.04189,ASK
1215,1712604770.5017223,2609743679616.778,0.04074,-0.0008692336405095,0.04189,ASK
1216,1712604770.504384,2609912973467.222,0.04073,-0.0014715436483402,0.04189,ASK
1217,1712604775.262348,2609916719496.167,0.04076,3.256140188073313e-05,0.04189,BID
1218,1712604775.3402133,2609925466699.5483,0.04076,7.603283605859428e-05,0.04189,BID
1219,1712604775.351087,2609926772844.552,0.04076,1.1353332554882255e-05,0.04189,BID
1220,1712604775.400029,2609953250873.694,0.04076,0.0002301535200619,0.04189,BID
1221,1712604777.8107638,2609955704259.3657,0.04076,2.1325429676866244e-05,0.04189,BID
1222,1712604779.820451,2609959327974.8315,0.04076,3.14982231376058e-05,0.04189,BID
1223,1712604780.6300848,2609959327974.8315,0.04076,0.0,0.04189,BID
1224,1712604781.490697,2609959475141.8657,0.04073,-1.2790446731951228e-06,0.04189,ASK
1225,1712604787.97062,2609961718366.8027,0.04073,-1.9496111493013417e-05,0.04189,ASK
1226,1712604788.2507255,2610087698552.949,0.04074,-0.0010949074765076,0.04189,ASK
1227,1712604804.1006398,2610283518552.949,0.04073,-0.0017018928817934,0.04189,ASK
1228,1712604807.610493,2610296745101.187,0.04074,0.0001149533668501,0.04189,BID
1229,1712604810.590279,2610296745101.187,0.04074,0.0,0.04189,BID
1230,1712604820.6005783,2610297404166.516,0.04073,-5.727324183600964e-06,0.04189,ASK
1231,1712604836.710954,2610297551441.9214,0.04074,1.2798336568880693e-06,0.04189,BID
1232,1712604839.640926,2610384138477.904,0.04073,-0.0007524474483306,0.04189,ASK
1233,1712604839.6452377,2610397551442.019,0.04073,-0.000116559603975,0.04189,ASK
1234,1712604840.420835,2610397768963.541,0.04073,-1.890277364379004e-06,0.04189,ASK
1235,1712604840.971596,2610397768963.541,0.04073,-0.0,0.04189,ASK
1236,1712604846.3729892,2610402504056.101,0.04073,-4.114681695061725e-05,0.04189,ASK
1237,1712604847.2907937,2610427469622.001,0.04073,0.0002169447708027,0.04189,BID
1238,1712604847.5131862,2610431587770.1777,0.04073,3.578571844905685e-05,0.04189,BID
1239,1712604859.680832,2610432329076.661,0.04072,-6.441775274678864e-06,0.04189,ASK
1240,1712604859.6846974,2610434064800.04,0.04072,-1.5083019227777744e-05,0.04189,ASK
1241,1712604859.740378,2610434264800.04,0.04072,-1.7379519588570863e-06,0.04189,ASK
1242,1712604863.7106626,2610446510073.794,0.04073,0.0001064084875409,0.04189,BID
1243,1712604865.2803636,2610507317995.392,0.04073,0.0005284062322733,0.04189,BID
1244,1712604866.400436,2610509773188.124,0.04073,2.13350350934214e-05,0.04189,BID
1245,1712604868.3974516,2610524440149.124,0.04073,0.0001274523680021,0.04189,BID
1246,1712604870.173226,2610539107110.124,0.04073,0.0001274523680021,0.04189,BID
1247,1712604870.920546,2610539107110.124,0.04073,0.0,0.04189,BID
1248,1712604873.8380723,2610545886962.1387,0.04073,5.891233840955517e-05,0.04189,BID
1249,1712604875.6831014,2610546034237.544,0.04072,-1.2797238783571055e-06,0.04189,ASK
1250,1712604880.210638,2610546034237.544,0.04073,0.0,0.04189,BID
1251,1712604880.5512905,2610556499065.948,0.04074,9.093229630839742e-05,0.04189,BID
1252,1712604880.5550458,2610562999065.948,0.04074,5.648061326925069e-05,0.04189,BID
1253,1712604880.5603962,2610577534237.544,0.04074,0.0001263008316502,0.04189,BID
1254,1712604885.2310622,2610602812540.007,0.04074,0.0002196513885399,0.04189,BID
1255,1712604899.6206913,2610602959743.1475,0.04076,1.2790959473322694e-06,0.04189,BID
1256,1712604900.577798,2610602959743.1475,0.04076,0.0,0.04189,BID
1257,1712604912.9906924,2610661510206.346,0.04076,0.0005091846951496,0.04189,BID
1258,1712604912.9924915,2610771523812.117,0.04076,0.0009567344348189,0.04189,BID
1259,1712604914.0511298,2611019321604.837,0.04077,0.002154976009609,0.04189,BID
1260,1712604914.0551813,2611030509612.952,0.04077,9.729662568427574e-05,0.04189,BID
1261,1712604914.6308632,2611120739750.8154,0.04078,0.0007846873061497,0.04189,BID
1262,1712604914.6340296,2611128297133.45,0.04078,6.572285448795752e-05,0.04189,BID
1263,1712604918.810679,2611135125776.076,0.04079,5.938535962975611e-05,0.04189,BID
1264,1712604926.0607529,2611170730945.336,0.04079,0.000309640714438,0.04189,BID
1265,1712604929.690523,2611182988851.685,0.04076,-0.0001066010064961,0.04189,ASK
1266,1712604930.569529,2611182988851.685,0.04076,-0.0,0.04189,ASK
1267,1712604940.1109252,2611229506851.685,0.04078,0.0004044610785081,0.04189,BID
1268,1712604941.6808376,2611237846851.685,0.04078,7.251398157181774e-05,0.04189,BID
1269,1712604946.0707262,2611237994054.826,0.04076,-1.2798903868818878e-06,0.04189,ASK
1270,1712604960.9005322,2611237994054.826,0.04076,-0.0,0.04189,ASK
1271,1712604962.3705654,2611238141185.7725,0.04078,1.2792377279564536e-06,0.04189,BID
1272,1712604962.9741545,2611257423485.0645,0.04076,-0.0001676509623448,0.04189,ASK
1273,1712604967.2512195,2611285269923.849,0.04076,-0.0002421123222615,0.04189,ASK
1274,1712604987.2074144,2611293623855.4844,0.04076,-7.263369667717674e-05,0.04189,ASK
1275,1712604990.900695,2611293623855.4844,0.04076,-0.0,0.04189,ASK
1276,1712604994.990716,2611302467260.93,0.04076,-7.688793657048482e-05,0.04189,ASK
1277,1712604999.414848,2611305067260.93,0.04076,-2.2605390684443348e-05,0.04189,ASK
1278,1712605002.5052276,2611326919222.02,0.04078,0.0001899892760219,0.04189,BID
1279,1712605009.350752,2611328105399.072,0.04076,-1.0313075259964049e-05,0.04189,ASK
1280,1712605012.6022575,2611328252530.0186,0.04076,-1.2792125129514986e-06,0.04189,ASK
1281,1712605020.6617088,2611328252530.0186,0.04076,-0.0,0.04189,ASK
1282,1712605032.2907584,2611330723329.6035,0.04076,-2.148180934417544e-05,0.04189,ASK
1283,1712605038.381035,2611330870460.5425,0.04078,1.279196742103328e-06,0.04189,BID
1284,1712605038.385135,2611330870460.5503,0.04078,6.792401800732209e-14,0.04189,BID
1285,1712605043.3608048,2611335161779.824,0.04078,3.730990689757479e-05,0.04189,BID
1286,1712605050.592445,2611335161779.824,0.04078,0.0,0.04189,BID
1287,1712605055.9606771,2611371944516.46,0.04078,0.0003197984187272,0.04189,BID
1288,1712605069.2608235,2611372589877.938,0.04078,5.610935973156069e-06,0.04189,BID
1289,1712605080.8907368,2611372589877.938,0.04078,0.0,0.04189,BID
1290,1712605083.361173,2611376268151.6016,0.04078,3.197941749966509e-05,0.04189,BID
1291,1712605084.2209485,2611376415282.5483,0.04077,-1.279176702024292e-06,0.04189,ASK
1292,1712605084.560728,2611379914109.4053,0.04078,3.0419282264113868e-05,0.04189,BID
1293,1712605100.7573695,2611380159207.445,0.0408,2.1309160905465365e-06,0.04189,BID
1294,1712605110.9109929,2611380159207.445,0.0408,0.0,0.04189,BID
1295,1712605115.2912447,2611380741746.319,0.0408,5.064659557889703e-06,0.04189,BID
1296,1712605115.2956371,2611383481775.62,0.0408,2.38221279443992e-05,0.04189,BID
1297,1712605117.5009544,2611389577491.7583,0.0408,-5.299685287645187e-05,0.04189,ASK
1298,1712605122.7949786,2611402464185.6665,0.0408,0.0001120383898519,0.04189,BID
1299,1712605126.7453153,2611448009007.6567,0.04078,-0.0003959718883858,0.04189,ASK
1300,1712605126.8012662,2611449560576.4155,0.04077,-1.348951614104285e-05,0.04189,ASK
1301,1712605135.0709991,2611451111576.4155,0.04077,1.3484571287118743e-05,0.04189,BID
1302,1712605138.4608133,2611463545093.948,0.04077,0.0001080984226431,0.04189,BID
1303,1712605138.4628503,2611465991252.1714,0.04077,2.1267179200234785e-05,0.04189,BID
1304,1712605140.5737154,2611465991252.1714,0.04077,0.0,0.04189,BID
1305,1712605146.472111,2611476432204.328,0.04077,-9.077206897227428e-05,0.04189,ASK
1306,1712605146.481444,2611476738802.317,0.04077,-2.665516838460701e-06,0.04189,ASK
1307,1712605146.552449,2611518300896.6377,0.04076,-0.0003613346020252,0.04189,ASK
1308,1712605146.555205,2611520187490.142,0.04076,-1.6401760407744547e-05,0.04189,ASK
1309,1712605146.5578773,2611520884050.596,0.04076,-6.055791903800439e-06,0.04189,ASK
1310,1712605146.560536,2611520884050.596,0.04077,-0.0,0.04189,ASK
1311,1712605146.562919,2611596225869.337,0.04076,-0.0006550104496801,0.04189,ASK
1312,1712605146.5708938,2611619932116.794,0.04076,-0.000206098552789,0.04189,ASK
1313,1712605147.290726,2611620395574.794,0.04078,-4.02923420299385e-06,0.04189,ASK
1314,1712605147.3517878,2611621009071.7266,0.04075,-5.333650135142742e-06,0.04189,ASK
1315,1712605147.3551726,2611633583844.7324,0.04075,-0.0001093231867614,0.04189,ASK
1316,1712605147.3578708,2611670718419.077,0.04075,-0.0003228424087261,0.04189,ASK
1317,1712605147.3709643,2611670718419.077,0.04075,-0.0,0.04189,ASK
1318,1712605147.811189,2611680248470.586,0.04077,8.285283563021036e-05,0.04189,BID
1319,1712605149.0265822,2611680395637.6206,0.04077,1.2794480829705417e-06,0.04189,BID
1320,1712605170.5912106,2611680395637.6206,0.04077,0.0,0.04189,BID
1321,1712605172.1008306,2611685301205.44,0.04077,4.264502948909668e-05,0.04189,BID
1322,1712605175.5909364,2611692659557.169,0.04077,6.396754423364501e-05,0.04189,BID
1323,1712605178.750875,2611692659557.169,0.04077,0.0,0.04189,BID
1324,1712605178.9512286,2611700888285.581,0.04077,-7.153389347300833e-05,0.04189,ASK
1325,1712605191.361066,2611724566316.5684,0.04077,-0.0002058376047104,0.04189,ASK
1326,1712605193.340853,2611725056873.3506,0.04077,-4.264502951456501e-06,0.04189,ASK
1327,1712605194.0313826,2611725204040.385,0.04074,-1.2793508811922288e-06,0.04189,ASK
1328,1712605198.1608512,2611735010365.465,0.04079,8.524823988188387e-05,0.04189,BID
1329,1712605200.6219175,2611735010365.465,0.04079,0.0,0.04189,BID
1330,1712605222.3112438,2611735157460.341,0.04079,1.2793938355529649e-06,0.04189,BID
1331,1712605222.4513724,2611735402618.341,0.04079,2.132321957880232e-06,0.04189,BID
1332,1712605230.5709522,2611735402618.341,0.04079,0.0,0.04189,BID
1333,1712605240.4412267,2611759918431.04,0.04079,0.0002132322765683,0.04189,BID
1334,1712605247.8714886,2611772139582.0483,0.04079,0.0001062964497142,0.04189,BID
1335,1712605254.2910523,2611793446947.488,0.04079,0.0001853260218647,0.04189,BID
1336,1712605257.8109066,2611843399808.7627,0.04079,0.0004344772274708,0.04189,BID
1337,1712605260.9110422,2611843399808.7627,0.04079,0.0,0.04189,BID
1338,1712605262.5410416,2611845850164.2417,0.04079,2.1311749473379164e-05,0.04189,BID
1339,1712605262.7810435,2611846095322.3687,0.04079,2.1322410677783764e-06,0.04189,BID
1340,1712605262.790809,2611900557842.6733,0.04079,0.0004736829404418,0.04189,BID
1341,1712605270.691101,2611900704937.55,0.04079,-1.2793446432150956e-06,0.04189,ASK
1342,1712605279.991596,2611942992941.6685,0.04079,-0.0003677961655883,0.04189,ASK
1343,1712605290.9012172,2611942992941.6685,0.04079,-0.0,0.04189,ASK
1344,1712605297.751296,2611943139964.457,0.04081,1.2786724866146982e-06,0.04189,BID
1345,1712605298.4138763,2611984521430.5024,0.0408,-0.0003598989149993,0.04189,ASK
1346,1712605310.261031,2612595346430.5024,0.04079,-0.0053124085674796,0.04189,ASK
1347,1712605310.341645,2612624182891.31,0.04079,-0.0002507936994231,0.04189,ASK
1348,1712605310.3608267,2612624182891.31,0.04079,-0.0,0.04189,ASK
1349,1712605320.5710473,2612624182891.31,0.04079,-0.0,0.04189,ASK
1350,1712605335.3814435,2612625880859.6714,0.04079,1.476383965765462e-05,0.04189,BID
1351,1712605341.7815998,2612626027882.46,0.04079,-1.2783635584547608e-06,0.04189,ASK
1352,1712605350.6229515,2612626027882.46,0.04079,-0.0,0.04189,ASK
1353,1712605351.4813375,2612626027882.46,0.04079,-0.0,0.04189,ASK
1354,1712605351.4852452,2612629296980.502,0.04079,-2.8424798031575142e-05,0.04189,ASK
1355,1712605360.791195,2612629444075.3784,0.04079,1.2789895259441935e-06,0.04189,BID
1356,1712605364.9622335,2612631105714.218,0.04079,1.4447944908167125e-05,0.04189,BID
1357,1712605364.966049,2612651453247.58,0.04079,0.0001769217438066,0.04189,BID
1358,1712605364.9698076,2612656242778.607,0.0408,4.164495844283852e-05,0.04189,BID
1359,1712605380.9012923,2612656242778.607,0.0408,0.0,0.04189,BID
1360,1712605384.9914434,2612664242778.607,0.04079,6.955923144463382e-05,0.04189,BID
1361,1712605389.0912614,2612717477455.386,0.04079,-0.0004628704003714,0.04189,ASK
1362,1712605389.1109295,2612717477455.386,0.04079,-0.0,0.04189,ASK
1363,1712605410.941258,2612717477455.386,0.04079,-0.0,0.04189,ASK
1364,1712605417.691289,2612746388564.665,0.04079,-0.0002513738584131,0.04189,ASK
1365,1712605417.7713022,2612762113784.205,0.04079,-0.0001367263037969,0.04189,ASK
1366,1712605417.77462,2612777839003.746,0.04079,-0.0001367263038012,0.04189,ASK
1367,1712605417.790992,2612791024893.4834,0.04079,-0.0001146475546118,0.04189,ASK
1368,1712605417.951332,2612791171988.36,0.04076,-1.278948043598427e-06,0.04189,ASK
1369,1712605426.1115851,2612792642202.014,0.04079,-1.2783088865155504e-05,0.04189,ASK
1370,1712605426.1162796,2612809755968.8174,0.04076,-0.0001487993266453,0.04189,ASK
1371,1712605439.821495,2612809903063.694,0.04079,1.278948043598427e-06,0.04189,BID
1372,1712605440.591182,2612809903063.694,0.04079,0.0,0.04189,BID
1373,1712605468.561411,2612812354644.9634,0.04079,2.131510208328672e-05,0.04189,BID
1374,1712605470.5743487,2612812354644.9634,0.04079,0.0,0.04189,BID
1375,1712605484.7212403,2612813580435.5986,0.04076,-1.0657541779763437e-05,0.04189,ASK
1376,1712605485.3518045,2612835786797.452,0.04079,0.0001930714939597,0.04189,BID
1377,1712605485.79136,2612835933892.328,0.04076,-1.2789050113640442e-06,0.04189,ASK
1378,1712605494.9412646,2612838167564.8965,0.04076,-1.942049321878736e-05,0.04189,ASK
1379,1712605500.6057358,2612838167564.8965,0.04076,-0.0,0.04189,ASK
1380,1712605513.3514693,2612838314659.7725,0.04079,1.27945497697947e-06,0.04189,BID
1381,1712605525.3915436,2612890325232.079,0.04079,0.0004523963540639,0.04189,BID
1382,1712605525.5913975,2612891551924.915,0.04076,-1.0669972313756004e-05,0.04189,ASK
1383,1712605530.6250324,2612891551924.915,0.04076,-0.0,0.04189,ASK
1384,1712605531.2615426,2612895356679.394,0.04076,-3.3093741858444755e-05,0.04189,ASK
1385,1712605542.2022345,2612895602017.9614,0.04076,-2.1339540466256496e-06,0.04189,ASK
1386,1712605542.2075646,2612910138721.6514,0.04076,-0.0001264402005549,0.04189,ASK
1387,1712605542.2116177,2613035356679.394,0.04076,-0.0010891453817705,0.04189,ASK
1388,1712605547.86179,2613041049118.789,0.04076,-4.951281900663855e-05,0.04189,ASK
1389,1712605547.866079,2613087367251.7007,0.04076,-0.0004028749666768,0.04189,ASK
1390,1712605560.9115176,2613087367251.7007,0.04076,-0.0,0.04189,ASK
1391,1712605562.5615764,2613088610080.825,0.04079,1.0809373195770884e-05,0.04189,BID
1392,1712605568.5217075,2613088757175.7017,0.04076,-1.2793419332838616e-06,0.04189,ASK
1393,1712605576.321562,2613140715764.612,0.04076,-0.0004519042619562,0.04189,ASK
1394,1712605576.3253727,2613141948021.5703,0.04076,-1.071742291844099e-05,0.04189,ASK
1395,1712605577.887511,2613153127305.7085,0.04079,9.723062642152376e-05,0.04189,BID
1396,1712605582.2015953,2613153274400.5845,0.04079,1.279341929037088e-06,0.04189,BID
1397,1712605582.362544,2613190397307.289,0.04079,0.0003228725049707,0.04189,BID
1398,1712605582.372295,2613251375537.247,0.04079,0.0005303516239149,0.04189,BID
1399,1712605582.921219,2613349461920.9443,0.0408,0.0008530958165498,0.04189,BID
1400,1712605590.9412997,2613349461920.9443,0.0408,0.0,0.04189,BID
1401,1712605594.4317586,2613355439038.671,0.04081,5.198050824557204e-05,0.04189,BID
1402,1712605595.1518526,2613355928874.576,0.04083,4.259899244498479e-06,0.04189,BID
1403,1712605607.3016071,2613364986334.4414,0.04083,7.876896336537489e-05,0.04189,BID
1404,1712605607.306038,2613368174772.2,0.04083,2.7728517789550863e-05,0.04189,BID
1405,1712605610.0118585,2613413600797.86,0.04083,0.000395051262061,0.04189,BID
1406,1712605620.5716574,2613413600797.86,0.04083,0.0,0.04189,BID
1407,1712605624.2316935,2613416048753.4067,0.04083,2.1288366992432696e-05,0.04189,BID
1408,1712605630.7520983,2613421210680.911,0.04083,4.489011544436116e-05,0.04189,BID
1409,1712605632.5914936,2613516048753.4067,0.04083,0.0008247485109436,0.04189,BID
1410,1712605635.8234694,2613516195848.283,0.04083,-1.2791938631759982e-06,0.04189,ASK
1411,1712605639.301589,2613545007724.5537,0.04084,0.0002505592050354,0.04189,BID
1412,1712605641.0216484,2613547701822.031,0.04083,-2.342891229297828e-05,0.04189,ASK
1413,1712605646.93301,2613567398505.0645,0.04085,0.0001712899637781,0.04189,BID
1414,1712605646.937827,2613657398505.0645,0.04086,0.0007826747637492,0.04189,BID
1415,1712605646.9423409,2613681237157.111,0.04085,0.0002073101262056,0.04189,BID
1416,1712605646.9467454,2613712241912.388,0.04088,0.0002696293279046,0.04189,BID
1417,1712605646.949064,2613748673563.7285,0.04085,0.0003168237122907,0.04189,BID
1418,1712605646.951016,2613866654263.7285,0.04087,0.0010260057388829,0.04189,BID
1419,1712605650.5819497,2613866654263.7285,0.04087,0.0,0.04189,BID
1420,1712605653.8520577,2613956654263.7285,0.04084,0.000782548803384,0.04189,BID
1421,1712605653.8564205,2613957169383.0654,0.04086,4.478955785578815e-06,0.04189,BID
1422,1712605653.9118023,2613966574088.336,0.04083,-8.1773787284619e-05,0.04189,ASK
1423,1712605653.9161074,2613991275795.773,0.04083,-0.0002147810177375,0.04189,ASK
1424,1712605654.011352,2613991275795.773,0.04083,-0.0,0.04189,ASK
1425,1712605659.1519058,2613991422746.5444,0.04083,1.277735004238478e-06,0.04189,BID
1426,1712605665.1216807,2613991667664.497,0.04083,2.129558341812663e-06,0.04189,BID
1427,1712605667.871521,2613991912582.449,0.04083,2.1295583375670643e-06,0.04189,BID
1428,1712605678.331727,2614081275795.773,0.04083,0.0007770119517004,0.04189,BID
1429,1712605678.3361945,2614089879763.444,0.04083,7.48113845024085e-05,0.04189,BID
1430,1712605678.5916948,2614092328942.9688,0.04083,2.129558340538984e-05,0.04189,BID
1431,1712605680.9170246,2614092328942.9688,0.04083,0.0,0.04189,BID
