,time,acc_trade_volume,trade_price,dev,high,ask_bid
0,1712601588.4719465,11078285.62569012,1343.0,0.0,1347.0,ASK
1,1712601600.4865477,11078285.62569012,1343.0,-0.0,1347.0,ASK
2,1712601600.9070404,11078290.08334242,1346.0,2.8995678571384487e-10,1347.0,BID
3,1712601630.5064516,11078290.08334242,1346.0,0.0,1347.0,BID
4,1712601647.0461855,11078294.54099472,1343.0,-2.8995667254902313e-10,1347.0,ASK
5,1712601660.7661607,11078294.54099472,1343.0,-0.0,1347.0,ASK
6,1712601669.716341,11078298.99864702,1346.0,2.8995655951535475e-10,1347.0,BID
7,1712601674.5960653,11078537.26670051,1346.0,1.5498603390893074e-08,1347.0,BID
8,1712601690.7760203,11078537.26670051,1346.0,0.0,1347.0,BID
9,1712601700.6361623,11079037.26670051,1346.0,3.2522769636536825e-08,1347.0,BID
10,1712601716.0159075,11079041.72435281,1344.0,-2.8995039778413957e-10,1347.0,ASK
11,1712601720.4888792,11079041.72435281,1344.0,-0.0,1347.0,ASK
12,1712601734.2864451,11079456.40067065,1346.0,2.6971653505325573e-08,1347.0,BID
13,1712601734.2880323,11080241.72435281,1346.0,5.107954646447999e-08,1347.0,BID
14,1712601739.2559178,11080246.18200511,1346.0,2.8993759247026576e-10,1347.0,BID
15,1712601750.4859486,11080246.18200511,1346.0,0.0,1347.0,BID
16,1712601780.7657292,11080246.18200511,1346.0,0.0,1347.0,BID
17,1712601783.3183966,11080250.63965741,1344.0,-2.899070227159727e-10,1347.0,ASK
18,1712601806.0556357,11080255.09730971,1346.0,2.899070227159727e-10,1347.0,BID
19,1712601810.7058942,11080489.52576139,1346.0,1.524624396058691e-08,1347.0,BID
20,1712601810.707471,11080493.3653632,1346.0,2.4971160912645384e-10,1347.0,BID
21,1712601810.7953618,11080493.3653632,1346.0,0.0,1347.0,BID
22,1712601823.355575,11080853.01102752,1345.0,-2.3389340575685762e-08,1347.0,ASK
23,1712601840.476003,11080853.01102752,1345.0,-0.0,1347.0,ASK
24,1712601850.225297,11080861.92633212,1346.0,5.79783260704048e-10,1347.0,BID
25,1712601852.715374,11080866.38398442,1345.0,-2.8989163041259024e-10,1347.0,ASK
26,1712601870.505885,11080866.38398442,1345.0,-0.0,1347.0,ASK
27,1712601871.19529,11080870.84163672,1346.0,2.898912910338509e-10,1347.0,BID
28,1712601900.4956348,11080870.84163672,1346.0,0.0,1347.0,BID
29,1712601916.1955292,11080875.29928902,1345.0,-2.8991963354613846e-10,1347.0,ASK
30,1712601917.5552194,11081191.61480498,1347.0,2.0572730282195632e-08,1347.0,BID
31,1712601922.5150392,11081265.85385472,1347.0,4.8284066688186535e-09,1347.0,BID
32,1712601922.5390823,11081317.85885472,1347.0,3.382334360351045e-09,1347.0,BID
33,1712601930.5052102,11081317.85885472,1347.0,0.0,1347.0,BID
34,1712601937.1451535,11081322.3131977,1347.0,2.8969305508817737e-10,1347.0,BID
35,1712601960.7649455,11081322.3131977,1347.0,0.0,1347.0,BID
36,1712601978.1051505,11081326.76754068,1345.0,-2.8969294204519835e-10,1347.0,ASK
37,1712601990.7849529,11081326.76754068,1345.0,-0.0,1347.0,ASK
38,1712602001.8553176,11081331.22188366,1347.0,2.8969282917015137e-10,1347.0,BID
39,1712602020.633056,11081331.22188366,1347.0,0.0,1347.0,BID
40,1712602021.394837,11083792.02236366,1345.0,-1.6004065652547366e-07,1347.0,ASK
41,1712602021.4152138,11086542.30040906,1345.0,-1.788671237633821e-07,1347.0,ASK
42,1712602021.4247038,11086552.30040906,1345.0,-6.50360148358837e-10,1347.0,ASK
43,1712602023.79522,11086626.70517096,1344.0,-4.838989198740843e-09,1347.0,ASK
44,1712602023.7970264,11087779.96038806,1344.0,-7.500312340896857e-08,1347.0,ASK
45,1712602035.004736,11087854.25459311,1345.0,4.831799021790387e-09,1347.0,BID
46,1712602048.855164,11087858.70893557,1343.0,-2.8969268232956276e-10,1347.0,ASK
47,1712602048.8572147,11087858.70893609,1344.0,-3.379778589906461e-17,1347.0,ASK
48,1712602050.4557073,11087858.70893609,1344.0,-0.0,1347.0,ASK
49,1712602054.3148215,11088081.75726322,1345.0,1.4497897443559916e-08,1347.0,BID
50,1712602069.944774,11088086.21822976,1345.0,2.8995794861210867e-10,1347.0,BID
51,1712602080.7750075,11088086.21822976,1345.0,0.0,1347.0,BID
52,1712602110.7849455,11088086.21822976,1345.0,0.0,1347.0,BID
53,1712602112.306729,11088093.65317399,1345.0,4.832536359336761e-10,1347.0,BID
54,1712602115.9847124,11088242.18642878,1343.0,-9.654307174766086e-09,1347.0,ASK
55,1712602119.134349,11088246.64739532,1343.0,-2.8995218168127325e-10,1347.0,ASK
56,1712602127.0948818,11089080.74071232,1343.0,-5.421407553593559e-08,1347.0,ASK
57,1712602127.1146078,11089095.63274508,1343.0,-9.679465983470792e-10,1347.0,ASK
58,1712602127.1243136,11090892.33033617,1343.0,-1.1678105666754204e-07,1347.0,ASK
59,1712602139.544422,11090896.79462188,1344.0,2.9016791971216367e-10,1347.0,BID
60,1712602140.4844584,11090896.79462188,1344.0,0.0,1347.0,BID
61,1712602170.4945295,11090896.79462188,1344.0,0.0,1347.0,BID
62,1712602184.2945805,11092651.69321388,1344.0,-1.1403624363023073e-07,1347.0,ASK
63,1712602185.5142686,11092656.15749922,1343.0,-2.9009672297071865e-10,1347.0,ASK
64,1712602185.52405,11092656.15749959,1344.0,-2.4086521206132164e-17,1347.0,ASK
65,1712602200.5650234,11092656.15749959,1344.0,-0.0,1347.0,ASK
66,1712602206.634338,11092660.61846613,1345.0,2.9013846622257846e-10,1347.0,BID
67,1712602209.5052185,11093028.45499913,1343.0,-2.3923857437863475e-08,1347.0,ASK
68,1712602230.5075183,11093028.45499913,1343.0,-0.0,1347.0,ASK
69,1712602254.5343697,11093028.45499985,1343.0,-4.6760554513654975e-17,1347.0,ASK
70,1712602254.543852,11093032.91596567,1342.0,-2.9012898459380747e-10,1347.0,ASK
71,1712602260.5342171,11093032.91596567,1342.0,-0.0,1347.0,ASK
72,1712602265.8942764,11093040.36753049,1342.0,-4.846291541361513e-10,1347.0,ASK
73,1712602277.693991,11093784.96916849,1343.0,-4.842682990434632e-08,1347.0,ASK
74,1712602290.524359,11093784.96916849,1343.0,-0.0,1347.0,ASK
75,1712602305.2539945,11093789.4334542,1344.0,2.9032571724318686e-10,1347.0,BID
76,1712602314.4041662,11096352.4334542,1344.0,1.6667947830707384e-07,1347.0,BID
77,1712602314.4062998,11103833.64532776,1344.0,4.865253578578023e-07,1347.0,BID
78,1712602314.4843524,11104773.76056776,1344.0,-6.11384774684982e-08,1347.0,ASK
79,1712602314.485769,11106173.64826074,1344.0,-9.103884134002248e-08,1347.0,ASK
80,1712602320.7542982,11106173.64826074,1344.0,-0.0,1347.0,ASK
81,1712602324.7839026,11107376.91192674,1344.0,-7.816715745863778e-08,1347.0,ASK
82,1712602324.8039644,11107921.24098223,1344.0,-3.5361040304019746e-08,1347.0,ASK
83,1712602331.8037798,11108293.26479175,1344.0,2.4167640492023724e-08,1347.0,BID
84,1712602350.8114426,11108293.26479175,1344.0,0.0,1347.0,BID
85,1712602352.523999,11108297.72907734,1343.0,-2.899580172579693e-10,1347.0,ASK
86,1712602352.5261247,11108297.72907746,1343.0,-7.863694520746772e-18,1347.0,ASK
87,1712602376.9536417,11108302.190044,1345.0,2.8974244302519677e-10,1347.0,BID
88,1712602377.0336158,11108653.42402971,1343.0,-2.2812857296479986e-08,1347.0,ASK
89,1712602377.043403,11109057.190044,1343.0,-2.6224843950093178e-08,1347.0,ASK
90,1712602380.4744823,11109057.190044,1343.0,-0.0,1347.0,ASK
91,1712602410.483679,11109057.190044,1343.0,-0.0,1347.0,ASK
92,1712602413.5639362,11114302.494485,1343.0,-3.4066295777143066e-07,1347.0,ASK
93,1712602413.5661125,11117089.990276,1343.0,-1.8103745390159546e-07,1347.0,ASK
94,1712602419.5637608,11117519.93797831,1343.0,-2.792349950394528e-08,1347.0,ASK
95,1712602424.8437204,11117524.39894485,1343.0,-2.8972313669599117e-10,1347.0,ASK
96,1712602435.2137942,11119809.87858254,1343.0,-1.4843337733016405e-07,1347.0,ASK
97,1712602435.223411,11119988.39894485,1343.0,-1.159423162762468e-08,1347.0,ASK
98,1712602440.753697,11119988.39894485,1343.0,-0.0,1347.0,ASK
99,1712602443.1934066,11119992.86323056,1344.0,2.8966252549811166e-10,1347.0,BID
100,1712602443.4935677,11123770.06723056,1343.0,-2.450816369812898e-07,1347.0,ASK
101,1712602443.5596366,11125697.06723056,1343.0,-1.2503224990309145e-07,1347.0,ASK
102,1712602443.5932364,11126352.06723056,1343.0,-4.2499285774013966e-08,1347.0,ASK
103,1712602443.713344,11126584.48917251,1343.0,-1.5080559589501245e-08,1347.0,ASK
104,1712602444.5135949,11128804.48917251,1343.0,-1.440433807913145e-07,1347.0,ASK
105,1712602453.8233626,11128819.46483915,1343.0,-9.716872307243315e-10,1347.0,ASK
106,1712602470.773548,11128819.46483915,1343.0,-0.0,1347.0,ASK
107,1712602498.5057874,11128823.92912486,1343.0,-2.8943979080463434e-10,1347.0,ASK
108,1712602500.541272,11128823.92912486,1343.0,-0.0,1347.0,ASK
109,1712602516.2835305,11128828.39341057,1344.0,2.8952450014881536e-10,1347.0,BID
110,1712602521.4435315,11128977.53584159,1343.0,-9.672406872839752e-09,1347.0,ASK
111,1712602524.0738716,11129128.83765611,1343.0,-9.812450425045365e-09,1347.0,ASK
112,1712602524.473647,11129264.2291392,1343.0,-8.780609935128738e-09,1347.0,ASK
113,1712602524.6060638,11129380.22447797,1343.0,-7.522702320647816e-09,1347.0,ASK
114,1712602524.657946,11129856.37506162,1343.0,-3.088002620279775e-08,1347.0,ASK
115,1712602524.6600752,11129881.96084396,1343.0,-1.6593272300832391e-09,1347.0,ASK
116,1712602524.9137626,11130273.0050482,1343.0,-2.5360580639877745e-08,1347.0,ASK
117,1712602524.993611,11130586.11153356,1343.0,-2.030604771714777e-08,1347.0,ASK
118,1712602525.213765,11131227.22850642,1343.0,-4.1578671959558094e-08,1347.0,ASK
119,1712602525.2735152,11131345.43304901,1343.0,-7.665976894306216e-09,1347.0,ASK
120,1712602530.530606,11131345.43304901,1343.0,-0.0,1347.0,ASK
121,1712602530.8541863,11131451.93534189,1343.0,-6.9055285981104715e-09,1347.0,ASK
122,1712602531.234167,11132782.08105995,1343.0,-8.624564830720716e-08,1347.0,ASK
123,1712602531.2739468,11136597.81595995,1343.0,-2.4740938210844134e-07,1347.0,ASK
124,1712602531.7840135,11136713.66429199,1343.0,-7.511518750503893e-09,1347.0,ASK
125,1712602531.8741128,11136802.65888291,1343.0,-5.770342365862473e-09,1347.0,ASK
126,1712602532.0040174,11137106.65888291,1343.0,-1.9711131441793257e-08,1347.0,ASK
127,1712602532.0247362,11137247.66114162,1343.0,-9.142480444068862e-09,1347.0,ASK
128,1712602532.1039357,11137458.76372348,1343.0,-1.368773269327036e-08,1347.0,ASK
129,1712602532.1265368,11138889.68429468,1343.0,-9.277981401874976e-08,1347.0,ASK
130,1712602548.6043558,11140100.98812054,1342.0,-7.854002936662307e-08,1347.0,ASK
131,1712602548.684343,11140482.27896866,1342.0,-2.4722611923903905e-08,1347.0,ASK
132,1712602560.77468,11140482.27896866,1342.0,-0.0,1347.0,ASK
133,1712602563.4552066,11140486.74325437,1342.0,-2.8923083855111867e-10,1347.0,ASK
134,1712602581.6752992,11141252.1218363,1342.0,-4.958712400870168e-08,1347.0,ASK
135,1712602582.0156715,11141257.69763954,1343.0,3.6124351174102846e-10,1347.0,BID
136,1712602582.018312,11141281.90590182,1343.0,1.5683978256462843e-09,1347.0,BID
137,1712602590.7756774,11141281.90590182,1343.0,0.0,1347.0,BID
138,1712602618.806337,11141286.37351164,1343.0,2.8942607762858497e-10,1347.0,BID
139,1712602620.5732908,11141286.37351164,1343.0,0.0,1347.0,BID
140,1712602623.4068606,11141324.71178698,1343.0,2.4836753401389037e-09,1347.0,BID
141,1712602623.410211,11143316.38010179,1343.0,1.29026604233838e-07,1347.0,BID
142,1712602650.5177567,11143316.38010179,1343.0,0.0,1347.0,BID
143,1712602666.4973814,11143320.84771161,1342.0,-2.89374856111538e-10,1347.0,ASK
144,1712602680.770805,11143320.84771161,1342.0,-0.0,1347.0,ASK
145,1712602686.7280517,11143325.31532143,1343.0,2.8937474385609084e-10,1347.0,BID
146,1712602693.5080955,11143702.95882596,1342.0,-2.446061692348799e-08,1347.0,ASK
147,1712602710.7582848,11143702.95882596,1342.0,-0.0,1347.0,ASK
148,1712602712.6586385,11145454.20448289,1342.0,-1.134274146914079e-07,1347.0,ASK
149,1712602732.518748,11145458.67209271,1342.0,-2.893651325367504e-10,1347.0,ASK
150,1712602740.5045075,11145458.67209271,1342.0,-0.0,1347.0,ASK
151,1712602748.1590729,11145463.13970253,1343.0,2.8932097998485227e-10,1347.0,BID
152,1712602760.9093297,11145631.8135362,1343.0,1.0923263402966542e-08,1347.0,BID
153,1712602770.5326416,11145631.8135362,1343.0,0.0,1347.0,BID
154,1712602799.2804031,11145636.28114602,1343.0,-2.8931662318961845e-10,1347.0,ASK
155,1712602800.6482997,11145636.28114602,1343.0,-0.0,1347.0,ASK
156,1712602800.8902512,11145874.21658313,1343.0,-1.5411681020015935e-08,1347.0,ASK
157,1712602802.4701664,11145881.65705932,1344.0,4.819384915733174e-10,1347.0,BID
158,1712602820.2603114,11145886.12134503,1344.0,2.8916309479921245e-10,1347.0,BID
159,1712602830.5369368,11145886.12134503,1344.0,0.0,1347.0,BID
160,1712602847.1239944,11146026.24634503,1344.0,9.076053965381478e-09,1347.0,BID
161,1712602857.9813535,11146091.64634503,1343.0,-4.236031609914931e-09,1347.0,ASK
162,1712602860.5724003,11146191.32644503,1343.0,-6.456392270261377e-09,1347.0,ASK
163,1712602860.7828414,11146191.32644503,1343.0,-0.0,1347.0,ASK
164,1712602862.0411382,11146991.32644503,1343.0,-5.18155243027569e-08,1347.0,ASK
165,1712602863.5610795,11149533.05644503,1343.0,-1.646263407325868e-07,1347.0,ASK
166,1712602864.101109,11150624.70074503,1343.0,-7.070515219569749e-08,1347.0,ASK
167,1712602866.5912511,11150882.45511892,1343.0,-1.6694597530631826e-08,1347.0,ASK
168,1712602869.0904148,11151630.65641892,1343.0,-4.8460553304309735e-08,1347.0,ASK
169,1712602871.3313308,11151904.51983079,1343.0,-1.7737970341722913e-08,1347.0,ASK
170,1712602875.2612162,11151908.9841165,1343.0,-2.89149130929727e-10,1347.0,ASK
171,1712602876.4013386,11152008.6642165,1343.0,-6.456220805033741e-09,1347.0,ASK
172,1712602877.8713396,11152758.6642165,1343.0,-4.85770540338346e-08,1347.0,ASK
173,1712602879.3812432,11152858.3229165,1343.0,-6.454834739820991e-09,1347.0,ASK
174,1712602880.9057949,11153055.60189155,1343.0,-1.2777641907595226e-08,1347.0,ASK
175,1712602880.910837,11155762.9529165,1343.0,-1.753535160367332e-07,1347.0,ASK
176,1712602881.0215652,11155889.2118922,1343.0,-8.177718779871783e-09,1347.0,ASK
177,1712602890.772682,11155889.2118922,1343.0,-0.0,1347.0,ASK
178,1712602890.9614353,11155893.67617791,1344.0,2.889054178298179e-10,1347.0,BID
179,1712602914.6522112,11155899.13634172,1343.0,-3.533534836564888e-10,1347.0,ASK
180,1712602914.6556642,11169242.86825563,1342.0,-8.635371244847549e-07,1347.0,ASK
181,1712602917.4248958,11169244.86825563,1344.0,1.2942962734205054e-10,1347.0,BID
182,1712602920.5074224,11169244.86825563,1344.0,0.0,1347.0,BID
183,1712602942.293857,11169249.33254134,1342.0,-2.885707036268955e-10,1347.0,ASK
184,1712602950.5756705,11169249.33254134,1342.0,-0.0,1347.0,ASK
185,1712602950.882281,11169251.33254134,1344.0,1.2927962531389124e-10,1347.0,BID
186,1712602960.0424783,11169255.80015116,1343.0,2.887854618464949e-10,1347.0,BID
187,1712602980.7781148,11169255.80015116,1343.0,0.0,1347.0,BID
188,1712603007.0439303,11169607.03413687,1343.0,2.2703686284925305e-08,1347.0,BID
189,1712603007.052962,11169872.58690522,1343.0,1.7165271556797772e-08,1347.0,BID
190,1712603010.7849746,11169872.58690522,1343.0,0.0,1347.0,BID
191,1712603013.4536428,11169877.05451504,1343.0,-2.8876983765177273e-10,1347.0,ASK
192,1712603018.1132786,11170044.55471504,1343.0,-1.0826595768181796e-08,1347.0,ASK
193,1712603025.743624,11170600.98423347,1343.0,-3.596555388920921e-08,1347.0,ASK
194,1712603025.7462337,11170707.58005695,1343.0,-6.88996127404489e-09,1347.0,ASK
195,1712603026.203114,11172211.15322105,1343.0,-9.718542936443017e-08,1347.0,ASK
196,1712603027.2731533,11172764.33984675,1343.0,-3.575594525161965e-08,1347.0,ASK
197,1712603028.0732057,11173368.39361754,1343.0,-3.9043810088592137e-08,1347.0,ASK
198,1712603028.200092,11173880.30666362,1343.0,-3.3088173138686164e-08,1347.0,ASK
199,1712603030.203393,11173884.77094933,1344.0,2.885549795456176e-10,1347.0,BID
200,1712603040.533534,11173884.77094933,1344.0,0.0,1347.0,BID
201,1712603041.753602,11174032.24185673,1344.0,9.528657411953452e-09,1347.0,BID
202,1712603070.286538,11174106.84185672,1343.0,-4.820190337027645e-09,1347.0,ASK
203,1712603070.6023211,11175401.74185672,1343.0,-8.366842450709498e-08,1347.0,ASK
204,1712603070.6258552,11176259.60832116,1343.0,-5.5430022022648484e-08,1347.0,ASK
205,1712603070.633809,11176259.60832116,1343.0,-0.0,1347.0,ASK
206,1712603071.338986,11176558.26982116,1343.0,-1.9295117723223163e-08,1347.0,ASK
207,1712603076.6741004,11176625.89850221,1343.0,-4.3691716620329106e-09,1347.0,ASK
208,1712603082.0538435,11176627.89850221,1344.0,1.2921061283933686e-10,1347.0,BID
209,1712603085.9139955,11176632.36278792,1343.0,-2.8841654617255756e-10,1347.0,ASK
210,1712603090.3946595,11176634.36278792,1344.0,1.2921061283933686e-10,1347.0,BID
211,1712603091.9741387,11176668.17712845,1343.0,-2.1845858313172976e-09,1347.0,ASK
212,1712603098.924132,11176670.17712845,1344.0,1.2921061283933686e-10,1347.0,BID
213,1712603100.7713273,11176670.17712845,1344.0,0.0,1347.0,BID
214,1712603102.6445196,11176674.64141416,1344.0,2.884947221756003e-10,1347.0,BID
215,1712603105.7140613,11176691.54858442,1343.0,-1.092588983540888e-09,1347.0,ASK
216,1712603108.2943356,11176693.54858442,1344.0,1.2924563563481626e-10,1347.0,BID
217,1712603130.7762616,11176693.54858442,1344.0,0.0,1347.0,BID
218,1712603150.0550485,11176698.01287013,1343.0,-2.8849413676119803e-10,1347.0,ASK
219,1712603156.9647725,11176700.01287013,1344.0,1.292453734230892e-10,1347.0,BID
220,1712603160.537379,11176700.01287013,1344.0,0.0,1347.0,BID
221,1712603169.254984,11176704.47715584,1344.0,2.8849397499219005e-10,1347.0,BID
222,1712603174.7947917,11176754.68920941,1344.0,3.244835986204561e-09,1347.0,BID
223,1712603190.5360951,11176754.68920941,1344.0,0.0,1347.0,BID
224,1712603191.8276925,11176896.67131786,1343.0,-9.175216593025209e-09,1347.0,ASK
225,1712603194.4351747,11176898.67131786,1344.0,1.2924468714006368e-10,1347.0,BID
226,1712603195.4552925,11176906.11253809,1344.0,4.808690902504768e-10,1347.0,BID
227,1712603214.6356883,11176927.96331009,1343.0,-1.4120480955093123e-09,1347.0,ASK
228,1712603216.525396,11176932.33357072,1343.0,-2.8241648390970947e-10,1347.0,ASK
229,1712603216.5277247,11177063.19701038,1342.0,-8.456702158377845e-09,1347.0,ASK
230,1712603218.5956268,11177067.66129609,1342.0,-2.884926049998149e-10,1347.0,ASK
231,1712603219.0751972,11177069.66129609,1344.0,1.2924468714006368e-10,1347.0,BID
232,1712603220.76562,11177069.66129609,1344.0,0.0,1347.0,BID
233,1712603226.6990168,11177276.66047726,1344.0,1.337640665744168e-08,1347.0,BID
234,1712603226.7015543,11180789.89939132,1344.0,2.270275280007505e-07,1347.0,BID
235,1712603239.6054294,11180794.36367703,1344.0,2.8848472136696234e-10,1347.0,BID
236,1712603246.6953795,11180945.22971909,1342.0,-9.749050783545113e-09,1347.0,ASK
237,1712603248.5552008,11181667.02971909,1342.0,-4.6643132937908914e-08,1347.0,ASK
238,1712603250.1257975,11182074.01630994,1342.0,-2.629970859089449e-08,1347.0,ASK
239,1712603250.7954412,11182074.01630994,1342.0,-0.0,1347.0,ASK
240,1712603251.4053442,11182076.01630994,1343.0,1.2918502914028768e-10,1347.0,BID
241,1712603255.9853506,11182737.13797471,1342.0,-4.2703510764290586e-08,1347.0,ASK
242,1712603259.9657073,11184288.05023386,1342.0,-1.001773226961802e-07,1347.0,ASK
243,1712603261.485509,11184411.25102387,1342.0,-7.957848823799519e-09,1347.0,ASK
244,1712603262.8555944,11184413.25102387,1343.0,1.2918502914028768e-10,1347.0,BID
245,1712603262.9956453,11184686.43890896,1342.0,-1.764589244810838e-08,1347.0,ASK
246,1712603263.7955697,11184805.03805221,1342.0,-7.660616888376648e-09,1347.0,ASK
247,1712603264.929616,11187234.99073069,1342.0,-1.5695675378943126e-07,1347.0,ASK
248,1712603269.3059793,11187969.19761095,1342.0,-4.7424268610710624e-08,1347.0,ASK
249,1712603271.4455795,11187971.19761095,1343.0,1.2918502914028768e-10,1347.0,BID
250,1712603272.6355317,11188089.00222229,1342.0,-7.609296074419748e-09,1347.0,ASK
251,1712603274.645956,11188452.30291013,1342.0,-2.3466504972661938e-08,1347.0,ASK
252,1712603275.6656623,11188559.03767417,1342.0,-6.89426680136333e-09,1347.0,ASK
253,1712603276.1673982,11189088.21348895,1342.0,-3.4180796526311e-08,1347.0,ASK
254,1712603276.465482,11189242.71856663,1342.0,-9.979871481243608e-09,1347.0,ASK
255,1712603276.5456195,11189389.16252906,1342.0,-9.459183777006928e-09,1347.0,ASK
256,1712603277.0853293,11189517.61729123,1342.0,-8.297216097075982e-09,1347.0,ASK
257,1712603277.7755735,11189902.01807084,1342.0,-2.4829412957645543e-08,1347.0,ASK
258,1712603277.7963257,11190261.06725919,1342.0,-2.3191889929976992e-08,1347.0,ASK
259,1712603279.705891,11190367.34467012,1342.0,-6.864725213974648e-09,1347.0,ASK
260,1712603280.53641,11190367.34467012,1342.0,-0.0,1347.0,ASK
261,1712603280.8455918,11190369.34467012,1343.0,1.2909222573946682e-10,1347.0,BID
262,1712603280.865792,11190461.31942908,1342.0,-5.936613172898252e-09,1347.0,ASK
263,1712603282.3157804,11190581.3770209,1342.0,-7.749250872490864e-09,1347.0,ASK
264,1712603282.3359053,11190693.54375013,1342.0,-7.239926365136401e-09,1347.0,ASK
265,1712603283.6160035,11193999.84605692,1342.0,-2.134089618755212e-07,1347.0,ASK
266,1712603284.355517,11194148.21487266,1342.0,-9.57663032713954e-09,1347.0,ASK
267,1712603284.5658674,11194299.07046534,1342.0,-9.737142112104263e-09,1347.0,ASK
268,1712603284.7458389,11194403.10010426,1342.0,-6.714708815526599e-09,1347.0,ASK
269,1712603285.1857836,11194489.85021238,1342.0,-5.5993822702372546e-09,1347.0,ASK
270,1712603287.2358649,11194582.58071989,1342.0,-5.985393804194111e-09,1347.0,ASK
271,1712603287.555669,11194587.0450056,1342.0,-2.8815228937374647e-10,1347.0,ASK
272,1712603287.6157875,11194759.16775067,1342.0,-1.1109854130655492e-08,1347.0,ASK
273,1712603288.396024,11197238.8575483,1342.0,-1.6005433755978689e-07,1347.0,ASK
274,1712603288.3999443,11198698.22381447,1342.0,-9.41964197345236e-08,1347.0,ASK
275,1712603288.4036446,11198711.69266697,1342.0,-8.69362073658512e-10,1347.0,ASK
276,1712603288.496224,11198786.26388248,1341.0,-4.813282093165451e-09,1347.0,ASK
277,1712603288.49861,11198873.3570613,1341.0,-5.621526150290882e-09,1347.0,ASK
278,1712603288.7357788,11198875.3570613,1342.0,1.2909222573946682e-10,1347.0,BID
279,1712603296.8259485,11198877.3570613,1343.0,1.2909222573946682e-10,1347.0,BID
280,1712603305.2558317,11198881.82467112,1343.0,2.883668476367041e-10,1347.0,BID
281,1712603310.5246367,11198881.82467112,1343.0,0.0,1347.0,BID
282,1712603326.0558743,11198956.28483493,1343.0,4.8025721355713746e-09,1347.0,BID
283,1712603337.5262146,11199067.07083066,1343.0,7.14553539594449e-09,1347.0,BID
284,1712603337.5385818,11199485.10836434,1343.0,2.696281216845602e-08,1347.0,BID
285,1712603340.8086374,11199485.10836434,1343.0,0.0,1347.0,BID
286,1712603355.5763755,11199489.57597416,1341.0,-2.8813927023304527e-10,1347.0,ASK
287,1712603367.636326,11199491.57597416,1343.0,1.2899034686776175e-10,1347.0,BID
288,1712603370.7863204,11199491.57597416,1343.0,0.0,1347.0,BID
289,1712603376.4063487,11199496.04358398,1343.0,2.8813910886197077e-10,1347.0,BID
290,1712603376.5263252,11200251.04358398,1341.0,-4.8693828692111293e-08,1347.0,ASK
291,1712603382.8266325,11200253.04358398,1343.0,1.2899027468108948e-10,1347.0,BID
292,1712603400.5664015,11200253.04358398,1343.0,0.0,1347.0,BID
293,1712603401.2663352,11200256.88176565,1343.0,2.475301959108985e-10,1347.0,BID
294,1712603403.8564727,11200263.23977206,1343.0,4.1003754051976645e-10,1347.0,BID
295,1712603422.486641,11200267.70738188,1341.0,-2.8812297817551913e-10,1347.0,ASK
296,1712603427.367061,11200269.70738188,1343.0,1.2898305351043891e-10,1347.0,BID
297,1712603430.54203,11200269.70738188,1343.0,0.0,1347.0,BID
298,1712603438.0666816,11200274.1749917,1343.0,2.8812256261816164e-10,1347.0,BID
299,1712603444.8868306,11200802.99852111,1341.0,-3.4104587592635016e-08,1347.0,ASK
300,1712603446.3167024,11200807.99852111,1343.0,3.224571685637142e-10,1347.0,BID
301,1712603460.7639997,11200807.99852111,1343.0,0.0,1347.0,BID
302,1712603483.7472465,11200812.46613093,1341.0,-2.8810914990973256e-10,1347.0,ASK
303,1712603490.804847,11200812.46613093,1341.0,-0.0,1347.0,ASK
304,1712603490.8070118,11200814.46613093,1342.0,1.2897681317224632e-10,1347.0,BID
305,1712603491.1072724,11201814.46613093,1341.0,-6.448840658612315e-08,1347.0,ASK
306,1712603491.1112545,11202844.81237745,1341.0,-6.644538766995123e-08,1347.0,ASK
307,1712603502.4370852,11202849.28665038,1341.0,2.8853873195126664e-10,1347.0,BID
308,1712603520.3875823,11202949.28665038,1340.0,-6.448840658612316e-09,1347.0,ASK
309,1712603520.4001777,11203671.1294866,1340.0,-4.655049431342389e-08,1347.0,ASK
310,1712603520.4033363,11207823.12464295,1340.0,-2.67755551786288e-07,1347.0,ASK
311,1712603520.5283852,11207831.12464295,1340.0,-5.159072526889853e-10,1347.0,ASK
312,1712603520.5302794,11207831.12464295,1340.0,-0.0,1347.0,ASK
313,1712603520.5546772,11207904.34971847,1340.0,-4.719308759471278e-09,1347.0,ASK
314,1712603550.5578375,11207904.34971847,1340.0,-0.0,1347.0,ASK
315,1712603551.7906227,11207908.8239914,1340.0,-2.883619737831913e-10,1347.0,ASK
316,1712603569.3473628,11207913.29493029,1342.0,2.88147098700263e-10,1347.0,BID
317,1712603580.5976193,11207913.29493029,1342.0,0.0,1347.0,BID
318,1712603596.0471933,11208353.48621664,1341.0,-2.8369822773829764e-08,1347.0,ASK
319,1712603605.5977433,11209110.78621664,1342.0,-4.8807115117622014e-08,1347.0,ASK
320,1712603607.1177833,11209832.88621664,1342.0,-4.653851555048461e-08,1347.0,ASK
321,1712603610.5367486,11209832.88621664,1342.0,-0.0,1347.0,ASK
322,1712603617.9177835,11209837.35715553,1342.0,-2.8809905201451605e-10,1347.0,ASK
323,1712603635.2776632,11209841.82476535,1343.0,2.878845329883549e-10,1347.0,BID
324,1712603640.7713673,11209841.82476535,1343.0,0.0,1347.0,BID
325,1712603659.5978951,11209850.49113989,1342.0,-5.584447518809211e-10,1347.0,ASK
326,1712603659.6018896,11210127.06950887,1342.0,-1.782218595881805e-08,1347.0,ASK
327,1712603659.7414403,11210275.53358249,1342.0,-9.566743552809765e-09,1347.0,ASK
328,1712603660.668172,11210445.59522719,1342.0,-1.0958450103993396e-08,1347.0,ASK
329,1712603660.672789,11210965.94158249,1342.0,-3.353013303753796e-08,1347.0,ASK
330,1712603660.828496,11210965.94161136,1342.0,-1.8603925150978426e-15,1347.0,ASK
331,1712603670.7881205,11210965.94161136,1342.0,-0.0,1347.0,ASK
332,1712603682.4382508,11210970.40922118,1340.0,-2.8785632801723077e-10,1347.0,ASK
333,1712603693.5782318,11210977.87190774,1342.0,4.80834638123284e-10,1347.0,BID
334,1712603700.593688,11210977.87190774,1342.0,0.0,1347.0,BID
335,1712603700.7016983,11211216.35600458,1340.0,-1.5369116433812802e-08,1347.0,ASK
336,1712603703.6081626,11211220.82694347,1342.0,2.88129821940946e-10,1347.0,BID
337,1712603730.522787,11211220.82694347,1342.0,0.0,1347.0,BID
338,1712603748.508603,11211225.29788236,1340.0,-2.8812377673351305e-10,1347.0,ASK
339,1712603760.784623,11211225.29788236,1340.0,-0.0,1347.0,ASK
340,1712603770.3082104,11211229.77215529,1341.0,2.88338523341678e-10,1347.0,BID
341,1712603790.8106792,11211229.77215529,1341.0,0.0,1347.0,BID
342,1712603808.8588595,11228738.15188427,1340.0,-1.1283036334658512e-06,1347.0,ASK
343,1712603808.864755,11229363.16831011,1340.0,-4.027833044324241e-08,1347.0,ASK
344,1712603820.5488784,11229363.16831011,1340.0,-0.0,1347.0,ASK
345,1712603825.658526,11229367.64258304,1340.0,-2.8788760869419757e-10,1347.0,ASK
346,1712603841.399866,11229372.11685597,1341.0,2.8788760857434964e-10,1347.0,BID
347,1712603850.5644178,11229372.11685597,1341.0,0.0,1347.0,BID
348,1712603853.158877,11230864.6541694,1340.0,-9.60340759351167e-08,1347.0,ASK
349,1712603853.1626377,11231029.54858786,1340.0,-1.0609773679558292e-08,1347.0,ASK
350,1712603880.8048828,11231029.54858786,1340.0,-0.0,1347.0,ASK
351,1712603888.5388126,11231034.02286079,1339.0,-2.878462523517041e-10,1347.0,ASK
352,1712603897.288769,11231071.01851757,1339.0,-2.38006516954644e-09,1347.0,ASK
353,1712603897.293981,11231282.4416087,1339.0,-1.3601616487504942e-08,1347.0,ASK
354,1712603899.7388885,11231426.66742948,1339.0,-9.278571660997895e-09,1347.0,ASK
355,1712603899.7437313,11238728.45798993,1339.0,-4.697507464503094e-07,1347.0,ASK
356,1712603910.8058245,11238728.45798993,1339.0,-0.0,1347.0,ASK
357,1712603911.8186984,11238732.93560187,1340.0,2.8787014612418874e-10,1347.0,BID
358,1712603913.9687884,11238752.8091017,1339.0,-1.277687163740624e-09,1347.0,ASK
359,1712603938.7292233,11238792.33184592,1341.0,2.540956720976727e-09,1347.0,BID
360,1712603940.5266664,11238792.33184592,1341.0,0.0,1347.0,BID
361,1712603943.028828,11238866.90306143,1341.0,4.794231576784826e-09,1347.0,BID
362,1712603945.9188073,11240358.32737164,1341.0,9.588463153581629e-08,1347.0,BID
363,1712603960.769063,11240362.80498358,1339.0,-2.878685616979077e-10,1347.0,ASK
364,1712603970.5148702,11240362.80498358,1339.0,-0.0,1347.0,ASK
365,1712603979.4088922,11240367.27925651,1341.0,2.8761495265139307e-10,1347.0,BID
366,1712603984.4489613,11240374.73637806,1341.0,4.793582545786345e-10,1347.0,BID
367,1712604000.5719275,11240374.73637806,1341.0,0.0,1347.0,BID
368,1712604030.540386,11240374.73637806,1341.0,0.0,1347.0,BID
369,1712604031.1492906,11240379.21065099,1339.0,-2.8762287481139555e-10,1347.0,ASK
370,1712604048.9890258,11240383.68492392,1341.0,2.8762287493113326e-10,1347.0,BID
371,1712604060.829729,11240383.68492392,1341.0,0.0,1347.0,BID
372,1712604090.8206213,11240383.68492392,1341.0,0.0,1347.0,BID
373,1712604098.009549,11240766.37421488,1339.0,-2.4600669410071464e-08,1347.0,ASK
374,1712604098.5461926,11240859.24190393,1339.0,-5.969875225635383e-09,1347.0,ASK
375,1712604099.19942,11240863.71617686,1339.0,-2.8762265310342584e-10,1347.0,ASK
376,1712604112.5696695,11241110.05874378,1339.0,-1.5835802552105862e-08,1347.0,ASK
377,1712604112.5745163,11241136.94447939,1339.0,-1.7283135671148523e-09,1347.0,ASK
378,1712604115.9768631,11241141.42543532,1339.0,2.8805226090642083e-10,1347.0,BID
379,1712604120.5536518,11241141.42543532,1339.0,0.0,1347.0,BID
380,1712604132.479705,11242141.42543532,1338.0,-6.427947048154024e-08,1347.0,ASK
381,1712604132.484347,11242147.15797532,1338.0,-3.6848463572903767e-10,1347.0,ASK
382,1712604135.611255,11242506.31135866,1338.0,2.3086189302792967e-08,1347.0,BID
383,1712604137.5794203,11244741.78328791,1338.0,-1.436949518885555e-07,1347.0,ASK
384,1712604150.5512974,11244741.78328791,1338.0,-0.0,1347.0,ASK
385,1712604161.1791828,11244746.26424384,1337.0,-2.879443117695083e-10,1347.0,ASK
386,1712604162.3197331,11244758.47557615,1337.0,-7.84694992283916e-10,1347.0,ASK
387,1712604167.159629,11244808.06110323,1339.0,3.1863447658710783e-09,1347.0,BID
388,1712604167.16461,11244862.60002579,1340.0,3.504647841084548e-09,1347.0,BID
389,1712604180.7691443,11244862.60002579,1340.0,0.0,1347.0,BID
390,1712604181.6895802,11244867.07763773,1340.0,2.87726437064929e-10,1347.0,BID
391,1712604210.8161888,11244867.07763773,1340.0,0.0,1347.0,BID
392,1712604226.3495302,11244871.55524967,1337.0,-2.8772632613105835e-10,1347.0,ASK
393,1712604240.5238955,11244871.55524967,1337.0,-0.0,1347.0,ASK
394,1712604243.4100163,11244963.77656508,1337.0,-5.926036114740977e-09,1347.0,ASK
395,1712604244.953553,11244968.25417702,1340.0,2.877262154456324e-10,1347.0,BID
396,1712604270.548336,11244968.25417702,1340.0,0.0,1347.0,BID
397,1712604294.9594555,11244972.73178896,1337.0,-2.877238247255251e-10,1347.0,ASK
398,1712604300.7997026,11244972.73178896,1337.0,-0.0,1347.0,ASK
399,1712604313.3096485,11244977.21274489,1339.0,2.8793940723511023e-10,1347.0,BID
400,1712604330.770017,11244977.21274489,1339.0,0.0,1347.0,BID
401,1712604331.9800804,11245051.89534385,1337.0,-4.798988277991291e-09,1347.0,ASK
402,1712604360.621421,11245051.89534385,1337.0,-0.0,1347.0,ASK
403,1712604364.2899785,11245056.37629978,1337.0,-2.87937448741979e-10,1347.0,ASK
404,1712604371.953165,11245083.72686425,1337.0,-1.757493686072261e-09,1347.0,ASK
405,1712604371.9569988,11245434.96084996,1337.0,-2.2569607763784243e-08,1347.0,ASK
406,1712604371.9610102,11245774.40808848,1337.0,-2.1812214482678505e-08,1347.0,ASK
407,1712604383.5100367,11245778.88904441,1339.0,2.87937448741979e-10,1347.0,BID
408,1712604384.16022,11245782.88904441,1337.0,-2.570321629693503e-10,1347.0,ASK
409,1712604384.1651535,11248763.96363737,1337.0,-1.915580126504353e-07,1347.0,ASK
410,1712604384.319618,11249566.76783228,1337.0,5.1586624664555643e-08,1347.0,BID
411,1712604390.556784,11249566.76783228,1337.0,0.0,1347.0,BID
412,1712604397.8799868,11249585.43848201,1339.0,1.1992741884856711e-09,1347.0,BID
413,1712604420.5336142,11249585.43848201,1339.0,0.0,1347.0,BID
414,1712604435.3915975,11249589.91943794,1337.0,-2.8782534258866747e-10,1347.0,ASK
415,1712604445.3906372,11250140.89689464,1337.0,-3.539094732497077e-08,1347.0,ASK
416,1712604450.5399303,11250140.89689464,1337.0,-0.0,1347.0,ASK
417,1712604453.680321,11250145.37785057,1339.0,2.8781161336933933e-10,1347.0,BID
418,1712604480.7898402,11250145.37785057,1339.0,0.0,1347.0,BID
419,1712604490.4505365,11250372.37272383,1338.0,-1.457986566631788e-08,1347.0,ASK
420,1712604490.4551053,11250685.73070246,1338.0,-2.0126962200702412e-08,1347.0,ASK
421,1712604490.480268,11255374.41731427,1337.0,-3.01154030351329e-07,1347.0,ASK
422,1712604491.4001205,11255387.73184525,1336.0,-8.55191442464212e-10,1347.0,ASK
423,1712604491.405653,11255516.58214465,1336.0,-8.276046191345486e-09,1347.0,ASK
424,1712604500.1903815,11255653.31507196,1337.0,8.782346859732765e-09,1347.0,BID
425,1712604500.195067,11256056.63603109,1338.0,2.5905278476222687e-08,1347.0,BID
426,1712604502.0299573,11256061.11698702,1336.0,-2.878115024526144e-10,1347.0,ASK
427,1712604510.7900505,11256061.11698702,1336.0,-0.0,1347.0,ASK
428,1712604515.240037,11256163.54314797,1336.0,-6.575484737957958e-09,1347.0,ASK
429,1712604519.9902687,11256168.0274529,1338.0,2.878803456894376e-10,1347.0,BID
430,1712604540.571355,11256168.0274529,1338.0,0.0,1347.0,BID
431,1712604570.0799165,11256172.51175783,1337.0,-2.87877705961379e-10,1347.0,ASK
432,1712604570.5383508,11256172.51175783,1337.0,-0.0,1347.0,ASK
433,1712604584.51035,11256242.82176853,1337.0,-4.513670927200544e-09,1347.0,ASK
434,1712604584.5128694,11256317.61608416,1337.0,-4.801548522359998e-09,1347.0,ASK
435,1712604584.5151916,11256363.85640331,1336.0,-2.9684760695279327e-09,1347.0,ASK
436,1712604588.8704126,11256368.34070824,1338.0,2.878775951594538e-10,1347.0,BID
437,1712604597.164252,11256405.92409979,1336.0,-2.4127298530148783e-09,1347.0,ASK
438,1712604597.16982,11256464.01303098,1336.0,-3.729117906469572e-09,1347.0,ASK
439,1712604600.360402,11256964.01303098,1337.0,3.209835187259539e-08,1347.0,BID
440,1712604600.6797106,11256964.01303098,1337.0,0.0,1347.0,BID
441,1712604600.851629,11257015.92794178,1336.0,-3.332714533040186e-09,1347.0,ASK
442,1712604600.854511,11257115.92794178,1336.0,-6.419570951071955e-09,1347.0,ASK
443,1712604600.8576684,11257201.94846809,1336.0,-5.522148718863933e-09,1347.0,ASK
444,1712604602.7407815,11257249.78462946,1336.0,-3.070876319501193e-09,1347.0,ASK
445,1712604606.1301727,11257273.70271015,1336.0,-1.5354381599897443e-09,1347.0,ASK
446,1712604630.572592,11257273.70271015,1336.0,-0.0,1347.0,ASK
447,1712604639.2518947,11257278.18701508,1336.0,-2.878654908056585e-10,1347.0,ASK
448,1712604657.8133073,11257389.24262882,1336.0,-7.12910456528347e-09,1347.0,ASK
449,1712604659.9703317,11257393.72693375,1338.0,2.8786549068608767e-10,1347.0,BID
450,1712604660.8358395,11257393.72693375,1338.0,0.0,1347.0,BID
451,1712604676.6402736,11257488.82437691,1337.0,-6.104622849376831e-09,1347.0,ASK
452,1712604676.7602425,11257583.92182007,1337.0,-6.104622849257262e-09,1347.0,ASK
453,1712604677.9408233,11257685.68454226,1337.0,-6.532489396504048e-09,1347.0,ASK
454,1712604690.8108177,11257685.68454226,1337.0,-0.0,1347.0,ASK
455,1712604698.8807564,11258141.67009007,1337.0,-2.927050351986629e-08,1347.0,ASK
456,1712604698.8859909,11258322.71667205,1336.0,-1.162169424128241e-08,1347.0,ASK
457,1712604698.890168,11259905.68454226,1336.0,-1.0161345428435485e-07,1347.0,ASK
458,1712604698.9600708,11260021.1354266,1336.0,-7.410992591058053e-09,1347.0,ASK
459,1712604699.260227,11260626.1354266,1336.0,-3.88359997691575e-08,1347.0,ASK
460,1712604699.6402,11260851.02298282,1336.0,-1.4435922448757362e-08,1347.0,ASK
461,1712604705.2502036,11260855.50728775,1336.0,-2.878553143692297e-10,1347.0,ASK
462,1712604720.5226932,11260855.50728775,1336.0,-0.0,1347.0,ASK
463,1712604727.490345,11260859.99494668,1337.0,2.879923158874954e-10,1347.0,BID
464,1712604734.39028,11260965.0411169,1336.0,-6.7412631653462444e-09,1347.0,ASK
465,1712604740.5204628,11261278.46489381,1336.0,-2.0113747678445352e-08,1347.0,ASK
466,1712604748.190371,11261502.16863414,1336.0,-1.4356028225090933e-08,1347.0,ASK
467,1712604750.579312,11261502.16863414,1336.0,-0.0,1347.0,ASK
468,1712604768.8509924,11261692.94040127,1336.0,-1.2241963566235025e-08,1347.0,ASK
469,1712604778.5704727,11261697.4280602,1336.0,-2.8797634973602107e-10,1347.0,ASK
470,1712604780.589298,11261697.4280602,1336.0,-0.0,1347.0,ASK
471,1712604794.0727918,11261709.82731624,1336.0,-7.95655992629373e-10,1347.0,ASK
472,1712604797.6604204,11261714.31497517,1337.0,2.879715290927025e-10,1347.0,BID
473,1712604810.5382037,11261714.31497517,1337.0,0.0,1347.0,BID
474,1712604824.7407556,11261724.08337998,1336.0,-6.268342670107559e-10,1347.0,ASK
475,1712604824.7444298,11262149.54211228,1336.0,-2.7301500889672058e-08,1347.0,ASK
476,1712604824.7479196,11262724.45363913,1336.0,-3.6891821392244497e-08,1347.0,ASK
477,1712604840.935151,11262724.45363913,1336.0,-0.0,1347.0,ASK
478,1712604840.946679,11265687.17567057,1335.0,-1.9010011517520989e-07,1347.0,ASK
479,1712604840.964105,11266680.50534748,1335.0,-6.373601167559027e-08,1347.0,ASK
480,1712604840.9665644,11272578.87177488,1335.0,-3.784628207761119e-07,1347.0,ASK
481,1712604840.9690654,11281677.12778514,1335.0,-5.837805562214919e-07,1347.0,ASK
482,1712604841.1603923,11282637.34110848,1336.0,6.161113375557365e-08,1347.0,BID
483,1712604841.2502966,11284087.66331561,1336.0,9.305848327669749e-08,1347.0,BID
484,1712604844.5016782,11284092.15097454,1335.0,-2.879461760455473e-10,1347.0,ASK
485,1712604860.7551315,11284096.63863347,1337.0,2.8794617592603257e-10,1347.0,BID
486,1712604870.7927368,11284096.63863347,1337.0,0.0,1347.0,BID
487,1712604879.1558602,11284840.06159532,1337.0,4.761381768692719e-08,1347.0,BID
488,1712604900.5304637,11284840.06159532,1337.0,0.0,1347.0,BID
489,1712604908.4806793,11284844.54925425,1337.0,-2.8747913691523357e-10,1347.0,ASK
490,1712604928.890377,11284849.03355918,1338.0,2.8726428001898125e-10,1347.0,BID
491,1712604930.5238082,11284849.03355918,1338.0,0.0,1347.0,BID
492,1712604932.200453,11285387.93871788,1338.0,3.452220261325452e-08,1347.0,BID
493,1712604932.3803196,11285697.22396372,1338.0,-1.9812777350306204e-08,1347.0,ASK
494,1712604932.4203875,11285905.82033627,1338.0,-1.3362659683755185e-08,1347.0,ASK
495,1712604932.5005748,11286072.90737219,1338.0,-1.0703576343608788e-08,1347.0,ASK
496,1712604933.40094,11286623.29335792,1338.0,-3.5257663075187666e-08,1347.0,ASK
497,1712604933.41084,11287171.31611101,1338.0,-3.5106274663474685e-08,1347.0,ASK
498,1712604933.4807224,11287321.97503699,1338.0,-9.651193506383778e-09,1347.0,ASK
499,1712604933.6605265,11287443.19703388,1338.0,-7.765467207512617e-09,1347.0,ASK
500,1712604934.61069,11287907.87208025,1338.0,-2.976703013723056e-08,1347.0,ASK
501,1712604934.6148686,11288021.47426387,1338.0,-7.277342843946871e-09,1347.0,ASK
502,1712604935.050684,11288128.42278913,1338.0,-6.851110253184347e-09,1347.0,ASK
503,1712604935.5905423,11288306.86324127,1338.0,-1.1430874883529385e-08,1347.0,ASK
504,1712604935.6709948,11288509.46593242,1338.0,-1.2978705141251817e-08,1347.0,ASK
505,1712604935.6951098,11288800.03738181,1338.0,-1.8613973697491777e-08,1347.0,ASK
506,1712604935.7306523,11289047.28685496,1338.0,-1.5838772871921022e-08,1347.0,ASK
507,1712604935.770759,11289283.51213454,1338.0,-1.5132564297130268e-08,1347.0,ASK
508,1712604935.7757864,11289292.97026083,1337.0,-6.058864845638425e-10,1347.0,ASK
509,1712604938.5209582,11289359.79232658,1339.0,4.280613862434368e-09,1347.0,BID
510,1712604938.5258288,11290040.35441628,1339.0,4.359672935439376e-08,1347.0,BID
511,1712604960.780835,11290040.35441628,1339.0,0.0,1347.0,BID
512,1712604964.4606683,11290096.19740004,1337.0,-3.575703919184547e-09,1347.0,ASK
513,1712604973.8805325,11290100.68170497,1337.0,-2.871362815852222e-10,1347.0,ASK
514,1712604980.0608523,11290108.14996486,1339.0,4.78203067922631e-10,1347.0,BID
515,1712604988.3108604,11290433.14996486,1337.0,-2.0810202024517885e-08,1347.0,ASK
516,1712604990.7805066,11290433.14996486,1337.0,-0.0,1347.0,ASK
517,1712604994.1907177,11290437.63092079,1339.0,2.8691219220653115e-10,1347.0,BID
518,1712605020.637257,11290437.63092079,1339.0,0.0,1347.0,BID
519,1712605048.8710315,11290442.11187672,1339.0,-2.8691208198196006e-10,1347.0,ASK
520,1712605050.5739005,11290442.11187672,1339.0,-0.0,1347.0,ASK
521,1712605052.4011862,11290736.91722123,1340.0,1.887614696305493e-08,1347.0,BID
522,1712605052.4074862,11290740.84227253,1340.0,2.5131784939992116e-10,1347.0,BID
523,1712605066.4008992,11290745.31988447,1340.0,2.8669785878690084e-10,1347.0,BID
524,1712605078.5008788,11290891.56848732,1339.0,-9.364179354153428e-09,1347.0,ASK
525,1712605080.770851,11290891.56848732,1339.0,-0.0,1347.0,ASK
526,1712605081.4108512,11290917.77249149,1340.0,1.677756437899386e-09,1347.0,BID
527,1712605081.4207213,11294382.19332415,1340.0,2.2181550261543082e-07,1347.0,BID
528,1712605081.503554,11294754.16414597,1339.0,-2.3816071656909668e-08,1347.0,ASK
529,1712605081.5907075,11294980.42395713,1339.0,-1.4486673576379664e-08,1347.0,ASK
530,1712605081.6704605,11296434.7138636,1340.0,9.311341264061384e-08,1347.0,BID
531,1712605082.0408323,11297660.64295919,1339.0,-7.849221894341608e-08,1347.0,ASK
532,1712605082.0460172,11297698.89036615,1340.0,-2.448856016130065e-09,1347.0,ASK
533,1712605110.8090975,11297698.89036615,1340.0,-0.0,1347.0,ASK
534,1712605121.0410898,11297703.36797809,1339.0,-2.865195006869258e-10,1347.0,ASK
535,1712605136.911202,11298016.72595672,1340.0,2.0051574984394523e-08,1347.0,BID
536,1712605136.9163814,11300186.83003816,1340.0,1.388635607854577e-07,1347.0,BID
537,1712605137.0330958,11300280.89928359,1340.0,-6.0194303547405505e-09,1347.0,ASK
538,1712605138.580946,11300559.83218359,1340.0,-1.7848736401873182e-08,1347.0,ASK
539,1712605140.5340323,11300559.83218359,1340.0,-0.0,1347.0,ASK
540,1712605143.4710567,11300564.30645652,1341.0,2.8623562211409313e-10,1347.0,BID
541,1712605146.4210606,11300564.30655618,1340.0,-6.37566812707451e-15,1347.0,ASK
542,1712605147.3910365,11302194.30655618,1339.0,-1.0427706834962477e-07,1347.0,ASK
543,1712605153.5109425,11302330.15601711,1339.0,-8.69078743718953e-09,1347.0,ASK
544,1712605153.8308332,11302431.6597904,1339.0,-6.493568039984897e-09,1347.0,ASK
545,1712605154.110932,11302752.3704904,1339.0,-2.0517037781794625e-08,1347.0,ASK
546,1712605158.1607623,11304382.3704904,1339.0,-1.0427706834962477e-07,1347.0,ASK
547,1712605161.9822786,11304966.14594799,1339.0,-3.734625355327425e-08,1347.0,ASK
548,1712605162.0208263,11305555.31051195,1339.0,-3.7691014420473734e-08,1347.0,ASK
549,1712605162.040617,11305737.34469362,1339.0,-1.164539313122901e-08,1347.0,ASK
550,1712605162.1010845,11306036.65918899,1339.0,-1.9148244228042484e-08,1347.0,ASK
551,1712605162.1041093,11306483.50111336,1339.0,-2.8586114042413053e-08,1347.0,ASK
552,1712605162.1207182,11306599.24958312,1339.0,-7.404853430920647e-09,1347.0,ASK
553,1712605162.185916,11306671.69738653,1339.0,-4.6347512564053855e-09,1347.0,ASK
554,1712605162.1882048,11309565.0533914,1339.0,-1.8509857784035288e-07,1347.0,ASK
555,1712605162.1904762,11310311.87938094,1339.0,-4.777719310209447e-08,1347.0,ASK
556,1712605164.4107687,11314886.78327151,1339.0,-2.926733531840475e-07,1347.0,ASK
557,1712605168.7609048,11315000.56599275,1339.0,7.279097300464686e-09,1347.0,BID
558,1712605170.5426586,11315000.56599275,1339.0,0.0,1347.0,BID
559,1712605171.2113843,11315210.31644056,1339.0,-1.3401925919605737e-08,1347.0,ASK
560,1712605178.8709204,11315285.67439082,1339.0,-4.8149678696549075e-09,1347.0,ASK
561,1712605185.7009697,11315372.95875335,1339.0,-5.577001492783141e-09,1347.0,ASK
562,1712605190.6852195,11315377.43302628,1339.0,-2.858819849561975e-10,1347.0,ASK
563,1712605190.9010527,11315633.60926105,1339.0,-1.6368284104325742e-08,1347.0,ASK
564,1712605200.5815923,11315633.60926105,1339.0,-0.0,1347.0,ASK
565,1712605217.2512505,11315638.09021698,1339.0,2.86375251232572e-10,1347.0,BID
566,1712605230.5432856,11315638.09021698,1339.0,0.0,1347.0,BID
567,1712605241.651506,11316007.29021698,1339.0,-2.3595345256280924e-08,1347.0,ASK
568,1712605243.7209678,11316192.18718498,1339.0,-1.1816651670578976e-08,1347.0,ASK
569,1712605246.7513618,11316408.74521808,1339.0,-1.3840090896494964e-08,1347.0,ASK
570,1712605260.8151758,11316408.74521808,1339.0,-0.0,1347.0,ASK
571,1712605266.4214766,11316413.22617401,1338.0,-2.863562567605586e-10,1347.0,ASK
572,1712605290.7886393,11316413.22617401,1338.0,-0.0,1347.0,ASK
573,1712605292.3715203,11316417.70378595,1340.0,2.8614244886786097e-10,1347.0,BID
574,1712605320.5436194,11316417.70378595,1340.0,0.0,1347.0,BID
575,1712605337.4359732,11317573.6653987,1338.0,-7.387186836384485e-08,1347.0,ASK
576,1712605340.011137,11317578.14301064,1338.0,-2.8614233915205166e-10,1347.0,ASK
577,1712605342.3899653,11317907.24413028,1338.0,-2.1031247335765327e-08,1347.0,ASK
578,1712605342.3933525,11317927.24413028,1338.0,-1.278102448196626e-09,1347.0,ASK
579,1712605350.5581398,11317927.24413028,1338.0,-0.0,1347.0,ASK
580,1712605359.5815115,11317931.72508621,1339.0,2.863190810902178e-10,1347.0,BID
581,1712605380.7822034,11317931.72508621,1339.0,0.0,1347.0,BID
582,1712605407.5118003,11318621.72508621,1338.0,4.4088826866146526e-08,1347.0,BID
583,1712605407.5188684,11318931.72508621,1338.0,1.980802366450061e-08,1347.0,BID
584,1712605410.8223157,11318931.72508621,1338.0,0.0,1347.0,BID
585,1712605414.6113603,11318936.20604214,1337.0,-2.862944948633542e-10,1347.0,ASK
586,1712605424.3316078,11318990.37681941,1338.0,3.461046159635644e-09,1347.0,BID
587,1712605433.8012831,11318994.86112434,1338.0,2.8650846716001194e-10,1347.0,BID
588,1712605440.554242,11318994.86112434,1338.0,0.0,1347.0,BID
589,1712605470.371574,11319010.38016841,1337.0,-9.915279178806372e-10,1347.0,ASK
590,1712605470.3763468,11319014.79826841,1337.0,-2.8227701872500313e-10,1347.0,ASK
591,1712605470.3813488,11319087.75345317,1337.0,-4.661182874461135e-09,1347.0,ASK
592,1712605470.53794,11319087.75345317,1337.0,-0.0,1347.0,ASK
593,1712605483.8116665,11319092.2377581,1336.0,-2.865046473251308e-10,1347.0,ASK
594,1712605500.5561516,11319092.2377581,1336.0,-0.0,1347.0,ASK
595,1712605500.6712224,11319330.72185494,1336.0,-1.5237770591751818e-08,1347.0,ASK
596,1712605507.4517255,11319335.20615987,1338.0,2.8652145228668477e-10,1347.0,BID
597,1712605530.5696025,11319335.20615987,1338.0,0.0,1347.0,BID
598,1712605560.7921906,11319335.20615987,1338.0,0.0,1347.0,BID
599,1712605566.4217458,11319339.6904648,1336.0,-2.865155097797117e-10,1347.0,ASK
600,1712605576.4012396,11319811.20672598,1336.0,-3.0126569004430565e-08,1347.0,ASK
601,1712605580.8315325,11319815.69103091,1338.0,2.865155097797117e-10,1347.0,BID
602,1712605590.8120492,11319815.69103091,1338.0,0.0,1347.0,BID
603,1712605620.5413485,11319815.69103091,1338.0,0.0,1347.0,BID
604,1712605623.6617298,11319868.33735348,1338.0,-3.363591355381883e-09,1347.0,ASK
605,1712605623.6674392,11319905.70653091,1338.0,-2.3875293853573606e-09,1347.0,ASK
606,1712605628.1133084,11319905.70656125,1338.0,-1.9384729105878737e-15,1347.0,ASK
607,1712605628.1170924,11321089.98653091,1338.0,-7.566404781804661e-08,1347.0,ASK
608,1712605628.1317706,11321886.42889518,1338.0,-5.0884972032246974e-08,1347.0,ASK
609,1712605628.151636,11322686.2257878,1338.0,-5.109929398317189e-08,1347.0,ASK
610,1712605628.3146062,11323083.25528494,1338.0,-2.536634885880109e-08,1347.0,ASK
611,1712605628.3723197,11323201.22550248,1338.0,-7.537157099387978e-09,1347.0,ASK
612,1712605628.411471,11323496.83039607,1338.0,-1.888629663325489e-08,1347.0,ASK
613,1712605628.5313306,11323665.25353832,1338.0,-1.076061152380184e-08,1347.0,ASK
614,1712605628.5516975,11323836.59430324,1338.0,-1.0947019422924528e-08,1347.0,ASK
615,1712605628.5996025,11323965.33495491,1338.0,-8.225283778933154e-09,1347.0,ASK
616,1712605629.2905986,11326075.15629966,1338.0,-1.347971993165649e-07,1347.0,ASK
617,1712605633.1914182,11326079.64060459,1337.0,-2.865037586406633e-10,1347.0,ASK
618,1712605650.5586677,11326079.64060459,1337.0,-0.0,1347.0,ASK
619,1712605652.8613863,11326084.12156052,1339.0,2.8613657095610837e-10,1347.0,BID
620,1712605680.8055897,11326084.12156052,1339.0,0.0,1347.0,BID
621,1712605702.9516928,11326088.60251645,1336.0,-2.8613646132668056e-10,1347.0,ASK
622,1712605710.8041835,11326088.60251645,1336.0,-0.0,1347.0,ASK
623,1712605721.0816734,11326093.08347238,1339.0,2.861363519429589e-10,1347.0,BID
624,1712605722.6614656,11326115.48825206,1339.0,1.4306817614989136e-09,1347.0,BID
625,1712605740.539379,11326115.48825206,1339.0,0.0,1347.0,BID
626,1712605768.501536,11326254.81719757,1337.0,-8.896982063717856e-09,1347.0,ASK
627,1712605769.561566,11326259.2981535,1337.0,-2.8613569404971776e-10,1347.0,ASK
628,1712605770.5433538,11326259.2981535,1337.0,-0.0,1347.0,ASK
629,1712605787.011335,11326263.77910943,1339.0,2.861321810868276e-10,1347.0,BID
630,1712605800.5908277,11326263.77910943,1339.0,0.0,1347.0,BID
631,1712605809.6819994,11326268.77910943,1339.0,3.199461817207063e-10,1347.0,BID
632,1712605830.5746057,11326268.77910943,1339.0,0.0,1347.0,BID
633,1712605835.3746576,11326276.24736932,1339.0,4.77888042426131e-10,1347.0,BID
634,1712605835.4640508,11326280.72832525,1338.0,-2.8673282524113837e-10,1347.0,ASK
635,1712605851.3721187,11326285.20928118,1339.0,2.8673282524113837e-10,1347.0,BID
636,1712605860.7855392,11326285.20928118,1339.0,0.0,1347.0,BID
637,1712605890.8073072,11326285.20928118,1339.0,0.0,1347.0,BID
638,1712605898.1120102,11326289.69023711,1337.0,-2.86732421672176e-10,1347.0,ASK
639,1712605918.321811,11326294.17119304,1339.0,2.86732421672176e-10,1347.0,BID
640,1712605920.56348,11326294.17119304,1339.0,0.0,1347.0,BID
641,1712605950.588632,11326294.17119304,1339.0,0.0,1347.0,BID
642,1712605966.7332685,11326298.65214897,1337.0,-2.86732201544527e-10,1347.0,ASK
643,1712605980.7863417,11326298.65214897,1337.0,-0.0,1347.0,ASK
644,1712605983.4719894,11326303.1331049,1339.0,2.867320917418279e-10,1347.0,BID
645,1712606010.7921045,11326303.1331049,1339.0,0.0,1347.0,BID
646,1712606032.5430212,11326307.61406083,1337.0,-2.8673198165559355e-10,1347.0,ASK
647,1712606040.5402374,11326307.61406083,1337.0,-0.0,1347.0,ASK
648,1712606049.5321107,11326312.09501676,1339.0,2.8673187173387407e-10,1347.0,BID
649,1712606054.412247,11327445.22374739,1339.0,7.250776996988639e-08,1347.0,BID
650,1712606064.8421836,11327960.54293622,1339.0,3.2974757584801944e-08,1347.0,BID
651,1712606064.9460666,11328070.522446,1339.0,-7.037478426642063e-09,1347.0,ASK
652,1712606066.0924134,11328188.03946672,1339.0,-7.519796185254758e-09,1347.0,ASK
653,1712606066.1186244,11328296.97619621,1339.0,-6.970751962846673e-09,1347.0,ASK
654,1712606066.1339166,11328406.04090648,1339.0,-6.9789413243556634e-09,1347.0,ASK
655,1712606068.9227755,11328491.09063346,1339.0,-5.4422466513864474e-09,1347.0,ASK
656,1712606069.0224438,11328651.57833692,1339.0,-1.0269447037234906e-08,1347.0,ASK
657,1712606070.5297344,11328651.57833692,1339.0,-0.0,1347.0,ASK
658,1712606073.134377,11330576.10694949,1339.0,-1.231239265109981e-07,1347.0,ASK
659,1712606075.2824285,11330693.62397021,1339.0,-7.5182862590586e-09,1347.0,ASK
660,1712606079.0720396,11331090.25485475,1339.0,-2.5374915998170515e-08,1347.0,ASK
661,1712606094.6921592,11331394.22905882,1339.0,-1.9447098535626013e-08,1347.0,ASK
662,1712606094.6967833,11331483.32789918,1339.0,-5.7002005587262625e-09,1347.0,ASK
663,1712606094.8521466,11331813.82861674,1339.0,-2.114416267698393e-08,1347.0,ASK
664,1712606094.9520266,11331876.52861674,1339.0,-4.011304452285023e-09,1347.0,ASK
665,1712606094.9923875,11332068.23945697,1339.0,-1.2264921004438273e-08,1347.0,ASK
666,1712606095.0077517,11332181.87909276,1339.0,-7.270226108555847e-09,1347.0,ASK
667,1712606095.014751,11332266.4461846,1339.0,-5.410276746669292e-09,1347.0,ASK
668,1712606095.252046,11332498.29838568,1339.0,-1.4833010629587502e-08,1347.0,ASK
669,1712606095.312417,11332692.31884942,1339.0,-1.2412681818911213e-08,1347.0,ASK
670,1712606095.432158,11333135.16724267,1339.0,-2.8331734155552373e-08,1347.0,ASK
671,1712606095.51186,11333465.62998242,1339.0,-2.1141733002946453e-08,1347.0,ASK
672,1712606095.5519867,11333556.11331068,1339.0,-5.788774760975265e-09,1347.0,ASK
673,1712606098.7821047,11334529.82836401,1339.0,-6.229453793828439e-08,1347.0,ASK
674,1712606099.14192,11334534.30931994,1339.0,-2.8667429771859046e-10,1347.0,ASK
675,1712606100.3976643,11334647.02192697,1339.0,-7.210918379788892e-09,1347.0,ASK
676,1712606100.567763,11334647.02192697,1339.0,-0.0,1347.0,ASK
677,1712606103.3421,11334868.37843877,1339.0,-1.4158715072041068e-08,1347.0,ASK
678,1712606105.8527184,11334874.34858802,1340.0,3.8187104352128494e-10,1347.0,BID
679,1712606113.8722594,11334878.82619996,1340.0,2.8640328287924593e-10,1347.0,BID
680,1712606122.5869164,11334991.14619996,1339.0,-7.184369070299158e-09,1347.0,ASK
681,1712606122.842767,11334991.14798243,1339.0,-1.14012806228228e-13,1347.0,ASK
682,1712606130.5757804,11334991.14798243,1339.0,-0.0,1347.0,ASK
683,1712606148.4166255,11335304.50596106,1339.0,2.0042850937329483e-08,1347.0,BID
684,1712606148.420178,11336484.79996151,1339.0,7.549339198759669e-08,1347.0,BID
685,1712606160.0874689,11336489.27757345,1337.0,-2.8639484166911165e-10,1347.0,ASK
686,1712606160.808149,11336489.27757345,1337.0,-0.0,1347.0,ASK
687,1712606190.7646549,11336489.27757345,1337.0,-0.0,1347.0,ASK
688,1712606211.892461,11336493.75852938,1339.0,2.865719594546918e-10,1347.0,BID
689,1712606220.565699,11336493.75852938,1339.0,0.0,1347.0,BID
690,1712606229.1982028,11336493.76857637,1337.0,-6.425380475544175e-13,1347.0,ASK
691,1712606229.204737,11337546.62442738,1337.0,-6.733358978669564e-08,1347.0,ASK
692,1712606250.5324123,11337546.62442738,1337.0,-0.0,1347.0,ASK
693,1712606255.7224653,11337551.10538331,1337.0,-2.8654605293406913e-10,1347.0,ASK
694,1712606261.9224873,11337631.87049753,1337.0,-5.1647293688661774e-09,1347.0,ASK
695,1712606273.992692,11337636.35145346,1339.0,2.8654605293406913e-10,1347.0,BID
696,1712606280.8229249,11337636.35145346,1339.0,0.0,1347.0,BID
697,1712606310.8308306,11337636.35145346,1339.0,0.0,1347.0,BID
698,1712606320.0848985,11337640.83240939,1337.0,-2.8654385443892875e-10,1347.0,ASK
699,1712606340.5335078,11337640.83240939,1337.0,-0.0,1347.0,ASK
700,1712606342.1823504,11337645.31336532,1339.0,2.865437447805137e-10,1347.0,BID
701,1712606344.8923087,11337719.99596427,1339.0,4.775729086702754e-09,1347.0,BID
702,1712606364.6224036,11338467.99596427,1338.0,4.783236533089792e-08,1347.0,BID
703,1712606370.5337944,11338467.99596427,1338.0,0.0,1347.0,BID
704,1712606379.87237,11338489.62816534,1339.0,1.3832167302355521e-09,1347.0,BID
705,1712606380.7429256,11339032.45592122,1339.0,3.4709756586507145e-08,1347.0,BID
706,1712606380.7516088,11339772.85800036,1339.0,4.7343150133279924e-08,1347.0,BID
707,1712606381.10278,11339956.17654822,1339.0,1.1721843817095422e-08,1347.0,BID
708,1712606381.1086388,11340888.4400717,1340.0,5.96112479952926e-08,1347.0,BID
709,1712606390.212567,11340892.92102763,1339.0,-2.8652346519744154e-10,1347.0,ASK
710,1712606400.743013,11340892.92102763,1339.0,-0.0,1347.0,ASK
711,1712606400.8726692,11341085.62650022,1339.0,-1.2321093142349048e-08,1347.0,ASK
712,1712606400.879442,11341131.95632038,1340.0,-2.9622097484446603e-09,1347.0,ASK
713,1712606408.8138103,11341136.43393232,1340.0,2.8628701099342046e-10,1347.0,BID
714,1712606430.5597122,11341136.43393232,1340.0,0.0,1347.0,BID
715,1712606454.7026625,11341140.91154426,1338.0,-2.8628104188672727e-10,1347.0,ASK
716,1712606460.8136723,11341140.91154426,1338.0,-0.0,1347.0,ASK
717,1712606472.1624594,11341145.38581719,1341.0,2.8606744907614636e-10,1347.0,BID
718,1712606490.7825608,11341145.38581719,1341.0,0.0,1347.0,BID
719,1712606520.5810845,11341145.38581719,1341.0,0.0,1347.0,BID
720,1712606520.6239989,11341149.86009012,1338.0,-2.8606733921691925e-10,1347.0,ASK
721,1712606537.8726797,11341154.33770206,1340.0,2.8628082240649164e-10,1347.0,BID
722,1712606550.593995,11341154.33770206,1340.0,0.0,1347.0,BID
723,1712606580.5550025,11341154.33770206,1340.0,0.0,1347.0,BID
724,1712606580.602457,11341164.10610687,1338.0,-6.24552742984288e-10,1347.0,ASK
725,1712606584.0727575,11341168.58371881,1338.0,-2.8628060300836573e-10,1347.0,ASK
726,1712606602.692868,11341173.06133075,1340.0,2.8628060300836573e-10,1347.0,BID
727,1712606610.556533,11341173.06133075,1340.0,0.0,1347.0,BID
728,1712606640.8276165,11341173.06133075,1340.0,0.0,1347.0,BID
729,1712606648.7514162,11341177.53894269,1338.0,-2.8628014417944437e-10,1347.0,ASK
730,1712606656.920918,11341314.66672032,1339.0,-8.767387725940746e-09,1347.0,ASK
731,1712606657.0010414,11341452.85547599,1339.0,-8.835222310639735e-09,1347.0,ASK
732,1712606667.7611258,11341457.33308793,1340.0,2.862801442985343e-10,1347.0,BID
733,1712606667.9614868,11341877.22808793,1339.0,-2.6846364265456772e-08,1347.0,ASK
734,1712606670.7870116,11341877.22808793,1339.0,-0.0,1347.0,ASK
735,1712606700.5574613,11341877.22808793,1339.0,-0.0,1347.0,ASK
736,1712606716.0296464,11341881.70569987,1339.0,-2.8626541621741577e-10,1347.0,ASK
737,1712606729.4796383,11344824.53697392,1339.0,-1.8814288302454904e-07,1347.0,ASK
738,1712606729.486574,11344871.67381822,1339.0,-3.013581465385238e-09,1347.0,ASK
739,1712606730.546953,11344871.67381822,1339.0,-0.0,1347.0,ASK
740,1712606736.5392249,11344876.15143016,1340.0,2.8619205322695446e-10,1347.0,BID
741,1712606740.3691328,11345008.17683855,1339.0,-8.438565737461694e-09,1347.0,ASK
742,1712606740.819177,11345114.00399358,1339.0,-6.764072275239718e-09,1347.0,ASK
743,1712606741.603316,11345220.59053048,1339.0,-6.8126090978582605e-09,1347.0,ASK
744,1712606742.9588282,11345332.83110085,1339.0,-7.173993574585044e-09,1347.0,ASK
745,1712606742.9987085,11345444.88491343,1339.0,-7.162056721622645e-09,1347.0,ASK
746,1712606753.7997415,11345667.45010383,1339.0,-1.4225526835774057e-08,1347.0,ASK
747,1712606760.7557626,11345744.25220221,1338.0,-4.9089002173230694e-09,1347.0,ASK
748,1712606760.76135,11345914.57935714,1338.0,-1.0886668795612984e-08,1347.0,ASK
749,1712606760.822367,11345914.57935714,1338.0,-0.0,1347.0,ASK
750,1712606760.8497474,11346011.55393359,1338.0,-6.197695784582018e-09,1347.0,ASK
751,1712606760.85349,11346395.64432279,1338.0,-2.454741720110745e-08,1347.0,ASK
752,1712606772.5637372,11346983.24377217,1338.0,-3.7553787432995005e-08,1347.0,ASK
753,1712606773.7078197,11347194.85853178,1338.0,-1.3524409712276292e-08,1347.0,ASK
754,1712606773.8185103,11347199.27383178,1338.0,-2.821841269172751e-10,1347.0,ASK
755,1712606773.827041,11347365.73496493,1338.0,-1.0638617882960308e-08,1347.0,ASK
756,1712606778.8078308,11347370.21257687,1338.0,-2.86166515630847e-10,1347.0,ASK
757,1712606780.8378563,11347909.13406957,1338.0,-3.4442753820288435e-08,1347.0,ASK
758,1712606790.7936027,11347909.13406957,1338.0,-0.0,1347.0,ASK
759,1712606800.9274514,11347913.6150255,1339.0,2.8633139540852583e-10,1347.0,BID
760,1712606820.5056045,11347913.6150255,1339.0,0.0,1347.0,BID
761,1712606823.5868528,11348122.64512971,1338.0,-1.3356939769823612e-08,1347.0,ASK
762,1712606824.126823,11348322.64512971,1339.0,1.277991973478264e-08,1347.0,BID
763,1712606825.3870907,11348464.19464644,1338.0,-9.044957311534032e-09,1347.0,ASK
764,1712606825.9041183,11348585.32979379,1338.0,-7.740487300964522e-09,1347.0,ASK
765,1712606825.9397717,11348705.09874061,1338.0,-7.653187635331826e-09,1347.0,ASK
766,1712606845.076696,11348942.68507996,1338.0,-1.5181671734919618e-08,1347.0,ASK
767,1712606846.5852757,11348947.16603589,1337.0,-2.8633128562975847e-10,1347.0,ASK
768,1712606850.5271194,11348947.16603589,1337.0,-0.0,1347.0,ASK
769,1712606864.38633,11348951.64699182,1339.0,2.8630598216320954e-10,1347.0,BID
770,1712606879.975966,11349746.08687231,1339.0,5.0759903440131936e-08,1347.0,BID
771,1712606879.9842377,11351192.12496045,1339.0,9.23930879193653e-08,1347.0,BID
772,1712606880.793542,11351192.12496045,1339.0,0.0,1347.0,BID
773,1712606888.445708,11351301.86935506,1338.0,-7.010656557341751e-09,1347.0,ASK
774,1712606888.452067,11351677.94724126,1338.0,-2.40244880691442e-08,1347.0,ASK
775,1712606900.0851722,11352760.47978337,1338.0,-6.915400000032998e-08,1347.0,ASK
776,1712606905.2851377,11352865.92563997,1338.0,-6.736058717653599e-09,1347.0,ASK
777,1712606909.7799325,11353362.98641402,1338.0,-3.175307848194577e-08,1347.0,ASK
778,1712606910.8232331,11353362.98641402,1338.0,-0.0,1347.0,ASK
779,1712606912.6481464,11353367.46736995,1338.0,-2.8619789884034645e-10,1347.0,ASK
780,1712606914.815302,11353544.02182142,1338.0,-1.1276503015765671e-08,1347.0,ASK
781,1712606931.6346176,11353548.50277735,1339.0,2.8619789884034645e-10,1347.0,BID
782,1712606940.608652,11353548.50277735,1339.0,0.0,1347.0,BID
783,1712606970.666215,11353548.50277735,1339.0,0.0,1347.0,BID
784,1712606971.8137786,11354373.51820093,1339.0,5.2692760457125454e-08,1347.0,BID
785,1712606973.853887,11354377.99915686,1337.0,-2.8619336161747264e-10,1347.0,ASK
786,1712606974.243935,11354870.76091936,1339.0,3.147211163778203e-08,1347.0,BID
787,1712606997.823961,11354875.24187529,1339.0,2.8619336161747264e-10,1347.0,BID
788,1712607000.6667988,11354875.24187529,1339.0,0.0,1347.0,BID
789,1712607002.716556,11354881.36175888,1339.0,3.908927553252911e-10,1347.0,BID
790,1712607024.873143,11355216.58324447,1339.0,2.14114612200626e-08,1347.0,BID
791,1712607030.5388217,11355216.58324447,1339.0,0.0,1347.0,BID
792,1712607044.0826192,11355221.0642004,1338.0,-2.862018616869699e-10,1347.0,ASK
793,1712607051.8029656,11355239.04361368,1338.0,-1.148357992108129e-09,1347.0,ASK
794,1712607051.8064802,11356235.51205603,1338.0,-6.364515247630524e-08,1347.0,ASK
795,1712607060.7888763,11356235.51205603,1338.0,-0.0,1347.0,ASK
796,1712607069.3432806,11356512.80521746,1338.0,1.7709370576103823e-08,1347.0,BID
797,1712607090.7934997,11356512.80521746,1338.0,0.0,1347.0,BID
798,1712607097.963167,11356517.28952239,1338.0,2.8638404100542816e-10,1347.0,BID
799,1712607101.111967,11356532.71710378,1337.0,-9.85261521896526e-10,1347.0,ASK
800,1712607120.522003,11356532.71710378,1337.0,-0.0,1347.0,ASK
801,1712607121.3654387,11356547.39061808,1338.0,9.371024584796402e-10,1347.0,BID
802,1712607125.4123113,11357189.55020487,1338.0,4.101057968622162e-08,1347.0,BID
803,1712607125.451617,11357481.44092613,1338.0,1.864117258424607e-08,1347.0,BID
804,1712607133.9016387,11357488.91476769,1338.0,-4.773059238373607e-10,1347.0,ASK
805,1712607134.0017092,11357655.69549869,1339.0,1.0651206646313808e-08,1347.0,BID
806,1712607141.4546754,11357660.17980362,1338.0,-2.8638355389796905e-10,1347.0,ASK
807,1712607150.5533109,11357660.17980362,1338.0,-0.0,1347.0,ASK
808,1712607160.6114385,11357660.17980439,1339.0,4.924266643694125e-17,1347.0,BID
809,1712607160.6209216,11357664.65741556,1340.0,2.8592851705238783e-10,1347.0,BID
810,1712607180.8033214,11357664.65741556,1340.0,0.0,1347.0,BID
811,1712607210.779553,11357664.65741556,1340.0,0.0,1347.0,BID
812,1712607211.200468,11357669.1350275,1337.0,-2.8592845674320193e-10,1347.0,ASK
813,1712607226.600727,11357673.61598343,1339.0,2.8614199510551697e-10,1347.0,BID
814,1712607240.522788,11357673.61598343,1339.0,0.0,1347.0,BID
815,1712607270.5747137,11357673.61598343,1339.0,0.0,1347.0,BID
816,1712607276.2101665,11357678.09693936,1339.0,-2.8614177608388035e-10,1347.0,ASK
817,1712607300.5438237,11357678.09693936,1339.0,-0.0,1347.0,ASK
818,1712607300.8094127,11357696.00956632,1339.0,-1.1438818062976132e-09,1347.0,ASK
819,1712607300.8193276,11357916.5810362,1338.0,-1.4085465630300295e-08,1347.0,ASK
820,1712607313.9416566,11358229.93901483,1338.0,-2.001071598401596e-08,1347.0,ASK
821,1712607314.019559,11358385.50725337,1338.0,9.934426597882132e-09,1347.0,BID
822,1712607330.5302024,11358385.50725337,1338.0,0.0,1347.0,BID
823,1712607357.9091015,11358389.98486531,1340.0,2.8591837901773636e-10,1347.0,BID
824,1712607360.8171377,11358389.98486531,1340.0,0.0,1347.0,BID
825,1712607373.0191505,11358484.47249119,1338.0,-6.0335149267531805e-09,1347.0,ASK
826,1712607373.027211,11358570.91973026,1338.0,-5.52009538225164e-09,1347.0,ASK
827,1712607390.7978892,11358570.91973026,1338.0,-0.0,1347.0,ASK
828,1712607408.4584503,11358575.3973422,1337.0,-2.8591384960851624e-10,1347.0,ASK
829,1712607420.5359275,11358575.3973422,1337.0,-0.0,1347.0,ASK
830,1712607424.1180875,11358579.88164713,1338.0,2.8634111499842905e-10,1347.0,BID
831,1712607450.5305295,11358579.88164713,1338.0,0.0,1347.0,BID
832,1712607471.2447224,11358809.86045078,1338.0,1.4685076694475803e-08,1347.0,BID
833,1712607472.947832,11358814.34475571,1338.0,-2.8634100517526235e-10,1347.0,ASK
834,1712607480.803724,11358814.34475571,1338.0,-0.0,1347.0,ASK
835,1712607489.5179002,11358818.82236765,1340.0,2.8590790353507484e-10,1347.0,BID
836,1712607507.3477252,11359475.74251639,1340.0,4.194616796140502e-08,1347.0,BID
837,1712607507.356384,11360311.35968108,1340.0,5.335646654889902e-08,1347.0,BID
838,1712607510.7695086,11360311.35968108,1340.0,0.0,1347.0,BID
839,1712607536.4172957,11360315.83729302,1339.0,-2.8587128666879656e-10,1347.0,ASK
840,1712607540.5562806,11360315.83729302,1339.0,-0.0,1347.0,ASK
841,1712607550.9178257,11360316.69607188,1339.0,-5.482836098562544e-11,1347.0,ASK
842,1712607550.925358,11360440.83729302,1339.0,-7.925742003603265e-09,1347.0,ASK
843,1712607554.267557,11360445.31490496,1340.0,2.8587117724255486e-10,1347.0,BID
844,1712607570.5870812,11360445.31490496,1340.0,0.0,1347.0,BID
845,1712607581.3768492,11360460.25142475,1339.0,-9.536050220147842e-10,1347.0,ASK
846,1712607589.346857,11361063.75142475,1339.0,3.8529767232272975e-08,1347.0,BID
847,1712607597.657299,11361078.68794454,1339.0,9.536050220147842e-10,1347.0,BID
848,1712607600.57978,11361078.68794454,1339.0,0.0,1347.0,BID
849,1712607601.747038,11361083.16555648,1338.0,-2.8603222569756677e-10,1347.0,ASK
850,1712607601.946613,11361166.19293396,1338.0,-5.30383291380557e-09,1347.0,ASK
851,1712607616.4371283,11361168.19293396,1339.0,1.277610608631408e-10,1347.0,BID
852,1712607618.9671416,11361172.67388989,1339.0,2.8624584167614973e-10,1347.0,BID
853,1712607630.4977767,11361172.67388989,1339.0,0.0,1347.0,BID
854,1712607660.5606115,11361172.67388989,1339.0,0.0,1347.0,BID
855,1712607663.966256,11361177.15484582,1338.0,-2.8624354211151845e-10,1347.0,ASK
856,1712607667.1964176,11361179.15484582,1339.0,1.2776003449079215e-10,1347.0,BID
857,1712607684.0163164,11361337.96640344,1339.0,1.0144885039463616e-08,1347.0,BID
858,1712607686.4363835,11361342.44735937,1339.0,2.8624354211151845e-10,1347.0,BID
859,1712607690.563794,11361342.44735937,1339.0,0.0,1347.0,BID
860,1712607720.798437,11361342.44735937,1339.0,0.0,1347.0,BID
861,1712607721.5558088,11361419.72711207,1337.0,-4.9365602496760805e-09,1347.0,ASK
862,1712607723.7523658,11361421.72711207,1338.0,1.277581792701029e-10,1347.0,BID
863,1712607728.5457575,11361426.208068,1337.0,-2.8623938553044356e-10,1347.0,ASK
864,1712607735.085806,11361428.208068,1338.0,1.277581792701029e-10,1347.0,BID
1065,1712607745.5463495,11361858.708068,1338.0,2.749994808788965e-08,1347.0,BID
865,1712607745.5463495,11361858.708068,1338.0,2.7499948087889652e-08,1347.0,BID
866,1712607750.582229,11361863.19237293,1338.0,2.86453316520212e-10,1347.0,BID
867,1712607750.7886338,11361863.19237293,1338.0,0.0,1347.0,BID
868,1712607761.7159877,11361866.94762818,1337.0,-2.39871611734951e-10,1347.0,ASK
869,1712607764.1855018,11361868.94762818,1338.0,1.2775249390481687e-10,1347.0,BID
870,1712607767.7556484,11361872.68828587,1338.0,2.389391744291518e-10,1347.0,BID
871,1712607771.9385667,11362062.46332325,1338.0,1.2122117153083294e-08,1347.0,BID
872,1712607780.5388155,11362062.46332325,1338.0,0.0,1347.0,BID
873,1712607782.253686,11362064.46332325,1339.0,1.2775031822305878e-10,1347.0,BID
874,1712607788.8656943,11362139.1459222,1339.0,4.770362890815592e-09,1347.0,BID
875,1712607798.845649,11362143.63022713,1337.0,-2.8643569085420794e-10,1347.0,ASK
876,1712607799.345751,11363753.34809025,1337.0,-1.0282098463146997e-07,1347.0,ASK
877,1712607800.8758075,11363755.34809025,1339.0,1.2775031822305878e-10,1347.0,BID
878,1712607810.5465698,11363755.34809025,1339.0,0.0,1347.0,BID
879,1712607815.2953367,11363759.82904618,1339.0,2.8618039584921995e-10,1347.0,BID
880,1712607821.8656871,11363763.56317612,1339.0,2.3848366302924387e-10,1347.0,BID
881,1712607840.1331255,11363773.56317612,1339.0,6.386592510450494e-10,1347.0,BID
882,1712607840.760049,11363773.56317612,1339.0,0.0,1347.0,BID
883,1712607863.155373,11363778.04413205,1338.0,-2.8617995006959864e-10,1347.0,ASK
884,1712607870.2856164,11363780.04413205,1339.0,1.2773165124270527e-10,1347.0,BID
885,1712607870.770656,11363780.04413205,1339.0,0.0,1347.0,BID
886,1712607879.274995,11363784.52508798,1339.0,2.861797915427488e-10,1347.0,BID
887,1712607881.7248096,11365443.23629036,1339.0,1.0593490172560809e-07,1347.0,BID
888,1712607883.484855,11365517.91888931,1339.0,4.7696631993977455e-09,1347.0,BID
889,1712607888.6054134,11365891.33188408,1339.0,2.384831599817832e-08,1347.0,BID
890,1712607900.564957,11365891.33188408,1339.0,0.0,1347.0,BID
891,1712607901.45604,11366891.33188408,1339.0,6.387418027701398e-08,1347.0,BID
892,1712607913.4948902,11366894.99993817,1339.0,2.3429394814344057e-10,1347.0,BID
893,1712607917.5371733,11367352.19993817,1339.0,-2.9203275222722177e-08,1347.0,ASK
894,1712607920.1948032,11367354.19993817,1340.0,1.2774836055402795e-10,1347.0,BID
895,1712607925.4549916,11367358.6808941,1339.0,-2.86217386794456e-10,1347.0,ASK
896,1712607930.5881836,11367358.6808941,1339.0,-0.0,1347.0,ASK
897,1712607937.61452,11367360.6808941,1340.0,1.2773233029214072e-10,1347.0,BID
898,1712607942.3070834,11367365.15850604,1340.0,2.8596790364267206e-10,1347.0,BID
899,1712607960.7556658,11367365.15850604,1340.0,0.0,1347.0,BID
900,1712607962.9849691,11369585.15850604,1339.0,-1.4178280802579788e-07,1347.0,ASK
901,1712607988.424794,11369589.63611798,1339.0,-2.8596774511407517e-10,1347.0,ASK
902,1712607990.7917788,11369589.63611798,1339.0,-0.0,1347.0,ASK
903,1712608008.0942247,11369594.11372992,1340.0,2.8591335579045447e-10,1347.0,BID
904,1712608020.5523477,11369594.11372992,1340.0,0.0,1347.0,BID
905,1712608046.1240768,11369704.71600763,1339.0,-7.062393231870997e-09,1347.0,ASK
906,1712608046.8334398,11370406.05511555,1339.0,-4.478327817130884e-08,1347.0,ASK
907,1712608046.884013,11370515.63311145,1339.0,-6.996988783915742e-09,1347.0,ASK
908,1712608046.984156,11371036.10281842,1339.0,-3.3234050980030786e-08,1347.0,ASK
909,1712608047.011882,11371559.89017143,1339.0,-3.3445895811995075e-08,1347.0,ASK
910,1712608047.1138194,11371791.5714138,1339.0,-1.4793764395835611e-08,1347.0,ASK
911,1712608047.1439586,11371963.50403094,1339.0,-1.0978578170096378e-08,1347.0,ASK
912,1712608047.214622,11372136.53260344,1339.0,-1.1048559258146053e-08,1347.0,ASK
913,1712608050.554998,11372136.53260344,1339.0,-0.0,1347.0,ASK
914,1712608054.874348,11372231.87490344,1339.0,-6.086660145360479e-09,1347.0,ASK
915,1712608055.4740024,11372236.35251538,1339.0,-2.8585110851991315e-10,1347.0,ASK
916,1712608056.0039124,11372427.43164569,1339.0,-1.2198507137589056e-08,1347.0,ASK
917,1712608058.684034,11372522.77394569,1339.0,-6.086660145360479e-09,1347.0,ASK
918,1712608058.7238543,11372809.05428138,1339.0,-1.8276159791150586e-08,1347.0,ASK
919,1712608063.695612,11374372.5470034,1339.0,-9.98135018633975e-08,1347.0,ASK
920,1712608063.6999624,11374380.01526329,1339.0,-4.767743155512074e-10,1347.0,ASK
921,1712608063.704176,11374517.35212137,1339.0,-8.767596130696717e-09,1347.0,ASK
922,1712608073.5841892,11374521.82973331,1340.0,2.8585110851991315e-10,1347.0,BID
923,1712608080.8156106,11374521.82973331,1340.0,0.0,1347.0,BID
924,1712608110.7837012,11374521.82973331,1340.0,0.0,1347.0,BID
925,1712608122.083703,11374526.30734525,1338.0,-2.857928353776331e-10,1347.0,ASK
926,1712608133.5238042,11374526.7849572,1340.0,3.048456970455374e-11,1347.0,BID
927,1712608133.5371275,11374750.18794226,1340.0,1.4259157198701552e-08,1347.0,BID
928,1712608138.9235115,11374754.6655542,1340.0,2.8579283525874594e-10,1347.0,BID
929,1712608140.577103,11374754.6655542,1340.0,0.0,1347.0,BID
930,1712608170.546318,11374754.6655542,1340.0,0.0,1347.0,BID
931,1712608187.963489,11374759.14316614,1338.0,-2.8578714436299783e-10,1347.0,ASK
932,1712608200.8840828,11374997.62726298,1338.0,-1.5221437212468452e-08,1347.0,ASK
933,1712608200.8885798,11374997.62726298,1338.0,-0.0,1347.0,ASK
934,1712608211.823387,11375017.62726298,1338.0,-1.2767107431685563e-09,1347.0,ASK
935,1712608230.784408,11375017.62726298,1338.0,-0.0,1347.0,ASK
936,1712608231.6737952,11375102.80107332,1338.0,-5.436995898927509e-09,1347.0,ASK
937,1712608234.0636804,11375198.61781955,1338.0,-6.1163784291780134e-09,1347.0,ASK
1137,1712608234.0636804,11375198.61781955,1338.0,-6.116378429178013e-09,1347.0,ASK
938,1712608234.102964,11375293.55895595,1338.0,-6.060484639458703e-09,1347.0,ASK
939,1712608235.1253664,11375298.03991188,1339.0,2.8603791364378465e-10,1347.0,BID
940,1712608237.593448,11375672.2306617,1338.0,-2.3886140165120303e-08,1347.0,ASK
941,1712608237.6148736,11376047.66359237,1338.0,-2.3965433696337483e-08,1347.0,ASK
942,1712608237.83313,11376285.44805937,1338.0,-1.5178764067764906e-08,1347.0,ASK
943,1712608249.856795,11376504.90302049,1338.0,-1.4008716045871708e-08,1347.0,ASK
944,1712608249.8729708,11376726.26477007,1338.0,-1.4130434224272453e-08,1347.0,ASK
945,1712608249.9163096,11376891.488933,1338.0,-1.0546940340776953e-08,1347.0,ASK
946,1712608260.5585625,11376891.488933,1338.0,-0.0,1347.0,ASK
947,1712608274.4631703,11377085.77170131,1338.0,-1.2399886507951592e-08,1347.0,ASK
948,1712608274.5430026,11377242.99909754,1338.0,-1.0034867663002882e-08,1347.0,ASK
949,1712608274.723418,11377377.05548919,1338.0,-8.556003481949377e-09,1347.0,ASK
950,1712608274.7327335,11377527.98715056,1338.0,-9.633049228832833e-09,1347.0,ASK
951,1712608274.7427344,11377679.41985162,1338.0,-9.665027542513409e-09,1347.0,ASK
952,1712608275.003668,11377739.72456408,1338.0,-3.848882723361341e-09,1347.0,ASK
953,1712608275.0130994,11378102.95663552,1338.0,-2.3182892137640444e-08,1347.0,ASK
954,1712608275.2678037,11378118.29312733,1338.0,-9.788349194896846e-10,1347.0,ASK
955,1712608275.2734077,11378197.79018253,1338.0,-5.073813137347451e-09,1347.0,ASK
956,1712608277.7127998,11378885.66611373,1338.0,-4.390293360889289e-08,1347.0,ASK
957,1712608278.593266,11379375.59355181,1338.0,-3.1269086199459273e-08,1347.0,ASK
958,1712608284.8132994,11379380.07450774,1338.0,-2.8599214147969354e-10,1347.0,ASK
959,1712608290.5646772,11379380.07450774,1338.0,-0.0,1347.0,ASK
960,1712608300.0628376,11379384.55211968,1340.0,2.8571799535341393e-10,1347.0,BID
961,1712608320.4428546,11379392.01480624,1340.0,4.761966585261698e-10,1347.0,BID
962,1712608320.780374,11379392.01480624,1340.0,0.0,1347.0,BID
963,1712608326.34259,11381963.72920067,1338.0,-1.641018339678428e-07,1347.0,ASK
964,1712608326.5827053,11383890.3638147,1338.0,-1.2293910794800592e-07,1347.0,ASK
965,1712608326.8627946,11385180.71793689,1338.0,-8.233786705785044e-08,1347.0,ASK
966,1712608333.527032,11386153.13186408,1338.0,-6.20500119194377e-08,1347.0,ASK
967,1712608334.082533,11386462.34160435,1338.0,-1.9730762315178544e-08,1347.0,ASK
968,1712608347.7331967,11386576.41742538,1338.0,-7.279210896356676e-09,1347.0,ASK
969,1712608348.892811,11386580.89503732,1338.0,-2.857177036454569e-10,1347.0,ASK
970,1712608350.80231,11386580.89503732,1338.0,-0.0,1347.0,ASK
971,1712608353.3727772,11386804.66369403,1340.0,1.4269983702735755e-08,1347.0,BID
972,1712608364.3925934,11387446.51844134,1338.0,-4.0931812874511945e-08,1347.0,ASK
973,1712608364.4125116,11387822.98737687,1338.0,-2.4007855495002493e-08,1347.0,ASK
974,1712608366.3926528,11387827.46498881,1340.0,2.855424451700985e-10,1347.0,BID
1175,1712608376.3524568,11387864.77842164,1340.0,2.379520377090591e-09,1347.0,BID
975,1712608376.3524568,11387864.77842164,1340.0,2.3795203770905912e-09,1347.0,BID
976,1712608380.5264995,11387864.77842164,1340.0,0.0,1347.0,BID
977,1712608404.7726326,11387959.40127451,1339.0,6.033546606483694e-09,1347.0,BID
978,1712608409.463051,11389113.03346705,1339.0,7.356038620022984e-08,1347.0,BID
979,1712608409.4727,11391695.39810059,1339.0,1.6466230830001537e-07,1347.0,BID
980,1712608410.5418067,11391695.39810059,1339.0,0.0,1347.0,BID
981,1712608417.67242,11392167.34649699,1338.0,-3.0083553343539325e-08,1347.0,ASK
982,1712608419.62208,11392171.82410893,1338.0,-2.854178098430353e-10,1347.0,ASK
983,1712608423.860246,11392226.41280626,1338.0,-3.479664303522032e-09,1347.0,ASK
984,1712608423.8647618,11392614.87209331,1338.0,-2.4761681092566253e-08,1347.0,ASK
985,1712608428.6929295,11392973.7969617,1338.0,-2.2879059462656693e-08,1347.0,ASK
986,1712608428.7025795,11393119.7654596,1338.0,-9.304515338031798e-09,1347.0,ASK
987,1712608433.832595,11393124.24641553,1339.0,2.856309667230291e-10,1347.0,BID
988,1712608435.492335,11393131.72025708,1339.0,4.764074052601505e-10,1347.0,BID
989,1712608440.5813775,11393131.72025708,1339.0,0.0,1347.0,BID
990,1712608470.5633397,11393131.72025708,1339.0,0.0,1347.0,BID
991,1712608485.6020317,11393136.20121301,1338.0,-2.855959805927286e-10,1347.0,ASK
1192,1712608493.0359347,11393142.70317883,1338.0,-4.14406062724188e-10,1347.0,ASK
992,1712608493.0359347,11393142.70317883,1338.0,-4.1440606272418803e-10,1347.0,ASK
993,1712608493.0417552,11393493.93716454,1338.0,-2.238607478483041e-08,1347.0,ASK
994,1712608500.614171,11393493.93716454,1338.0,-0.0,1347.0,ASK
995,1712608502.6121497,11393498.42146947,1338.0,2.8585239952715357e-10,1347.0,BID
996,1712608508.2324867,11393633.42146947,1337.0,-8.605586491066964e-09,1347.0,ASK
997,1712608521.45212,11395128.18978038,1337.0,-9.528413321216937e-08,1347.0,ASK
998,1712608530.5603902,11395128.18978038,1337.0,-0.0,1347.0,ASK
999,1712608541.281861,11395503.18978038,1337.0,-2.3901077905181052e-08,1347.0,ASK
1199,1712608541.281861,11395503.18978038,1337.0,-2.390107790518105e-08,1347.0,ASK
1000,1712608553.3024237,11395507.67408531,1337.0,-2.8581259056600653e-10,1347.0,ASK
1201,1712608560.7870047,11395507.67408531,1337.0,-0.0,1347.0,ASK
1202,1712608572.6518767,11395512.15504124,1339.0,2.8558990271761067e-10,1347.0,BID
1203,1712608590.7721648,11395512.15504124,1339.0,0.0,1347.0,BID
1204,1712608619.5036287,11395516.63599717,1337.0,-2.8558979350668005e-10,1347.0,ASK
1205,1712608620.5204022,11395516.63599717,1337.0,-0.0,1347.0,ASK
1206,1712608631.0319374,11395539.07429186,1337.0,-1.430084473009568e-09,1347.0,ASK
1207,1712608640.4413748,11395543.55524779,1339.0,2.8558968434024187e-10,1347.0,BID
1208,1712608650.5259752,11395543.55524779,1339.0,0.0,1347.0,BID
1209,1712608664.891636,11395618.23784674,1339.0,4.759817160264538e-09,1347.0,BID
1210,1712608680.8177395,11395618.23784674,1339.0,0.0,1347.0,BID
1211,1712608689.132897,11395622.71880267,1337.0,-2.855872090354848e-10,1347.0,ASK
1212,1712608709.1820548,11395627.1997586,1339.0,2.855872090354848e-10,1347.0,BID
1213,1712608710.7867353,11395627.1997586,1339.0,0.0,1347.0,BID
1214,1712608739.9923308,11397378.44541553,1337.0,-1.1161300960020577e-07,1347.0,ASK
1215,1712608740.5167265,11397378.44541553,1337.0,-0.0,1347.0,ASK
1216,1712608756.1225867,11397382.92637146,1337.0,-2.8554437996573606e-10,1347.0,ASK
1217,1712608770.5306466,11397382.92637146,1337.0,-0.0,1347.0,ASK
1218,1712608772.9627435,11397387.40732739,1339.0,2.855442708339948e-10,1347.0,BID
1219,1712608800.6062942,11397387.40732739,1339.0,0.0,1347.0,BID
1220,1712608821.5529213,11397391.88828332,1338.0,-2.8554785197311584e-10,1347.0,ASK
1221,1712608830.2833714,11398066.60526227,1338.0,-4.299617916812161e-08,1347.0,ASK
1222,1712608830.5431032,11398066.60526227,1338.0,-0.0,1347.0,ASK
1223,1712608837.4632256,11398071.0862182,1339.0,2.8553131658310283e-10,1347.0,BID
1224,1712608846.6538188,11398139.83143964,1338.0,-4.380519222071269e-09,1347.0,ASK
1225,1712608846.6567345,11398221.91578079,1338.0,-5.230502232839522e-09,1347.0,ASK
1226,1712608860.8067307,11398221.91578079,1338.0,-0.0,1347.0,ASK
1227,1712608886.7540808,11405682.31446751,1339.0,4.753783088165772e-07,1347.0,BID
1228,1712608886.7582018,11405695.75733534,1339.0,8.56582609483544e-10,1347.0,BID
1229,1712608890.2594564,11405700.23829127,1338.0,-2.8552753554500953e-10,1347.0,ASK
1230,1712608890.7603552,11405700.23829127,1338.0,-0.0,1347.0,ASK
1231,1712608907.0039148,11405704.7192472,1339.0,2.8534546797590236e-10,1347.0,BID
1232,1712608916.6637137,11406451.54523674,1339.0,4.7557578068337353e-08,1347.0,BID
1233,1712608919.29364,11407198.37122628,1339.0,4.7557578068337353e-08,1347.0,BID
1234,1712608920.564998,11407198.37122628,1339.0,0.0,1347.0,BID
1235,1712608929.776445,11407350.20834231,1338.0,-9.667691400318724e-09,1347.0,ASK
1236,1712608929.7780683,11407452.05246211,1338.0,-6.484564162672608e-09,1347.0,ASK
1237,1712608932.0445957,11407485.49800692,1338.0,-2.12952678756057e-09,1347.0,ASK
1238,1712608932.048147,11408383.43952028,1338.0,-5.717325034709406e-08,1347.0,ASK
1239,1712608932.0516295,11408398.37604007,1338.0,-9.510300754332003e-10,1347.0,ASK
1240,1712608950.5427425,11408398.37604007,1338.0,-0.0,1347.0,ASK
1241,1712608955.2842023,11408402.856996,1338.0,-2.852798577044513e-10,1347.0,ASK
1242,1712608971.8040223,11408407.33795193,1339.0,2.852798577044513e-10,1347.0,BID
1243,1712608980.826522,11408407.33795193,1339.0,0.0,1347.0,BID
1244,1712609010.80562,11408407.33795193,1339.0,0.0,1347.0,BID
1245,1712609016.5830584,11408482.02055088,1339.0,4.754660670964038e-09,1347.0,BID
1246,1712609023.3046744,11408486.50150681,1338.0,-2.852796397194657e-10,1347.0,ASK
1247,1712609040.55634,11408486.50150681,1338.0,-0.0,1347.0,ASK
1248,1712609040.944204,11408490.98246274,1339.0,2.852777147284609e-10,1347.0,BID
1249,1712609049.5350685,11408565.66506169,1339.0,4.754628585804156e-09,1347.0,BID
1250,1712609065.6444438,11408789.86819835,1339.0,1.4273775385082174e-08,1347.0,BID
1251,1712609070.5508833,11408789.86819835,1339.0,0.0,1347.0,BID
1252,1712609086.294782,11408794.34915428,1338.0,-2.85270337346625e-10,1347.0,ASK
1253,1712609097.0145428,11408816.75393396,1339.0,1.4263516885118434e-09,1347.0,BID
1254,1712609100.582532,11408816.75393396,1339.0,0.0,1347.0,BID
1255,1712609100.7648735,11409054.68937107,1338.0,-1.514794308047884e-08,1347.0,ASK
1256,1712609105.4044168,11409059.170327,1339.0,2.8527598160609953e-10,1347.0,BID
1257,1712609130.5798752,11409059.170327,1339.0,0.0,1347.0,BID
1258,1712609137.855077,11409464.55240686,1338.0,-2.5807748285217617e-08,1347.0,ASK
1259,1712609152.2846968,11409469.03336279,1338.0,-2.8527009067943305e-10,1347.0,ASK
1260,1712609160.584759,11409469.03336279,1338.0,-0.0,1347.0,ASK
1261,1712609168.5350914,11409473.51431872,1339.0,2.852601316654809e-10,1347.0,BID
1262,1712609184.6149251,11409523.51431872,1339.0,3.183027640692684e-09,1347.0,BID
1263,1712609189.295015,11409527.25591692,1339.0,2.381922098226924e-10,1347.0,BID
1264,1712609190.5439482,11409527.25591692,1339.0,0.0,1347.0,BID
1265,1712609220.7968051,11409527.25591692,1339.0,0.0,1347.0,BID
1266,1712609222.724897,11409531.73687285,1338.0,-2.852587159331214e-10,1347.0,ASK
1267,1712609232.0583048,11409539.20513274,1339.0,4.75431193577598e-10,1347.0,BID
1268,1712609236.735446,11409543.68608867,1339.0,2.852587159331214e-10,1347.0,BID
1269,1712609242.6955223,11410763.509796,1339.0,7.765426614770232e-08,1347.0,BID
1270,1712609242.6993148,11413669.29540567,1339.0,1.849830002038128e-07,1347.0,BID
1271,1712609242.7751677,11418501.79400551,1339.0,3.076380055377569e-07,1347.0,BID
1272,1712609242.778141,11422854.93878245,1339.0,2.771222276276045e-07,1347.0,BID
1273,1712609250.8198917,11422854.93878245,1339.0,0.0,1347.0,BID
1274,1712609280.5542986,11422854.93878245,1339.0,0.0,1347.0,BID
1275,1712609284.6281066,11422859.41973838,1339.0,-2.849350110996044e-10,1347.0,ASK
1276,1712609290.8581748,11422908.90063279,1339.0,-3.1463909524185763e-09,1347.0,ASK
1277,1712609302.085134,11422913.37824473,1340.0,2.8472237346976607e-10,1347.0,BID
1278,1712609310.5578446,11422913.37824473,1340.0,0.0,1347.0,BID
1279,1712609321.3354375,11423117.33719995,1340.0,1.2969276843766324e-08,1347.0,BID
1280,1712609322.1253617,11424417.37442211,1338.0,-8.266635129178388e-08,1347.0,ASK
1281,1712609322.128601,11425301.42601462,1339.0,-5.6214790054305694e-08,1347.0,ASK
1282,1712609327.992808,11425305.1573579,1340.0,2.372674635819684e-10,1347.0,BID
1283,1712609340.8128746,11425305.1573579,1340.0,0.0,1347.0,BID
1284,1712609354.7753017,11425309.63496984,1338.0,-2.8466300613510513e-10,1347.0,ASK
1285,1712609370.800276,11425309.63496984,1338.0,-0.0,1347.0,ASK
1286,1712609370.984843,11425314.11258178,1340.0,2.8466289771295616e-10,1347.0,BID
1287,1712609396.2554312,11425318.11258178,1339.0,-2.5429885528708307e-10,1347.0,ASK
1288,1712609396.2592692,11425322.48810895,1338.0,-2.7817288762386887e-10,1347.0,ASK
1289,1712609400.5622184,11425322.48810895,1338.0,-0.0,1347.0,ASK
1290,1712609418.1552913,11425337.02657626,1338.0,-9.251472794134216e-10,1347.0,ASK
1291,1712609418.8952346,11425341.5041882,1338.0,-2.849303448880893e-10,1347.0,ASK
1292,1712609430.5446606,11425341.5041882,1338.0,-0.0,1347.0,ASK
1293,1712609438.151749,11425345.98180014,1340.0,2.8492988356271317e-10,1347.0,BID
1294,1712609460.7751408,11425345.98180014,1340.0,0.0,1347.0,BID
1295,1712609484.4853897,11425350.45941208,1339.0,-2.8492977465627497e-10,1347.0,ASK
1296,1712609490.8064387,11425350.45941208,1339.0,-0.0,1347.0,ASK
1297,1712609520.564246,11425350.45941208,1339.0,-0.0,1347.0,ASK
1298,1712609538.595554,11425354.93702402,1340.0,2.84929666068161e-10,1347.0,BID
1299,1712609550.5408156,11425354.93702402,1340.0,0.0,1347.0,BID
1300,1712609580.781746,11425354.93702402,1340.0,0.0,1347.0,BID
1301,1712609585.3753233,11425359.41463596,1339.0,-2.8492955728041696e-10,1347.0,ASK
1302,1712609590.6957068,11425732.30505642,1340.0,2.3728608872511845e-08,1347.0,BID
1303,1712609594.6291535,11426093.40505642,1340.0,2.29783340997269e-08,1347.0,BID
1304,1712609599.3252535,11426132.35468328,1340.0,2.478530985955362e-09,1347.0,BID
1305,1712609601.5182252,11426139.76209068,1340.0,4.713649460881831e-10,1347.0,BID
1306,1712609601.5206969,11426449.16187955,1340.0,1.9688429019780752e-08,1347.0,BID
1307,1712609601.5226002,11432792.35468328,1340.0,4.036444295277606e-07,1347.0,BID
1308,1712609606.2252553,11432796.83229522,1340.0,2.8492955728041696e-10,1347.0,BID
1309,1712609610.8198786,11432796.83229522,1340.0,0.0,1347.0,BID
1310,1712609613.2557805,11433607.95489441,1340.0,5.158246003192545e-08,1347.0,BID
1311,1712609613.2594376,11434202.63229522,1340.0,3.7817862909672255e-08,1347.0,BID
1312,1712609640.5125678,11434202.63229522,1340.0,0.0,1347.0,BID
1313,1712609653.1251645,11434207.10990716,1339.0,-2.8471475651783116e-10,1347.0,ASK
1314,1712609670.5626855,11434207.10990716,1339.0,-0.0,1347.0,ASK
1315,1712609671.3559036,11434211.5875191,1340.0,2.84714647975195e-10,1347.0,BID
1316,1712609678.585328,11434219.05020566,1340.0,4.745244127787575e-10,1347.0,BID
1317,1712609681.6553247,11434742.50191264,1340.0,3.3284342294612874e-08,1347.0,BID
1318,1712609691.325601,11434979.68691264,1340.0,1.5081709777378466e-08,1347.0,BID
1319,1712609700.8092406,11434979.68691264,1340.0,0.0,1347.0,BID
1320,1712609709.3458405,11435002.07497234,1340.0,1.423524391973272e-09,1347.0,BID
1321,1712609713.3258426,11435610.60595876,1340.0,3.869288871167749e-08,1347.0,BID
1322,1712609713.3304915,11435685.23282444,1340.0,4.7450813074066165e-09,1347.0,BID
1323,1712609714.9851582,11435689.71043638,1340.0,-2.8470487841834126e-10,1347.0,ASK
1324,1712609720.8053124,11435694.71043638,1341.0,3.1792044756319996e-10,1347.0,BID
1325,1712609730.8241606,11435694.71043638,1341.0,0.0,1347.0,BID
1326,1712609732.36548,11435699.18470931,1341.0,2.8447523967998303e-10,1347.0,BID
1327,1712609744.4052565,11435810.42434044,1340.0,-7.0726397820399584e-09,1347.0,ASK
1328,1712609760.5330403,11435810.42434044,1340.0,-0.0,1347.0,ASK
1329,1712609781.9152696,11435814.89861337,1340.0,-2.8447243499942107e-10,1347.0,ASK
1330,1712609790.558701,11435814.89861337,1340.0,-0.0,1347.0,ASK
1331,1712609803.3574262,11435819.3728863,1341.0,2.8447232667896976e-10,1347.0,BID
1332,1712609805.435595,11435830.24803669,1340.0,-6.91437331189039e-10,1347.0,ASK
1333,1712609820.789778,11435830.24803669,1340.0,-0.0,1347.0,ASK
1334,1712609839.9414375,11435904.81925221,1341.0,4.741199243342077e-09,1347.0,BID
1335,1712609839.946847,11437888.44373169,1341.0,1.2611781658170256e-07,1347.0,BID
1336,1712609850.7839086,11437888.44373169,1341.0,0.0,1347.0,BID
1337,1712609850.7986517,11437892.91800462,1340.0,-2.844220436566194e-10,1347.0,ASK
1338,1712609866.775287,11437892.91800493,1341.0,1.9655269088015968e-17,1347.0,BID
1339,1712609866.7775304,11437897.38894351,1342.0,2.8421008455012077e-10,1347.0,BID
1340,1712609878.4854815,11437900.39743493,1342.0,1.9124476557086144e-10,1347.0,BID
1341,1712609878.489035,11437908.56629075,1342.0,5.19280495949057e-10,1347.0,BID
1342,1712609880.580519,11437908.56629075,1342.0,0.0,1347.0,BID
1343,1712609910.5442605,11437908.56629075,1342.0,0.0,1347.0,BID
1344,1712609914.135427,11437913.03722964,1340.0,-2.84209616602927e-10,1347.0,ASK
1345,1712609937.235252,11437917.50816853,1342.0,2.8420961648452195e-10,1347.0,BID
1346,1712609940.6236925,11437917.50816853,1342.0,0.0,1347.0,BID
1347,1712609960.6052918,11438290.08640996,1342.0,2.3684116695420643e-08,1347.0,BID
1348,1712609966.8855324,11438295.08640996,1342.0,3.1784084605295227e-10,1347.0,BID
1349,1712609970.5540802,11438295.08640996,1342.0,0.0,1347.0,BID
1350,1712609975.360001,11438695.08640996,1342.0,2.5426448682381223e-08,1347.0,BID
1351,1712609983.5060434,11438699.55734885,1341.0,-2.84200245577743e-10,1347.0,ASK
1352,1712609987.4753144,11438720.7689733,1341.0,-1.3483407014320671e-09,1347.0,ASK
1353,1712610000.708976,11438720.7689733,1341.0,-0.0,1347.0,ASK
1354,1712610000.8650584,11438958.70441041,1341.0,-1.5125306773432527e-08,1347.0,ASK
1355,1712610002.3453114,11438963.1753493,1342.0,2.8421290714750657e-10,1347.0,BID
1356,1712610006.9252243,11439165.1179976,1341.0,-1.28372828497966e-08,1347.0,ASK
1357,1712610024.5256562,11439365.1179976,1341.0,-1.2713790730115653e-08,1347.0,ASK
1358,1712610024.530231,11439932.39316974,1341.0,-3.606108912492002e-08,1347.0,ASK
1359,1712610026.7156456,11440176.32627974,1341.0,1.5506572563467367e-08,1347.0,BID
1360,1712610026.8155231,11440176.32627977,1341.0,1.894502450542995e-18,1347.0,BID
1361,1712610026.8206062,11442160.22039077,1341.0,1.2611407278981424e-07,1347.0,BID
1362,1712610030.6002784,11442160.22039077,1341.0,0.0,1347.0,BID
1363,1712610053.768151,11442164.69132966,1341.0,-2.841296003309466e-10,1347.0,ASK
1364,1712610060.814133,11442164.69132966,1341.0,-0.0,1347.0,ASK
1365,1712610065.2450895,11442464.69132966,1341.0,-1.906508895157941e-08,1347.0,ASK
1366,1712610065.3052497,11443364.69132966,1341.0,5.719526685473822e-08,1347.0,BID
1367,1712610069.8451183,11443369.16226855,1342.0,2.8412949207255405e-10,1347.0,BID
1368,1712610082.4252937,11443376.61383337,1342.0,4.735491537699149e-10,1347.0,BID
1369,1712610090.7830584,11443376.61383337,1342.0,0.0,1347.0,BID
1370,1712610107.8360715,11444504.00954616,1342.0,7.163893281853733e-08,1347.0,BID
1371,1712610107.8442805,11447005.11575566,1342.0,1.5892962664440657e-07,1347.0,BID
1372,1712610107.8508308,11447065.15032122,1342.0,3.814820439754469e-09,1347.0,BID
1373,1712610115.305205,11447069.62126011,1342.0,-2.84100149775769e-10,1347.0,ASK
1374,1712610120.572538,11447069.62126011,1342.0,-0.0,1347.0,ASK
1375,1712610134.0953157,11447074.08886993,1343.0,2.837992329811025e-10,1347.0,BID
1376,1712610150.5437126,11447074.08886993,1343.0,0.0,1347.0,BID
1377,1712610168.0762482,11448724.08886993,1343.0,1.0481411199961208e-07,1347.0,BID
1378,1712610168.0803573,11449307.8937843,1343.0,3.7085450715587816e-08,1347.0,BID
1379,1712610180.7596705,11449307.8937843,1343.0,0.0,1347.0,BID
1380,1712610182.0154824,11449312.36139412,1342.0,-2.8374505132139275e-10,1347.0,ASK
1381,1712610191.104975,11449596.449432,1343.0,1.8042886044171453e-08,1347.0,BID
1382,1712610198.758258,11449600.91704182,1343.0,2.8374505120309315e-10,1347.0,BID
1383,1712610210.8057172,11449600.91704182,1343.0,0.0,1347.0,BID
1384,1712610227.479824,11449675.37720563,1343.0,4.728966003749335e-09,1347.0,BID
1385,1712610230.7449553,11449749.83736944,1343.0,4.728966003631039e-09,1347.0,BID
1386,1712610235.5855618,11449772.17541859,1343.0,1.41868980149152e-09,1347.0,BID
1387,1712610235.5963778,11450175.56912551,1343.0,2.56195397446956e-08,1347.0,BID
1388,1712610235.5999055,11450749.83736944,1343.0,3.647178388513768e-08,1347.0,BID
1389,1712610240.538856,11450749.83736944,1343.0,0.0,1347.0,BID
1390,1712610241.7057936,11450824.29753325,1343.0,4.728502629520357e-09,1347.0,BID
1391,1712610242.9885345,11450828.76514307,1342.0,-2.837101572838871e-10,1347.0,ASK
1392,1712610253.831742,11451052.1456345,1342.0,-1.4185507888679356e-08,1347.0,ASK
1393,1712610264.5454404,11451056.61324432,1343.0,2.837101571656021e-10,1347.0,BID
1394,1712610270.5206385,11451056.61324432,1343.0,0.0,1347.0,BID
1395,1712610292.8851993,11451369.97122295,1342.0,-1.9898899030986443e-08,1347.0,ASK
1396,1712610292.8887348,11452134.64808514,1342.0,-4.855860935319797e-08,1347.0,ASK
1397,1712610292.892412,11453715.3244467,1342.0,-1.0037631547407837e-07,1347.0,ASK
1398,1712610296.241963,11454771.05604015,1342.0,-6.704120467476064e-08,1347.0,ASK
1399,1712610300.8310862,11454771.05604015,1342.0,-0.0,1347.0,ASK
1400,1712610305.9951725,11454994.60298501,1342.0,-1.4193420969309914e-08,1347.0,ASK
1401,1712610309.2556064,11454999.07059483,1342.0,-2.8365704999496244e-10,1347.0,ASK
1402,1712610310.198531,11455185.22100437,1342.0,-1.1819043771156262e-08,1347.0,ASK
1403,1712610322.6969328,11455203.89562188,1342.0,-1.1856870060556455e-09,1347.0,ASK
1404,1712610326.4248438,11455208.3632317,1343.0,2.8365704987669955e-10,1347.0,BID
1405,1712610328.3548582,11456451.87415989,1342.0,-7.89528754005271e-08,1347.0,ASK
1406,1712610330.8244262,11456451.87415989,1342.0,-0.0,1347.0,ASK
1407,1712610360.5783842,11456451.87415989,1342.0,-0.0,1347.0,ASK
1408,1712610373.58737,11456456.46090598,1343.0,2.91179536863129e-10,1347.0,BID
1409,1712610374.5847373,11456460.9285158,1342.0,-2.8361643138145564e-10,1347.0,ASK
1410,1712610390.5585897,11456460.9285158,1342.0,-0.0,1347.0,ASK
1411,1712610391.304832,11456465.39612562,1343.0,2.83616212642325e-10,1347.0,BID
1412,1712610400.2563202,11456565.39612562,1343.0,6.3482762374711465e-09,1347.0,BID
1413,1712610400.259719,11457315.01058507,1343.0,4.758759660187565e-08,1347.0,BID
1414,1712610400.2630925,11457393.26111747,1344.0,4.967559954035163e-09,1347.0,BID
1415,1712610400.266419,11457575.65141991,1343.0,1.1578640229259898e-08,1347.0,BID
1416,1712610400.2697709,11457583.13084991,1344.0,4.748148774663111e-10,1347.0,BID
1417,1712610420.7943473,11457583.13084991,1344.0,0.0,1347.0,BID
1418,1712610426.414745,11457590.32904991,1344.0,4.5691790147347054e-10,1347.0,BID
1419,1712610426.4199498,11460041.07895918,1344.0,1.5556548940012182e-07,1347.0,BID
1420,1712610426.42222,11460115.48372109,1344.0,4.722967919538579e-09,1347.0,BID
1421,1712610441.1848536,11460119.95133091,1342.0,-2.8358907831286845e-10,1347.0,ASK
1422,1712610450.8057902,11460119.95133091,1342.0,-0.0,1347.0,ASK
1423,1712610460.4748318,11460124.41561662,1344.0,2.8331675884930047e-10,1347.0,BID
1424,1712610473.155194,11460466.61059056,1343.0,2.1716703900938468e-08,1347.0,BID
1425,1712610480.5482142,11460466.61059056,1343.0,0.0,1347.0,BID
1426,1712610491.788942,11461032.27325072,1343.0,3.589756275841554e-08,1347.0,BID
1427,1712610491.867132,11461597.93591072,1343.0,3.589756274836808e-08,1347.0,BID
1428,1712610503.4647312,11461597.93591088,1343.0,1.0165670501431204e-17,1347.0,BID
1429,1712610507.1449976,11461602.40019659,1343.0,-2.833083880133325e-10,1347.0,ASK
1430,1712610510.6036034,11461602.40019659,1343.0,-0.0,1347.0,ASK
1431,1712610516.376515,11461604.40019659,1345.0,1.2690987293593099e-10,1347.0,BID
1432,1712610519.635152,11461608.49550559,1345.0,2.5986757244102207e-10,1347.0,BID
1433,1712610525.5957682,11461612.95647213,1345.0,2.830703484131804e-10,1347.0,BID
1434,1712610537.7451582,11462909.67627614,1343.0,-8.228327278017059e-08,1347.0,ASK
1435,1712610537.750491,11463913.56996906,1343.0,-6.370201050482889e-08,1347.0,ASK
1436,1712610540.8168294,11463913.56996906,1343.0,-0.0,1347.0,ASK
1437,1712610540.8396842,11463917.66527806,1345.0,2.598163992158912e-10,1347.0,BID
1438,1712610563.3562734,11464487.5688053,1345.0,3.615607084374965e-08,1347.0,BID
1439,1712610563.3614793,11464645.13500044,1345.0,9.996384022478897e-09,1347.0,BID
1440,1712610570.0552516,11465155.13500044,1344.0,-3.2355644857359167e-08,1347.0,ASK
1441,1712610570.8087304,11465155.13500044,1344.0,-0.0,1347.0,ASK
1442,1712610571.824583,11465158.85321605,1345.0,2.3586769326836977e-10,1347.0,BID
1443,1712610574.3551066,11465166.28816028,1345.0,4.716410580956336e-10,1347.0,BID
1444,1712610574.8148088,11465170.74912682,1344.0,-2.8298463504643333e-10,1347.0,ASK
1445,1712610581.8261833,11465172.74912682,1345.0,1.2687144477648665e-10,1347.0,BID
1446,1712610582.9043665,11465647.09559522,1345.0,3.0090510885279374e-08,1347.0,BID
1447,1712610595.3546696,11465721.4450376,1345.0,4.716410586509773e-09,1347.0,BID
1448,1712610600.5669515,11465721.4450376,1345.0,0.0,1347.0,BID
1449,1712610602.9747975,11465727.49038275,1345.0,3.8349601515797475e-10,1347.0,BID
1450,1712610603.0348902,11465732.4152599,1345.0,3.1241735836737917e-10,1347.0,BID
1451,1712610621.644437,11465736.20708146,1345.0,2.405401879203109e-10,1347.0,BID
1452,1712610623.6845136,11465740.668048,1345.0,2.8298845634208345e-10,1347.0,BID
1453,1712610630.573076,11465740.668048,1345.0,0.0,1347.0,BID
1454,1712610659.6346776,11465748.10299223,1345.0,4.716466533506836e-10,1347.0,BID
1455,1712610660.803563,11465748.10299223,1345.0,0.0,1347.0,BID
1456,1712610672.3445218,11465762.42330706,1344.0,-9.084297167250392e-10,1347.0,ASK
1457,1712610673.5650473,11465766.8842736,1344.0,-2.8298781268197286e-10,1347.0,ASK
1458,1712610677.354471,11465777.62450973,1344.0,-6.813222879868777e-10,1347.0,ASK
1459,1712610681.934947,11465779.62450973,1345.0,1.2687286941642094e-10,1347.0,BID
1460,1712610682.2548015,11465795.73486392,1344.0,-1.0219834317439974e-09,1347.0,ASK
1461,1712610688.5348103,11465829.14261276,1344.0,-2.1192684780844847e-09,1347.0,ASK
1462,1712610688.5384052,11466172.86620114,1344.0,-2.1804598971882583e-08,1347.0,ASK
1463,1712610690.8648489,11466172.86620114,1344.0,-0.0,1347.0,ASK
1464,1712610691.804721,11466247.27096304,1344.0,-4.71980189337975e-09,1347.0,ASK
1465,1712610691.8100307,11466397.62845911,1344.0,-9.537798072701591e-09,1347.0,ASK
1466,1712610691.9446146,11466731.71342211,1344.0,2.1192391463457195e-08,1347.0,BID
1467,1712610691.9643912,11466731.71342306,1344.0,6.02591970942416e-17,1347.0,BID
1468,1712610701.0569284,11466733.71342306,1345.0,1.2686827490342448e-10,1347.0,BID
1469,1712610701.4647715,11467071.30287057,1345.0,2.1414695415565053e-08,1347.0,BID
1470,1712610701.4703734,11467997.65394351,1345.0,5.876228128947894e-08,1347.0,BID
