,time,acc_trade_volume,trade_price,dev,high,ask_bid
0,1712601588.4325082,11850700.80501805,215.5,0.0,216.1,ASK
1,1712601600.3765135,11850700.80501805,215.5,-0.0,216.1,ASK
2,1712601612.3571398,11850728.56994169,216.1,1.0162347573985191e-08,216.1,BID
3,1712601630.3862567,11850728.56994169,216.1,0.0,216.1,BID
4,1712601640.006654,11850756.33486533,215.5,-1.0162325256672296e-08,216.1,ASK
5,1712601660.589142,11850756.33486533,215.5,-0.0,216.1,ASK
6,1712601664.9661355,11850784.09978897,216.1,1.0162303001420866e-08,216.1,BID
7,1712601690.5874722,11850784.09978897,216.1,0.0,216.1,BID
8,1712601706.7459354,11850811.86471261,215.5,-1.0162280684985493e-08,216.1,ASK
9,1712601720.3861587,11850811.86471261,215.5,-0.0,216.1,ASK
10,1712601734.1160488,11850839.62963625,216.1,1.0162258429247531e-08,216.1,BID
11,1712601750.3556845,11850839.62963625,216.1,0.0,216.1,BID
12,1712601774.0756977,11850867.39455989,215.5,-1.0162236112326172e-08,216.1,ASK
13,1712601780.5755851,11850867.39455989,215.5,-0.0,216.1,ASK
14,1712601801.9159636,11850895.15948353,216.1,1.0162213857465184e-08,216.1,BID
15,1712601810.6134212,11850895.15948353,216.1,0.0,216.1,BID
16,1712601840.3657918,11850895.15948353,216.1,0.0,216.1,BID
17,1712601870.3853807,11850895.15948353,216.1,0.0,216.1,BID
18,1712601874.0653017,11850922.92440717,215.5,-1.0162191540739592e-08,216.1,ASK
19,1712601900.380942,11850922.92440717,215.5,-0.0,216.1,ASK
20,1712601901.665213,11850950.68933081,216.1,1.0162169286755564e-08,216.1,BID
21,1712601930.3851995,11850950.68933081,216.1,0.0,216.1,BID
22,1712601942.6053233,11850978.45425445,215.5,-1.0162146969543985e-08,216.1,ASK
23,1712601960.5757442,11850978.45425445,215.5,-0.0,216.1,ASK
24,1712601982.0051386,11851006.23203222,216.0,1.0166829402303914e-08,216.1,BID
25,1712601990.5947592,11851006.23203222,216.0,0.0,216.1,BID
26,1712602004.984823,11851034.00980999,215.5,-1.0166807074956467e-08,216.1,ASK
27,1712602020.5892954,11851034.00980999,215.5,-0.0,216.1,ASK
28,1712602046.3551655,11851061.78758776,216.0,1.0166784800752313e-08,216.1,BID
29,1712602050.344726,11851061.78758776,216.0,0.0,216.1,BID
30,1712602075.4804664,11851089.56536553,215.5,-1.0166762474282493e-08,216.1,ASK
31,1712602080.5748775,11851089.56536553,215.5,-0.0,216.1,ASK
32,1712602110.5849352,11851089.56536553,215.5,-0.0,216.1,ASK
33,1712602114.574617,11851117.3431433,216.0,1.0166740198910305e-08,216.1,BID
34,1712602140.364296,11851117.3431433,216.0,0.0,216.1,BID
35,1712602170.3643198,11851117.3431433,216.0,0.0,216.1,BID
36,1712602177.1146564,11851145.12092107,215.5,-1.0166717873318109e-08,216.1,ASK
37,1712602195.222693,11851376.60240255,216.0,8.472264896567848e-08,216.1,BID
38,1712602200.3944817,11851376.60240255,216.0,0.0,216.1,BID
39,1712602230.386002,11851376.60240255,216.0,0.0,216.1,BID
40,1712602237.7642078,11851404.38018032,216.0,1.0166509551168802e-08,216.1,BID
41,1712602260.4140716,11851404.38018032,216.0,0.0,216.1,BID
42,1712602277.0850308,11851432.15795809,215.5,-1.0166487225907874e-08,216.1,ASK
43,1712602290.3938396,11851432.15795809,215.5,-0.0,216.1,ASK
44,1712602317.7439072,11851459.93573586,216.0,1.01664649524235e-08,216.1,BID
45,1712602320.5740094,11851459.93573586,216.0,0.0,216.1,BID
46,1712602342.7739153,11851487.71351363,215.5,-1.0166442626676732e-08,216.1,ASK
47,1712602350.6138668,11851487.71351363,215.5,-0.0,216.1,ASK
48,1712602372.6438167,11851515.4912914,216.0,1.0166420354069493e-08,216.1,BID
49,1712602380.3538437,11851515.4912914,216.0,0.0,216.1,BID
50,1712602409.3366785,11851608.08388399,216.0,3.388799343839374e-08,216.1,BID
51,1712602410.3659546,11851608.08388399,216.0,0.0,216.1,BID
52,1712602440.563656,11851608.08388399,216.0,0.0,216.1,BID
53,1712602450.3234806,11851635.86166176,215.5,-1.01663236136778e-08,216.1,ASK
54,1712602470.5836024,11851635.86166176,215.5,-0.0,216.1,ASK
55,1712602479.3671644,11851663.63943953,216.0,1.0166301340910326e-08,216.1,BID
56,1712602500.3832784,11851663.63943953,216.0,0.0,216.1,BID
57,1712602518.5035503,11851691.4172173,215.5,-1.016627901588213e-08,216.1,ASK
58,1712602530.3638072,11851691.4172173,215.5,-0.0,216.1,ASK
59,1712602551.8043375,11851904.2742173,215.5,-7.790252084380907e-08,216.1,ASK
60,1712602556.2645717,11851932.06486111,215.9,1.0170965524337524e-08,216.1,BID
61,1712602560.5846467,11851932.06486111,215.9,0.0,216.1,BID
62,1712602588.31556,11851959.85550492,215.5,-1.0170772444044437e-08,216.1,ASK
63,1712602590.5755658,11851959.85550492,215.5,-0.0,216.1,ASK
64,1712602607.3757873,11852016.57831745,215.5,-2.075927272733005e-08,216.1,ASK
65,1712602607.385847,11853872.62750492,215.5,-6.792722285745461e-07,216.1,ASK
66,1712602613.6458752,11853900.43102669,215.8,1.017546319452532e-08,216.1,BID
67,1712602620.4079792,11853900.43102669,215.8,0.0,216.1,BID
68,1712602620.606313,11855527.75802669,215.5,-5.954739169401601e-07,216.1,ASK
69,1712602620.6893458,11856916.77163039,215.5,-5.082699244090534e-07,216.1,ASK
70,1712602650.3769133,11856916.77163039,215.5,-0.0,216.1,ASK
71,1712602656.2374582,11856944.57515216,215.1,-1.0171486694635266e-08,216.1,ASK
72,1712602680.5776603,11856944.57515216,215.1,-0.0,216.1,ASK
73,1712602682.5378127,11856972.35292993,216.0,1.0162046417746326e-08,216.1,BID
74,1712602710.568051,11856972.35292993,216.0,0.0,216.1,BID
75,1712602740.3489337,11856972.35292993,216.0,0.0,216.1,BID
76,1712602770.389385,11856972.35292993,216.0,0.0,216.1,BID
77,1712602789.1397274,11857000.1307077,215.1,-1.0162024112764229e-08,216.1,ASK
78,1712602800.4702291,11857000.1307077,215.1,-0.0,216.1,ASK
79,1712602816.7703683,11857027.92135151,215.9,1.0169312892275957e-08,216.1,BID
80,1712602830.380565,11857027.92135151,215.9,0.0,216.1,BID
81,1712602860.5808935,11857027.92135151,215.9,0.0,216.1,BID
82,1712602861.7113206,11857055.71199532,215.1,-1.016929056572432e-08,216.1,ASK
83,1712602881.9615138,11857102.00829161,216.0,1.694097093538606e-08,216.1,BID
84,1712602887.461597,11857129.79893542,215.9,1.016929056572432e-08,216.1,BID
85,1712602890.5915842,11857129.79893542,215.9,0.0,216.1,BID
86,1712602920.3721354,11857129.79893542,215.9,0.0,216.1,BID
87,1712602929.3517003,11857157.58957923,215.0,-1.0169208782089944e-08,216.1,ASK
88,1712602950.0723195,11857343.03232378,215.7,6.785758542991676e-08,216.1,BID
89,1712602950.4028192,11857343.03232378,215.7,0.0,216.1,BID
90,1712602980.5825438,11857343.03232378,215.7,0.0,216.1,BID
91,1712603005.953306,11857370.82296759,215.9,1.0169037706395408e-08,216.1,BID
92,1712603010.5929408,11857370.82296759,215.9,0.0,216.1,BID
93,1712603040.3739352,11857370.82296759,215.9,0.0,216.1,BID
94,1712603070.4166834,11857370.82296759,215.9,0.0,216.1,BID
95,1712603100.5804737,11857370.82296759,215.9,0.0,216.1,BID
96,1712603109.2142093,11857398.6136114,215.0,-1.0172550443118214e-08,216.1,ASK
97,1712603130.5877028,11857398.6136114,215.0,-0.0,216.1,ASK
98,1712603144.194682,11857426.39138917,216.0,1.0167818690994326e-08,216.1,BID
99,1712603160.382189,11857426.39138917,216.0,0.0,216.1,BID
100,1712603174.9447973,11857454.16916694,215.0,-1.016779635930159e-08,216.1,ASK
101,1712603190.3650138,11857454.16916694,215.0,-0.0,216.1,ASK
102,1712603215.5198505,11857481.95981075,215.9,1.0172483616301781e-08,216.1,BID
103,1712603220.5752263,11857481.95981075,215.9,0.0,216.1,BID
104,1712603242.356818,11857509.75045456,215.0,-1.0172461274461636e-08,216.1,ASK
105,1712603250.6050794,11857509.75045456,215.0,-0.0,216.1,ASK
106,1712603280.36562,11857509.75045456,215.0,-0.0,216.1,ASK
107,1712603282.8058045,11857537.56686624,215.7,1.0181871053034716e-08,216.1,BID
108,1712603310.1067162,11857565.38327792,215.0,-1.0181871053034716e-08,216.1,ASK
109,1712603310.355925,11857565.38327792,215.0,-0.0,216.1,ASK
110,1712603336.1961503,11857593.1996896,215.7,1.0181826403028769e-08,216.1,BID
111,1712603340.596248,11857593.1996896,215.7,0.0,216.1,BID
112,1712603370.5862372,11857593.1996896,215.7,0.0,216.1,BID
113,1712603378.8663373,11857621.01610128,215.0,-1.018180404086576e-08,216.1,ASK
114,1712603400.4065187,11857621.01610128,215.0,-0.0,216.1,ASK
115,1712603402.6267395,11857648.90975231,215.7,1.0211406644353851e-08,216.1,BID
116,1712603404.4907818,11857697.8179672,215.7,1.7904492674116952e-08,216.1,BID
117,1712603430.3966837,11857697.8179672,215.7,0.0,216.1,BID
118,1712603448.806769,11857725.63437888,215.7,1.0183068833267521e-08,216.1,BID
119,1712603460.5668705,11857725.63437888,215.7,0.0,216.1,BID
120,1712603490.5886073,11857725.63437888,215.7,0.0,216.1,BID
121,1712603510.1370938,11857753.45079056,215.0,-1.0183046466328688e-08,216.1,ASK
122,1712603520.3771615,11857753.45079056,215.0,-0.0,216.1,ASK
123,1712603544.5173242,11857781.26720224,215.7,1.01830241720739e-08,216.1,BID
124,1712603550.3973122,11857781.26720224,215.7,0.0,216.1,BID
125,1712603577.0976973,11857809.08361392,215.0,-1.0183001805331265e-08,216.1,ASK
126,1712603580.4149818,11857809.08361392,215.0,-0.0,216.1,ASK
127,1712603610.3681157,11857809.08361392,215.0,-0.0,216.1,ASK
128,1712603612.937664,11857836.88713569,215.8,1.0178260797839137e-08,216.1,BID
129,1712603640.587654,11857836.88713569,215.8,0.0,216.1,BID
130,1712603670.5980914,11857836.88713569,215.8,0.0,216.1,BID
131,1712603700.428434,11857836.88713569,215.8,0.0,216.1,BID
132,1712603730.358421,11857836.88713569,215.8,0.0,216.1,BID
133,1712603742.528303,11857864.69065746,215.0,-1.0199826649167973e-08,216.1,ASK
134,1712603760.5822096,11857864.69065746,215.0,-0.0,216.1,ASK
135,1712603767.638404,11857892.50706914,215.7,1.0204532983887969e-08,216.1,BID
136,1712603778.758823,11861682.20894683,215.0,-1.3902633543397154e-06,216.1,ASK
137,1712603778.7609155,11861931.99006914,215.0,-9.16329442687785e-08,216.1,ASK
138,1712603790.598211,11861931.99006914,215.0,-0.0,216.1,ASK
139,1712603795.3793654,11862171.16506914,215.0,-8.771391749855818e-08,216.1,ASK
140,1712603799.6284192,11862330.58006914,215.0,-5.84631092627184e-08,216.1,ASK
141,1712603810.6684291,11862793.41006914,215.0,-1.6973610300298008e-07,216.1,ASK
142,1712603820.378312,11862793.41006914,215.0,-0.0,216.1,ASK
143,1712603820.574659,11862821.18556782,214.7,-1.0185564270629893e-08,216.1,ASK
144,1712603820.5756826,11862821.22648082,215.0,-1.5003222227642666e-11,216.1,ASK
145,1712603850.3994987,11862821.22648082,215.0,-0.0,216.1,ASK
146,1712603853.1288328,11862849.0428925,215.7,1.0200545153669982e-08,216.1,BID
147,1712603880.6111703,11862849.0428925,215.7,0.0,216.1,BID
148,1712603880.7733438,11862876.85930418,214.7,-1.020052270920942e-08,216.1,ASK
149,1712603884.2390573,11863616.5559642,214.7,-2.712532682274589e-07,216.1,ASK
150,1712603907.951139,11863644.38527774,215.6,1.0205253935144945e-08,216.1,BID
151,1712603910.598621,11863644.38527774,215.6,0.0,216.1,BID
152,1712603940.3586528,11863644.38527774,215.6,0.0,216.1,BID
153,1712603950.4888306,11863672.21459128,214.7,-1.020461483594923e-08,216.1,ASK
154,1712603970.372093,11863672.21459128,214.7,-0.0,216.1,ASK
155,1712603992.0090222,11863700.04390482,215.6,1.0204592479076218e-08,216.1,BID
156,1712604000.3989248,11863700.04390482,215.6,0.0,216.1,BID
157,1712604020.598994,11863727.87321836,214.7,-1.0204570027215241e-08,216.1,ASK
158,1712604030.3890069,11863727.87321836,214.7,-0.0,216.1,ASK
159,1712604059.6991432,11863755.68963004,215.7,1.0199816772715176e-08,216.1,BID
160,1712604060.61053,11863755.68963004,215.7,0.0,216.1,BID
161,1712604068.4294047,11863802.05031617,215.7,1.6999657217733657e-08,216.1,BID
162,1712604088.2192163,11863829.86672785,214.7,-1.0199794331459794e-08,216.1,ASK
163,1712604090.609228,11863829.86672785,214.7,-0.0,216.1,ASK
164,1712604120.3963077,11863829.86672785,214.7,-0.0,216.1,ASK
165,1712604126.7393892,11863857.73481888,215.3,1.0218684402374576e-08,216.1,BID
166,1712604150.3796031,11863857.73481888,215.3,0.0,216.1,BID
167,1712604150.559786,11863885.60290991,214.7,-1.0218661920472737e-08,216.1,ASK
168,1712604180.5792606,11863885.60290991,214.7,-0.0,216.1,ASK
169,1712604193.2896345,11863913.47100094,215.3,1.0218639501322178e-08,216.1,BID
170,1712604210.6194143,11863913.47100094,215.3,0.0,216.1,BID
171,1712604227.5094116,11864118.47100094,215.3,7.51689983631501e-08,216.1,BID
172,1712604240.369985,11864118.47100094,215.3,0.0,216.1,BID
173,1712604251.2623436,11864146.33909197,214.7,-1.0218451645368052e-08,216.1,ASK
174,1712604270.3896625,11864146.33909197,214.7,-0.0,216.1,ASK
175,1712604300.609589,11864146.33909197,214.7,-0.0,216.1,ASK
176,1712604325.579892,11864174.22013286,215.2,1.0223177569067935e-08,216.1,BID
177,1712604330.579558,11864174.22013286,215.2,0.0,216.1,BID
178,1712604360.4099607,11864174.22013286,215.2,0.0,216.1,BID
179,1712604388.6799326,11864202.10117375,214.7,-1.022315507784243e-08,216.1,ASK
180,1712604390.3900108,11864202.10117375,214.7,-0.0,216.1,ASK
181,1712604411.7597847,11865656.98517375,214.7,-5.33461866260194e-07,216.1,ASK
182,1712604420.4019842,11865656.98517375,214.7,-0.0,216.1,ASK
183,1712604426.1500852,11865684.86621464,215.2,1.022196187410565e-08,216.1,BID
184,1712604450.379907,11865684.86621464,215.2,0.0,216.1,BID
185,1712604459.3399131,11865712.74725553,214.7,-1.0221939388228931e-08,216.1,ASK
186,1712604480.6001976,11865712.74725553,214.7,-0.0,216.1,ASK
187,1712604485.4303925,11865740.61534656,215.3,1.0217169198282562e-08,216.1,BID
188,1712604486.8799105,11865929.45989497,214.7,-6.923533805010068e-08,216.1,ASK
189,1712604510.6108716,11865929.45989497,214.7,-0.0,216.1,ASK
190,1712604526.9000082,11865957.327986,214.7,-1.0216994849519733e-08,216.1,ASK
191,1712604538.320487,11866046.17738626,214.7,-3.2573952189838065e-08,216.1,ASK
192,1712604540.4103682,11866046.17738626,214.7,-0.0,216.1,ASK
193,1712604552.680213,11866074.04547729,215.3,1.021690098464017e-08,216.1,BID
194,1712604570.3903282,11866074.04547729,215.3,0.0,216.1,BID
195,1712604574.853227,11869776.45953124,215.5,1.3573629619736198e-06,216.1,BID
196,1712604574.861005,11872657.4599705,215.7,1.0562198697114686e-06,216.1,BID
197,1712604574.8632135,11877330.09204874,216.1,1.7130600806695323e-06,216.1,BID
198,1712604574.8659327,11877342.57466507,216.2,4.57632259044634e-09,216.2,BID
199,1712604574.8683865,11877659.20429478,216.0,1.1608137981599785e-07,216.2,BID
200,1712604574.8708832,11880251.60046095,215.3,9.504130244338883e-07,216.2,BID
201,1712604574.8733337,11883880.0777362,215.7,1.3302565812521256e-06,216.2,BID
202,1712604595.5408635,11883907.94582723,214.7,-1.0216878510584956e-08,216.2,ASK
203,1712604600.4901907,11883907.94582723,214.7,-0.0,216.2,ASK
204,1712604621.2108495,11883935.81391826,215.3,1.020248945570792e-08,216.2,BID
205,1712604630.3901296,11883935.81391826,215.3,0.0,216.2,BID
206,1712604660.6100771,11883935.81391826,215.3,0.0,216.2,BID
207,1712604663.8219986,11883963.68200929,214.7,-1.0202467045009825e-08,216.2,ASK
208,1712604690.6002254,11883963.68200929,214.7,-0.0,216.2,ASK
209,1712604694.2402706,11884072.89174916,214.7,-3.9981437199117444e-08,216.2,ASK
210,1712604703.8403895,11884100.75984019,215.3,1.0202444696864107e-08,216.2,BID
211,1712604720.370149,11884100.75984019,215.3,0.0,216.2,BID
212,1712604732.480416,11884128.62793122,214.7,-1.0202334709565257e-08,216.2,ASK
213,1712604750.4105482,11884128.62793122,214.7,-0.0,216.2,ASK
214,1712604758.3601854,11884156.49602225,215.3,1.0202312361999293e-08,216.2,BID
215,1712604780.4403734,11884156.49602225,215.3,0.0,216.2,BID
216,1712604803.8750262,11884184.36411328,214.7,-1.0202289952079193e-08,216.2,ASK
217,1712604810.394128,11884184.36411328,214.7,-0.0,216.2,ASK
218,1712604827.470826,11884212.24515417,215.2,1.0207008436587584e-08,216.2,BID
219,1712604840.6204543,11884212.24515417,215.2,0.0,216.2,BID
220,1712604841.2907715,11903081.24515417,215.1,6.907762873913196e-06,216.2,BID
221,1712604842.7707863,11904586.7284297,215.2,5.511432231700906e-07,216.2,BID
222,1712604842.8502336,11905886.24515417,215.2,4.75740812090205e-07,216.2,BID
223,1712604843.0304818,11907750.95761417,215.3,-6.826536383333412e-07,216.2,ASK
224,1712604843.2103498,11909615.67007417,215.3,-6.826536383333412e-07,216.2,ASK
225,1712604843.5633678,11910889.79032417,215.3,-4.6644340239805174e-07,216.2,ASK
226,1712604843.565895,11915524.42132417,215.3,-1.696694682075421e-06,216.2,ASK
227,1712604844.51288,11917389.13378417,215.2,-6.826536383333412e-07,216.2,ASK
228,1712604844.6604068,11918497.36857417,215.2,-4.057143005961281e-07,216.2,ASK
229,1712604855.6604116,11918498.39901953,215.2,-3.772363240748089e-10,216.2,ASK
230,1712604867.080528,11918526.28006042,214.7,-1.020698601645066e-08,216.2,ASK
231,1712604870.5904975,11918526.28006042,214.7,-0.0,216.2,ASK
232,1712604891.6446676,11918554.14815145,215.3,1.0174742774442352e-08,216.2,BID
233,1712604900.380329,11918554.14815145,215.3,0.0,216.2,BID
234,1712604930.3805268,11918554.14815145,215.3,0.0,216.2,BID
235,1712604935.6508174,11918582.01624248,214.7,-1.017509815587854e-08,216.2,ASK
236,1712604960.593586,11918582.01624248,214.7,-0.0,216.2,ASK
237,1712604972.3107626,11918609.87139568,215.4,1.0170352123098052e-08,216.2,BID
238,1712604990.6006324,11918609.87139568,215.4,0.0,216.2,BID
239,1712605020.4706695,11918609.87139568,215.4,0.0,216.2,BID
240,1712605037.170815,11918637.72654888,214.7,-1.0170329843699117e-08,216.2,ASK
241,1712605050.3907466,11918637.72654888,214.7,-0.0,216.2,ASK
242,1712605080.5906088,11918637.72654888,214.7,-0.0,216.2,ASK
243,1712605090.3511016,11920450.07954888,214.7,-6.617155332856267e-07,216.2,ASK
244,1712605092.6907308,11921736.01354888,214.7,-4.695125632701244e-07,216.2,ASK
245,1712605110.600696,11921736.01354888,214.7,-0.0,216.2,ASK
246,1712605114.6907735,11921763.88163991,215.3,1.0172560761792375e-08,216.2,BID
247,1712605140.3710716,11921763.88163991,215.3,0.0,216.2,BID
248,1712605170.3708043,11921763.88163991,215.3,0.0,216.2,BID
249,1712605181.0409925,11921791.74973094,214.7,-1.0172538482383496e-08,216.2,ASK
250,1712605191.3807907,11921838.19654933,215.3,1.6954230806012228e-08,216.2,BID
251,1712605198.7069426,11922207.15454933,214.7,-1.3467874241340777e-07,216.2,ASK
252,1712605200.4434087,11922207.15454933,214.7,-0.0,216.2,ASK
253,1712605201.2914493,11924398.08454933,214.7,-7.997155334332456e-07,216.2,ASK
254,1712605207.2611938,11925934.20454933,214.7,-5.607020877969579e-07,216.2,ASK
255,1712605230.38449,11925934.20454933,214.7,-0.0,216.2,ASK
256,1712605260.6014335,11925934.20454933,214.7,-0.0,216.2,ASK
257,1712605264.9955027,11925962.08559022,215.2,1.0173940232411802e-08,216.2,BID
258,1712605290.5813355,11925962.08559022,215.2,0.0,216.2,BID
259,1712605320.3793175,11925962.08559022,215.2,0.0,216.2,BID
260,1712605333.0516264,11925989.41948435,214.5,-9.974261629946131e-09,216.2,ASK
261,1712605333.0557604,11925989.96663111,214.7,-1.9965632804444823e-10,216.2,ASK
262,1712605341.3409605,11930646.15963111,214.5,-1.699065890785547e-06,216.2,ASK
263,1712605350.4109735,11930646.15963111,214.5,-0.0,216.2,ASK
264,1712605357.0213284,11930887.86963111,214.5,-8.816874703779909e-08,216.2,ASK
265,1712605380.5910532,11930887.86963111,214.5,-0.0,216.2,ASK
266,1712605394.0675666,11930915.77660785,215.0,1.0179457365614927e-08,216.2,BID
267,1712605410.6012046,11930915.77660785,215.0,0.0,216.2,BID
268,1712605434.421531,11930916.94253082,214.5,-4.252856658603617e-10,216.2,ASK
269,1712605434.4257524,11930943.68358459,214.1,-9.754149420533168e-09,216.2,ASK
270,1712605440.381281,11930943.68358459,214.1,-0.0,216.2,ASK
271,1712605470.3899317,11930943.68358459,214.1,-0.0,216.2,ASK
272,1712605479.0214667,11930971.59056133,215.0,1.0179412900155236e-08,216.2,BID
273,1712605500.3914518,11930971.59056133,215.0,0.0,216.2,BID
274,1712605508.6923802,11930972.85979013,214.1,-4.629691602891489e-10,216.2,ASK
275,1712605508.6967945,11930999.49753807,214.1,-9.716495404715398e-09,216.2,ASK
276,1712605530.4026492,11930999.49753807,214.1,-0.0,216.2,ASK
277,1712605560.591237,11930999.49753807,214.1,-0.0,216.2,ASK
278,1712605590.591197,11930999.49753807,214.1,-0.0,216.2,ASK
279,1712605592.051786,11931027.41750084,214.9,1.0184179208358196e-08,216.2,BID
280,1712605612.2815232,11935690.44850084,214.1,-1.7009028180742348e-06,216.2,ASK
281,1712605612.7615662,11936383.77190084,214.2,2.528989674092078e-07,216.2,BID
282,1712605612.7648964,11939368.06857445,214.2,1.0885620580508125e-06,216.2,BID
283,1712605613.0413888,11941344.15583412,214.2,7.208042126959302e-07,216.2,BID
284,1712605613.0613403,11942556.71463012,214.1,-4.42297010934921e-07,216.2,ASK
285,1712605613.181569,11943804.38236312,214.2,-4.551034644807698e-07,216.2,ASK
286,1712605613.3018572,11944282.38236312,214.2,-1.7435688225953733e-07,216.2,ASK
287,1712605614.041335,11944698.60112936,214.2,-1.5182135234223397e-07,216.2,ASK
288,1712605614.1415112,11946574.30599936,214.1,-6.841883957573012e-07,216.2,ASK
289,1712605614.1616583,11948550.83651536,214.2,7.209658963612459e-07,216.2,BID
290,1712605614.1649914,11948550.83651612,214.2,2.772052727993937e-16,216.2,BID
291,1712605614.4017591,11950681.01759012,214.3,-7.770119889352904e-07,216.2,ASK
292,1712605614.881747,11954044.64343249,214.3,-1.2269274371616304e-06,216.2,ASK
293,1712605614.962433,11955318.76368249,214.1,-4.647523732503927e-07,216.2,ASK
294,1712605615.0815773,11959697.84510776,214.1,-1.5973284193948529e-06,216.2,ASK
295,1712605615.091191,11959987.22168249,214.1,-1.0555396939111734e-07,216.2,ASK
296,1712605615.1217327,11969620.28411523,214.1,-3.5137881430627618e-06,216.2,ASK
297,1712605615.1318593,11969987.73261523,214.1,-1.340317465500695e-07,216.2,ASK
298,1712605615.1343117,11980821.28160816,214.0,-3.951681644797535e-06,216.2,ASK
299,1712605615.1368215,11983351.22168249,214.1,-9.228294218905336e-07,216.2,ASK
300,1712605615.1442146,11984278.23215649,214.2,3.38139447842255e-07,216.2,BID
301,1712605615.161293,11984278.23215712,214.2,2.2964554462302715e-16,216.2,BID
302,1712605615.2212827,11985205.24263049,214.2,-3.3813944761193e-07,216.2,ASK
303,1712605615.3413548,11987193.6288507,214.1,7.252904227695485e-07,216.2,BID
304,1712605615.371393,11987237.44126312,214.1,1.5981162413954806e-08,216.2,BID
305,1712605615.6713502,11996715.29901812,214.0,-3.45717516456305e-06,216.2,ASK
306,1712605616.2116344,11997991.41788812,214.0,-4.654813965808856e-07,216.2,ASK
307,1712605617.5715773,12002660.96388812,214.0,-1.7032792513127803e-06,216.2,ASK
308,1712605619.961492,12007330.51088812,214.0,-1.7032796160761923e-06,216.2,ASK
309,1712605620.3814087,12007330.51088812,214.0,-0.0,216.2,ASK
310,1712605620.3915625,12007358.43085089,214.0,-1.0123832670593191e-08,216.2,ASK
311,1712605622.3516955,12008632.55110089,214.0,-4.619984747028477e-07,216.2,ASK
312,1712605622.6116056,12010507.25666089,214.0,-6.797718733670891e-07,216.2,ASK
313,1712605622.934135,12015176.80266089,214.0,-1.693186439470964e-06,216.2,ASK
314,1712605623.101467,12016248.06298089,214.0,-3.884410704954795e-07,216.2,ASK
315,1712605625.141573,12016586.89498089,214.0,-1.2286114060328268e-07,216.2,ASK
316,1712605626.6515129,12021255.34398089,214.0,-1.6927886651421984e-06,216.2,ASK
317,1712605629.0515318,12021581.13798089,214.0,-1.1813353650667305e-07,216.2,ASK
318,1712605629.295251,12041102.7087234,214.0,-7.078559427060116e-06,216.2,ASK
319,1712605632.8125513,12041429.5287234,214.0,-1.185055660975167e-07,216.2,ASK
320,1712605634.0614748,12057032.88331399,214.0,-5.657806648235634e-06,216.2,ASK
321,1712605640.221493,12062076.96963723,214.0,-1.828995487362597e-06,216.2,ASK
322,1712605645.8717425,12063268.67163723,214.0,-4.321134573446073e-07,216.2,ASK
323,1712605649.1413891,12063296.61760835,214.7,1.013326334904558e-08,216.2,BID
324,1712605650.3818278,12063296.61760835,214.7,0.0,216.2,BID
325,1712605655.2016935,12067947.45460835,214.0,-1.6791104809005242e-06,216.2,ASK
326,1712605668.3715343,12068279.88060835,214.0,-1.2001710245391117e-07,216.2,ASK
327,1712605680.601622,12068279.88060835,214.0,-0.0,216.2,ASK
328,1712605691.4213514,12068307.82657947,214.0,-1.0085563835525882e-08,216.2,ASK
329,1712605695.6316214,12070878.34682976,214.0,-9.276881437885064e-07,216.2,ASK
330,1712605704.141755,12070935.14782976,214.0,-2.0499202155084565e-08,216.2,ASK
331,1712605710.6016922,12070935.14782976,214.0,-0.0,216.2,ASK
332,1712605714.7017586,12071019.31434703,214.0,-3.0369055250821795e-08,216.2,ASK
333,1712605714.7054634,12071886.64103721,214.0,-3.129497694418216e-07,216.2,ASK
334,1712605716.4614944,12076552.98103721,214.0,-1.683713926563994e-06,216.2,ASK
335,1712605719.0516033,12080094.54915778,214.0,-1.2778725010344875e-06,216.2,ASK
336,1712605722.511695,12082218.00315778,214.0,-7.661870057085389e-07,216.2,ASK
337,1712605723.4049697,12083091.18754056,214.0,-3.150633485224216e-07,216.2,ASK
338,1712605731.861858,12083119.14653403,214.6,1.0088194747628998e-08,216.2,BID
339,1712605740.3928103,12083119.14653403,214.6,0.0,216.2,BID
340,1712605742.9016223,12084109.29453403,214.0,-3.569304884191487e-07,216.2,ASK
341,1712605758.7617145,12084137.2535275,214.0,-1.0078712672307761e-08,216.2,ASK
342,1712605770.3846476,12084137.2535275,214.0,-0.0,216.2,ASK
343,1712605773.261671,12085412.3730875,214.8,-4.596214953011079e-07,216.2,ASK
344,1712605773.301427,12085896.3730875,214.8,-1.74459564972726e-07,216.2,ASK
345,1712605773.3818383,12089056.80604839,214.8,-1.1391895857073852e-06,216.2,ASK
346,1712605773.3861742,12093907.8866746,214.8,-1.7485897018517567e-06,216.2,ASK
347,1712605773.4616184,12095430.3730866,214.5,5.487857791619648e-07,216.2,BID
348,1712605773.481502,12095430.3730875,214.5,3.2428486519695843e-16,216.2,BID
349,1712605773.5418868,12098590.80604839,214.1,-1.1391895857073852e-06,216.2,ASK
350,1712605773.5467134,12099616.63831624,214.1,-3.697649817855519e-07,216.2,ASK
351,1712605773.55149,12100806.53230537,214.1,-4.289016274940196e-07,216.2,ASK
352,1712605774.2221832,12100840.19500537,214.2,-1.2133842971091066e-08,216.2,ASK
353,1712605774.3417013,12105447.73230537,214.2,1.6608036218049642e-06,216.2,BID
354,1712605778.091666,12106722.24730537,214.1,-4.594035794448716e-07,216.2,ASK
355,1712605785.878186,12107299.51730537,214.1,-2.080790765944784e-07,216.2,ASK
356,1712605798.552267,12107327.47629884,214.6,1.0077921152692504e-08,216.2,BID
357,1712605800.0649354,12108283.23729884,214.1,-3.445075377642297e-07,216.2,ASK
358,1712605800.4215417,12108283.23729884,214.1,-0.0,216.2,ASK
359,1712605804.422606,12108566.27223099,214.1,-1.0186525095483226e-07,216.2,ASK
360,1712605804.4265697,12109910.62129884,214.1,-4.83835878940447e-07,216.2,ASK
361,1712605814.9216335,12112250.34989032,214.1,-8.420764120072941e-07,216.2,ASK
362,1712605830.4017346,12112250.34989032,214.1,-0.0,216.2,ASK
363,1712605856.9716167,12112278.30888379,214.1,-1.0059463397015013e-08,216.2,ASK
364,1712605860.5915596,12112278.30888379,214.1,-0.0,216.2,ASK
365,1712605885.0618155,12112306.26787726,214.1,-1.0059441731682372e-08,216.2,ASK
366,1712605889.5763028,12113628.60929716,214.1,-4.757687889231294e-07,216.2,ASK
367,1712605889.5801966,12114600.24852648,214.1,-3.495887011077597e-07,216.2,ASK
368,1712605890.6017463,12114600.24852648,214.1,-0.0,216.2,ASK
369,1712605892.961882,12114628.20751995,214.6,1.0057642793881969e-08,216.2,BID
370,1712605896.7417068,12115098.57440612,214.1,-1.692043073081384e-07,216.2,ASK
371,1712605920.392604,12115098.57440612,214.1,-0.0,216.2,ASK
372,1712605929.2021198,12119264.42240612,214.1,-1.498516137397393e-06,216.2,ASK
373,1712605930.882321,12123931.86640612,214.1,-1.6789475166640776e-06,216.2,ASK
374,1712605933.295017,12128599.31040612,214.1,-1.6789475166640776e-06,216.2,ASK
375,1712605936.3910315,12131888.07541194,214.1,-1.1830166231051109e-06,216.2,ASK
376,1712605936.3949907,12133266.75440612,214.1,-4.959308935589668e-07,216.2,ASK
377,1712605939.3319318,12134572.62340612,214.1,-4.69740079288983e-07,216.2,ASK
378,1712605945.0720253,12134572.62411194,214.1,-2.5389357129538493e-13,216.2,ASK
379,1712605945.0818365,12137970.89832135,214.0,-1.2224086769615783e-06,216.2,ASK
380,1712605945.0853193,12138157.72690612,214.1,-6.72049602403668e-08,216.2,ASK
381,1712605950.4317677,12138157.72690612,214.1,-0.0,216.2,ASK
382,1712605955.5119524,12140482.37918056,214.0,-8.34728954659606e-07,216.2,ASK
383,1712605957.911883,12140510.33817403,214.0,-1.0039428971554962e-08,216.2,ASK
384,1712605971.0524273,12141313.64332323,214.0,-2.88448330460828e-07,216.2,ASK
385,1712605971.1119013,12141455.33693796,214.0,-5.0878905291141504e-08,216.2,ASK
386,1712605971.1159823,12143985.07207039,214.0,-9.0836947352406e-07,216.2,ASK
387,1712605971.1216376,12146682.30624034,214.0,-9.685145102823409e-07,216.2,ASK
388,1712605980.5917733,12146682.30624034,214.0,-0.0,216.2,ASK
389,1712605994.3418784,12146710.30437379,214.3,1.0046902014610634e-08,216.2,BID
390,1712606008.0224516,12147687.39837379,214.0,-3.506222189772578e-07,216.2,ASK
391,1712606010.5974152,12147687.39837379,214.0,-0.0,216.2,ASK
392,1712606013.4620368,12148350.62737379,214.0,-2.379759531396972e-07,216.2,ASK
393,1712606016.5645227,12149238.81753218,214.0,-3.186952010722567e-07,216.2,ASK
394,1712606024.2917757,12149266.81566563,214.0,-1.0046126592882705e-08,216.2,ASK
395,1712606038.382275,12150238.41573774,214.3,3.4862385877411e-07,216.2,BID
396,1712606038.3864183,12152070.55398338,214.3,6.5739713626714e-07,216.2,BID
397,1712606040.4157355,12152070.55398338,214.3,0.0,216.2,BID
398,1712606060.0221312,12152098.55211683,214.3,1.0042743515995322e-08,216.2,BID
399,1712606070.362037,12152098.55211683,214.3,0.0,216.2,BID
400,1712606071.2620764,12154279.52415997,214.3,7.822984251720281e-07,216.2,BID
401,1712606087.502466,12154307.52229342,214.0,-1.0042721902451605e-08,216.2,ASK
402,1712606100.4010122,12154307.52229342,214.0,-0.0,216.2,ASK
403,1712606130.4022276,12154307.52229342,214.0,-0.0,216.2,ASK
404,1712606135.1850502,12154477.10729342,214.0,-6.081854948322899e-08,216.2,ASK
405,1712606142.224409,12154505.10542687,214.3,1.0041016980994792e-08,216.2,BID
406,1712606151.0427537,12156944.42787687,214.0,-8.748182512112426e-07,216.2,ASK
407,1712606151.0478082,12158153.19317687,214.0,-4.335015019729649e-07,216.2,ASK
408,1712606160.5920882,12158153.19317687,214.0,-0.0,216.2,ASK
409,1712606190.582376,12158153.19317687,214.0,-0.0,216.2,ASK
410,1712606213.672189,12158181.19131032,213.9,-1.0038054275507724e-08,216.2,ASK
411,1712606220.3922138,12158181.19131032,213.9,-0.0,216.2,ASK
412,1712606250.3823197,12158181.19131032,213.9,-0.0,216.2,ASK
413,1712606252.222204,12158209.18944377,214.3,1.0038032722448058e-08,216.2,BID
414,1712606280.6022072,12158209.18944377,214.3,0.0,216.2,BID
415,1712606310.6222434,12158209.18944377,214.3,0.0,216.2,BID
416,1712606314.2023208,12158237.18757722,213.9,-1.0038011128508473e-08,216.2,ASK
417,1712606338.7125793,12158265.18571067,214.3,1.0038011129176275e-08,216.2,BID
418,1712606339.0321977,12158434.49185117,214.3,6.070036509963959e-08,216.2,BID
419,1712606339.041996,12162371.5786178,214.3,1.411541267545281e-06,216.2,BID
420,1712606340.3723829,12162371.5786178,214.3,0.0,216.2,BID
421,1712606370.382551,12162371.5786178,214.3,0.0,216.2,BID
422,1712606373.5446818,12162876.3116629,213.9,-1.809012083185847e-07,216.2,ASK
423,1712606373.5480611,12163343.81984429,213.9,-1.6755945689244136e-07,216.2,ASK
424,1712606400.503829,12163343.81984429,213.9,-0.0,216.2,ASK
425,1712606430.3922298,12163343.81984429,213.9,-0.0,216.2,ASK
426,1712606446.8430169,12163344.04019996,213.8,-7.898069915082485e-11,216.2,ASK
427,1712606446.848004,12163371.81797774,213.8,-9.95621451220806e-09,216.2,ASK
428,1712606451.1862144,12163707.95243152,213.8,-1.204785621553562e-07,216.2,ASK
429,1712606460.6024635,12163707.95243152,213.8,-0.0,216.2,ASK
430,1712606483.032857,12163735.93750614,214.4,1.003023473480258e-08,216.2,BID
431,1712606490.594796,12163735.93750614,214.4,0.0,216.2,BID
432,1712606520.422732,12163735.93750614,214.4,0.0,216.2,BID
433,1712606544.9829552,12163760.25851614,213.7,-8.716964954389266e-09,216.2,ASK
434,1712606544.9879591,12163763.92258076,213.7,-1.3132482112847603e-09,216.2,ASK
435,1712606550.4137068,12163763.92258076,213.7,-0.0,216.2,ASK
436,1712606561.216427,12163814.07207401,213.7,-1.797418931623574e-08,216.2,ASK
437,1712606569.463004,12163842.05714863,214.4,1.0030191666393969e-08,216.2,BID
438,1712606580.3941176,12163842.05714863,214.4,0.0,216.2,BID
439,1712606608.5955298,12163870.04222325,213.7,-1.0030131570285432e-08,216.2,ASK
440,1712606610.3827715,12163870.04222325,213.7,-0.0,216.2,ASK
441,1712606640.6107504,12163870.04222325,213.7,-0.0,216.2,ASK
442,1712606645.3917534,12163898.02729787,214.4,1.0030110070687574e-08,216.2,BID
443,1712606670.5805762,12163898.02729787,214.4,0.0,216.2,BID
444,1712606673.4407651,12163926.01237249,213.7,-1.0030088502095184e-08,216.2,ASK
445,1712606698.0301883,12163953.99744711,214.4,1.0030088502095184e-08,216.2,BID
446,1712606700.3707235,12163953.99744711,214.4,0.0,216.2,BID
447,1712606730.3793502,12163953.99744711,214.4,0.0,216.2,BID
448,1712606742.779039,12163981.98252173,213.7,-1.0030045433607206e-08,216.2,ASK
449,1712606760.6222577,12163981.98252173,213.7,-0.0,216.2,ASK
450,1712606790.587543,12163981.98252173,213.7,-0.0,216.2,ASK
451,1712606794.0503774,12164028.77709355,214.4,1.6771464138798277e-08,216.2,BID
452,1712606797.1677265,12164056.76216817,214.4,1.0030023935713772e-08,216.2,BID
453,1712606799.5174608,12164110.345802,213.7,-1.9204705978130603e-08,216.2,ASK
454,1712606817.627197,12164203.62938408,214.4,3.3433413123051416e-08,216.2,BID
455,1712606820.3569689,12164203.62938408,214.4,0.0,216.2,BID
456,1712606850.3669765,12164203.62938408,214.4,0.0,216.2,BID
457,1712606869.166085,12164231.6144587,213.7,-1.0029853243574236e-08,216.2,ASK
458,1712606880.5656235,12164231.6144587,213.7,-0.0,216.2,ASK
459,1712606908.9551566,12164259.59953332,214.4,1.0029831745169528e-08,216.2,BID
460,1712606910.605579,12164259.59953332,214.4,0.0,216.2,BID
461,1712606936.3549554,12164287.58460794,213.7,-1.0029810177774152e-08,216.2,ASK
462,1712606940.394714,12164287.58460794,213.7,-0.0,216.2,ASK
463,1712606970.3738148,12164287.58460794,213.7,-0.0,216.2,ASK
464,1712606973.4439733,12164315.56968256,214.4,1.0029788680221628e-08,216.2,BID
465,1712607000.132923,12164343.55475718,213.7,-1.002978867955406e-08,216.2,ASK
466,1712607000.4851255,12164343.55475718,213.7,-0.0,216.2,ASK
467,1712607001.9339778,12164369.27793357,214.4,9.219996828237082e-09,216.2,BID
468,1712607002.944,12164413.76299197,214.4,1.5944846435048174e-08,216.2,BID
469,1712607029.4533052,12164441.74806659,214.4,1.0030732414702313e-08,216.2,BID
470,1712607030.3738258,12164441.74806659,214.4,0.0,216.2,BID
471,1712607060.5924067,12164441.74806659,214.4,0.0,216.2,BID
472,1712607090.581814,12164441.74806659,214.4,0.0,216.2,BID
473,1712607102.8452663,12164469.73314121,213.7,-1.0030656724722148e-08,216.2,ASK
474,1712607120.36156,12164469.73314121,213.7,-0.0,216.2,ASK
475,1712607138.4615772,12164497.71821583,214.4,1.0030635223540553e-08,216.2,BID
476,1712607150.3911357,12164497.71821583,214.4,0.0,216.2,BID
477,1712607180.5808845,12164497.71821583,214.4,0.0,216.2,BID
478,1712607202.240699,12164525.70329045,213.7,-1.0030613651354262e-08,216.2,ASK
479,1712607210.5804954,12164525.70329045,213.7,-0.0,216.2,ASK
480,1712607237.210165,12164553.68836507,214.4,1.0030592151024948e-08,216.2,BID
481,1712607240.360151,12164553.68836507,214.4,0.0,216.2,BID
482,1712607270.3998525,12164553.68836507,214.4,0.0,216.2,BID
483,1712607300.385167,12164553.68836507,214.4,0.0,216.2,BID
484,1712607301.0400653,12164581.67343969,213.8,-1.0038548328070349e-08,216.2,ASK
485,1712607330.379408,12164581.67343969,213.8,-0.0,216.2,ASK
486,1712607338.0090077,12164609.65851431,214.4,1.0038526782298093e-08,216.2,BID
487,1712607352.6788504,12164702.94209639,214.4,3.3461755947229696e-08,216.2,BID
488,1712607359.8272622,12164732.12960337,213.8,-1.0469851322939471e-08,216.2,ASK
489,1712607359.831503,12165128.15609639,213.8,-1.4205867273297468e-07,216.2,ASK
490,1712607360.598833,12165128.15609639,213.8,-0.0,216.2,ASK
491,1712607364.2789104,12165128.20018941,213.8,-1.5815945072353988e-11,216.2,ASK
492,1712607364.2814312,12165156.14117101,213.7,-1.0022289869257497e-08,216.2,ASK
493,1712607389.9088116,12165184.12624563,214.4,1.0038105814329853e-08,216.2,BID
494,1712607390.5984182,12165184.12624563,214.4,0.0,216.2,BID
495,1712607409.948343,12165277.45335715,214.3,-3.3475822653857585e-08,216.2,ASK
496,1712607420.3597956,12165277.45335715,214.3,-0.0,216.2,ASK
497,1712607430.9383397,12165305.43843177,213.8,-1.003799066571962e-08,216.2,ASK
498,1712607450.3678174,12165305.43843177,213.8,-0.0,216.2,ASK
499,1712607454.3681593,12165333.43656522,214.3,1.0042653196692518e-08,216.2,BID
500,1712607467.6977592,12165791.92856522,213.8,-1.644565398462557e-07,216.2,ASK
501,1712607470.6477704,12165818.51119209,213.8,-9.534925004237656e-09,216.2,ASK
502,1712607470.651967,12165847.91956522,213.8,-1.0548492203212033e-08,216.2,ASK
503,1712607480.5877204,12165847.91956522,213.8,-0.0,216.2,ASK
504,1712607489.9895525,12165848.03519209,213.8,-4.1472487552862416e-11,216.2,ASK
505,1712607489.9974256,12167370.02856522,213.8,-5.45901237089919e-07,216.2,ASK
506,1712607492.237784,12170226.24556522,213.8,-1.024454127871398e-06,216.2,ASK
507,1712607497.4174612,12170870.87056522,213.8,-2.312109836819327e-07,216.2,ASK
508,1712607510.5795531,12170870.87056522,213.8,-0.0,216.2,ASK
509,1712607521.1442325,12170871.58515705,213.8,-2.5620766121871457e-10,216.2,ASK
510,1712607522.077726,12173854.98356522,213.7,-1.0696589262672128e-06,216.2,ASK
511,1712607525.377429,12173855.14504846,213.7,-5.789772762999802e-11,216.2,ASK
512,1712607525.383081,12173882.98169867,213.5,-9.980471026740146e-09,216.2,ASK
513,1712607540.3685997,12173882.98169867,213.5,-0.0,216.2,ASK
514,1712607565.3914275,12173910.97983212,214.3,1.0036052593742322e-08,216.2,BID
515,1712607570.4097114,12173910.97983212,214.3,0.0,216.2,BID
516,1712607588.457043,12173938.97796557,213.5,-1.0036031008321112e-08,216.2,ASK
517,1712607600.396928,12173938.97796557,213.5,-0.0,216.2,ASK
518,1712607629.7669492,12173966.97609902,214.3,1.0045264750347645e-08,216.2,BID
519,1712607630.3439054,12173966.97609902,214.3,0.0,216.2,BID
520,1712607653.8366685,12173994.97423247,213.5,-1.0045243125950398e-08,216.2,ASK
521,1712607660.3965538,12173994.97423247,213.5,-0.0,216.2,ASK
522,1712607665.4541306,12174088.30134399,214.3,3.348407194747542e-08,216.2,BID
523,1712607682.286246,12174116.29947744,214.3,1.0045221581703151e-08,216.2,BID
524,1712607690.3800628,12174116.29947744,214.3,0.0,216.2,BID
525,1712607720.5760942,12174116.29947744,214.3,0.0,216.2,BID
526,1712607750.5791728,12174116.29947744,214.3,0.0,216.2,BID
527,1712607780.36605,12174116.29947744,214.3,0.0,216.2,BID
528,1712607810.3851924,12174116.29947744,214.3,0.0,216.2,BID
529,1712607818.535919,12174144.29761089,213.5,-1.0045127878127767e-08,216.2,ASK
530,1712607840.565096,12174144.29761089,213.5,-0.0,216.2,ASK
531,1712607845.915751,12174172.3218986,214.1,1.0054489900395406e-08,216.2,BID
532,1712607870.575037,12174172.3218986,214.1,0.0,216.2,BID
533,1712607883.8952248,12174200.34618631,213.5,-1.0054468256480553e-08,216.2,ASK
534,1712607900.408809,12174200.34618631,213.5,-0.0,216.2,ASK
535,1712607920.2446592,12174228.37047402,214.1,1.0054627041344156e-08,216.2,BID
536,1712607930.3847263,12174228.37047402,214.1,0.0,216.2,BID
537,1712607946.824711,12174256.39476173,213.5,-1.0054605396838861e-08,216.2,ASK
538,1712607960.5547566,12174256.39476173,213.5,-0.0,216.2,ASK
539,1712607972.4545949,12174284.41904944,214.1,1.0054583813083545e-08,216.2,BID
540,1712607990.5782988,12174284.41904944,214.1,0.0,216.2,BID
541,1712608013.2843487,12174312.44333715,213.5,-1.0054562168764362e-08,216.2,ASK
542,1712608020.3843927,12174312.44333715,213.5,-0.0,216.2,ASK
543,1712608029.404933,12175923.99114118,213.5,-5.781903528928972e-07,216.2,ASK
544,1712608035.984709,12176159.84019778,213.5,-8.461781209582145e-08,216.2,ASK
545,1712608050.38404,12176159.84019778,213.5,-0.0,216.2,ASK
546,1712608080.5763445,12176159.84019778,213.5,-0.0,216.2,ASK
547,1712608084.214252,12176187.86448549,214.1,1.0053117973062285e-08,216.2,BID
548,1712608110.583429,12176187.86448549,214.1,0.0,216.2,BID
549,1712608112.06398,12176215.8887732,213.5,-1.0053096335053608e-08,216.2,ASK
550,1712608140.3835666,12176215.8887732,213.5,-0.0,216.2,ASK
551,1712608149.0035195,12176243.91306091,214.1,1.0053074757776666e-08,216.2,BID
552,1712608170.383311,12176243.91306091,214.1,0.0,216.2,BID
553,1712608200.6531773,12176243.91306091,214.1,0.0,216.2,BID
554,1712608210.3231473,12176271.93734862,213.5,-1.0053053119954021e-08,216.2,ASK
555,1712608230.593093,12176271.93734862,213.5,-0.0,216.2,ASK
556,1712608245.763404,12176299.96163633,214.1,1.0053031542862586e-08,216.2,BID
557,1712608260.3930378,12176299.96163633,214.1,0.0,216.2,BID
558,1712608273.817063,12176327.98592404,213.5,-1.0053009905894144e-08,216.2,ASK
559,1712608290.3844414,12176327.98592404,213.5,-0.0,216.2,ASK
560,1712608310.332998,12176356.01021175,214.1,1.0052988328320036e-08,216.2,BID
561,1712608319.2829256,12177290.15313561,214.1,3.3509961101371425e-07,216.2,BID
562,1712608320.573769,12177290.15313561,214.1,0.0,216.2,BID
563,1712608337.0339563,12177318.17742332,213.5,-1.0052245495810481e-08,216.2,ASK
564,1712608350.585766,12177318.17742332,213.5,-0.0,216.2,ASK
565,1712608368.042527,12177800.80290594,213.5,-1.731162437399578e-07,216.2,ASK
566,1712608376.852537,12177828.82719365,214.1,1.0052223922185748e-08,216.2,BID
567,1712608380.3626354,12177828.82719365,214.1,0.0,216.2,BID
568,1712608405.512391,12177856.85148136,213.5,-1.0051830769962994e-08,216.2,ASK
569,1712608410.382499,12177856.85148136,213.5,-0.0,216.2,ASK
570,1712608440.39272,12177856.85148136,213.5,-0.0,216.2,ASK
571,1712608444.5155473,12177884.87576907,214.1,1.0051809198118353e-08,216.2,BID
572,1712608470.3821957,12177884.87576907,214.1,0.0,216.2,BID
573,1712608472.6922004,12177912.90005678,213.5,-1.0051787565743233e-08,216.2,ASK
574,1712608500.4418602,12177912.90005678,213.5,-0.0,216.2,ASK
575,1712608513.6619494,12177940.92434449,214.1,1.0051802047939541e-08,216.2,BID
576,1712608530.3942797,12177940.92434449,214.1,0.0,216.2,BID
577,1712608560.58438,12177940.92434449,214.1,0.0,216.2,BID
578,1712608576.7119236,12177968.9486322,213.5,-1.0051780415595196e-08,216.2,ASK
579,1712608590.571536,12177968.9486322,213.5,-0.0,216.2,ASK
580,1712608601.1231556,12177996.97291991,214.1,1.0051758843966678e-08,216.2,BID
581,1712608620.3617928,12177996.97291991,214.1,0.0,216.2,BID
582,1712608644.1821237,12178024.99720762,213.5,-1.0051737211808293e-08,216.2,ASK
583,1712608650.352776,12178024.99720762,213.5,-0.0,216.2,ASK
584,1712608679.1915517,12178053.02149533,214.1,1.0051715640365208e-08,216.2,BID
585,1712608680.6183567,12178053.02149533,214.1,0.0,216.2,BID
586,1712608710.581751,12178053.02149533,214.1,0.0,216.2,BID
587,1712608716.532482,12178081.04578304,213.5,-1.0051694008392778e-08,216.2,ASK
588,1712608740.3622577,12178081.04578304,213.5,-0.0,216.2,ASK
589,1712608740.6523745,12178109.07007075,214.1,1.0051672437135125e-08,216.2,BID
590,1712608753.4424143,12179109.07007075,214.1,3.586771782092588e-07,216.2,BID
591,1712608770.352488,12179109.07007075,214.1,0.0,216.2,BID
592,1712608800.4283063,12179109.07007075,214.1,0.0,216.2,BID
593,1712608810.5728612,12179137.09435846,213.7,-1.0050878972033232e-08,216.2,ASK
594,1712608830.363345,12179137.09435846,213.7,-0.0,216.2,ASK
595,1712608860.573365,12179137.09435846,213.7,-0.0,216.2,ASK
596,1712608868.2545035,12179165.11864617,214.1,1.0050857384069675e-08,216.2,BID
597,1712608890.5634089,12179165.11864617,214.1,0.0,216.2,BID
598,1712608913.683563,12179193.14293388,213.7,-1.0050835756459169e-08,216.2,ASK
599,1712608920.3840947,12179193.14293388,213.7,-0.0,216.2,ASK
600,1712608939.3241704,12179221.16722159,214.1,1.0050814168013222e-08,216.2,BID
601,1712608950.3805163,12179221.16722159,214.1,0.0,216.2,BID
602,1712608979.0144076,12179249.1915093,213.7,-1.0050792539920673e-08,216.2,ASK
603,1712608980.5838015,12179249.1915093,213.7,-0.0,216.2,ASK
604,1712609004.7840185,12179277.21579701,214.1,1.0050770952328405e-08,216.2,BID
605,1712609010.5839658,12179277.21579701,214.1,0.0,216.2,BID
606,1712609011.2841575,12180398.88289433,214.1,4.022794419354709e-07,216.2,BID
607,1712609040.3808918,12180398.88289433,214.1,0.0,216.2,BID
608,1712609044.794545,12180414.8100312,213.7,-5.711683937717337e-09,216.2,ASK
609,1712609044.801073,12180426.90718204,213.7,-4.338199810030472e-09,216.2,ASK
610,1712609070.3946116,12180426.90718204,213.7,-0.0,216.2,ASK
611,1712609080.4244227,12180454.93146975,214.1,1.004986216405926e-08,216.2,BID
612,1712609100.406968,12180454.93146975,214.1,0.0,216.2,BID
613,1712609110.8843331,12180482.95575746,213.7,-1.0066184335744234e-08,216.2,ASK
614,1712609130.384687,12180482.95575746,213.7,-0.0,216.2,ASK
615,1712609142.2550328,12180910.7800372,213.7,-1.5367201635023206e-07,216.2,ASK
616,1712609142.2606132,12181013.8812372,213.7,-3.703335701670832e-08,216.2,ASK
617,1712609142.634513,12184819.2322372,213.7,1.3668601544659986e-06,216.2,BID
618,1712609142.7617302,12184995.1132372,213.7,6.317544185253655e-08,216.2,BID
619,1712609142.7745016,12185404.5246372,213.7,1.4705821603412416e-07,216.2,BID
620,1712609145.9447546,12188136.0256372,213.7,9.811394215105148e-07,216.2,BID
621,1712609147.115599,12189410.44733073,213.7,4.57764929666998e-07,216.2,BID
622,1712609149.1445642,12189438.52407382,213.7,1.0085004352455173e-08,216.2,BID
623,1712609149.2804682,12197721.27374582,213.7,2.975115960675605e-06,216.2,BID
624,1712609149.283795,12197721.27374668,213.7,3.091017495137002e-16,216.2,BID
625,1712609160.4154334,12197721.27374668,213.7,0.0,216.2,BID
626,1712609190.3776886,12197721.27374668,213.7,0.0,216.2,BID
627,1712609207.2157865,12197749.35048977,213.7,-1.0071677407602895e-08,216.2,ASK
628,1712609220.5848138,12197749.35048977,213.7,-0.0,216.2,ASK
629,1712609250.58507,12197749.35048977,213.7,-0.0,216.2,ASK
630,1712609266.8350172,12197777.37477748,214.1,1.0052838999438487e-08,216.2,BID
631,1712609280.3773746,12197777.37477748,214.1,0.0,216.2,BID
632,1712609310.3886693,12197777.37477748,214.1,0.0,216.2,BID
633,1712609340.5850418,12197777.37477748,214.1,0.0,216.2,BID
634,1712609340.885088,12197805.39906519,213.8,-1.0052817363298869e-08,216.2,ASK
635,1712609357.8455052,12198000.23492825,214.1,6.989113754816267e-08,216.2,BID
636,1712609357.8523564,12198023.58850135,214.1,8.377347804753548e-09,216.2,BID
637,1712609357.8590136,12200136.44730544,214.3,7.579205541416004e-07,216.2,BID
638,1712609370.5749242,12200136.44730544,214.3,0.0,216.2,BID
639,1712609381.0354683,12200164.44543889,214.3,1.0041614522125724e-08,216.2,BID
640,1712609400.407579,12200164.44543889,214.3,0.0,216.2,BID
641,1712609430.3753464,12200164.44543889,214.3,0.0,216.2,BID
642,1712609441.0356054,12200192.44357234,213.6,-1.0041971083116587e-08,216.2,ASK
643,1712609460.5772357,12200192.44357234,213.6,-0.0,216.2,ASK
644,1712609461.0454173,12200192.44357239,213.6,1.803777002671708e-17,216.2,BID
645,1712609461.057588,12200837.40520939,213.6,2.31325142714529e-07,216.2,BID
646,1712609467.7452722,12200865.40334284,214.3,1.0041949542817986e-08,216.2,BID
647,1712609490.5850651,12200865.40334284,214.3,0.0,216.2,BID
648,1712609520.385443,12200865.40334284,214.3,0.0,216.2,BID
649,1712609542.4851744,12200893.40147629,213.8,-1.004143177673493e-08,216.2,ASK
650,1712609550.365678,12200893.40147629,213.8,-0.0,216.2,ASK
651,1712609567.1156173,12200921.39960974,214.3,1.0041410219251928e-08,216.2,BID
652,1712609580.5652132,12200921.39960974,214.3,0.0,216.2,BID
653,1712609610.1260643,12200949.39774319,213.8,-1.0041388610778714e-08,216.2,ASK
654,1712609610.5752318,12200949.39774319,213.8,-0.0,216.2,ASK
655,1712609635.7054057,12200977.39587664,214.3,1.0041367054149076e-08,216.2,BID
656,1712609640.345481,12200977.39587664,214.3,0.0,216.2,BID
657,1712609670.3805945,12200977.39587664,214.3,0.0,216.2,BID
658,1712609679.2362704,12201005.39401009,213.8,-1.0041345445861636e-08,216.2,ASK
659,1712609700.5854833,12201005.39401009,213.8,-0.0,216.2,ASK
660,1712609712.118716,12201033.39214354,214.3,1.0041323889417337e-08,216.2,BID
661,1712609730.5952456,12201033.39214354,214.3,0.0,216.2,BID
662,1712609736.5689564,12201061.39027699,213.9,-1.0041302281983693e-08,216.2,ASK
663,1712609760.3673491,12201061.39027699,213.9,-0.0,216.2,ASK
664,1712609778.555904,12201089.32323788,214.8,1.0017907157058774e-08,216.2,BID
665,1712609790.375703,12201089.32323788,214.8,0.0,216.2,BID
666,1712609820.5854208,12201089.32323788,214.8,0.0,216.2,BID
667,1712609842.0781584,12201117.25619877,214.0,-1.0017885600775152e-08,216.2,ASK
668,1712609850.5760424,12201117.25619877,214.0,-0.0,216.2,ASK
669,1712609877.1051712,12201145.18915966,214.8,1.0017864124202369e-08,216.2,BID
670,1712609880.3878503,12201145.18915966,214.8,0.0,216.2,BID
671,1712609905.879443,12201173.12212055,214.0,-1.0017842567435928e-08,216.2,ASK
672,1712609910.366469,12201173.12212055,214.0,-0.0,216.2,ASK
673,1712609927.195314,12201645.93535932,214.0,-1.695687920119646e-07,216.2,ASK
674,1712609933.2442727,12201673.86832021,214.8,1.0017821091047653e-08,216.2,BID
675,1712609940.4359906,12201673.86832021,214.8,0.0,216.2,BID
676,1712609970.399746,12201673.86832021,214.8,0.0,216.2,BID
677,1712610000.5489314,12201673.86832021,214.8,0.0,216.2,BID
678,1712610030.3955014,12201673.86832021,214.8,0.0,216.2,BID
679,1712610044.8555615,12201701.8012811,214.0,-1.0018150056916686e-08,216.2,ASK
680,1712610060.5849502,12201701.8012811,214.0,-0.0,216.2,ASK
681,1712610079.8751595,12201729.73424199,214.8,1.0018128579209992e-08,216.2,BID
682,1712610090.565077,12201729.73424199,214.8,0.0,216.2,BID
683,1712610099.1451857,12202197.89903599,214.2,-1.6790647537611788e-07,216.2,ASK
684,1712610105.605158,12202225.83199688,214.2,-1.0018107021305412e-08,216.2,ASK
685,1712610120.4113708,12202225.83199688,214.2,-0.0,216.2,ASK
686,1712610150.3782368,12202225.83199688,214.2,-0.0,216.2,ASK
687,1712610176.506253,12202253.76495777,214.8,1.001772523131573e-08,216.2,BID
688,1712610180.566181,12202253.76495777,214.8,0.0,216.2,BID
689,1712610204.785534,12202281.69791866,214.3,-1.0017703674479029e-08,216.2,ASK
690,1712610210.5772772,12202281.69791866,214.3,-0.0,216.2,ASK
691,1712610240.371272,12202281.69791866,214.3,-0.0,216.2,ASK
692,1712610241.702142,12202309.63087955,214.8,1.0017682169248084e-08,216.2,BID
693,1712610265.7560887,12202337.56384044,214.0,-1.0017682169248084e-08,216.2,ASK
694,1712610270.349785,12202337.56384044,214.0,-0.0,216.2,ASK
695,1712610300.595513,12202337.56384044,214.0,-0.0,216.2,ASK
696,1712610304.6749594,12202365.49680133,214.8,1.0019245254626054e-08,216.2,BID
697,1712610330.0869467,12202393.42976222,214.0,-1.0019245254626054e-08,216.2,ASK
698,1712610330.6051528,12202393.42976222,214.0,-0.0,216.2,ASK
699,1712610360.3877497,12202393.42976222,214.0,-0.0,216.2,ASK
700,1712610369.8274326,12202421.36272311,214.8,1.0019202209604866e-08,216.2,BID
701,1712610390.3877847,12202421.36272311,214.8,0.0,216.2,BID
702,1712610395.3955212,12202449.295684,214.1,-1.0019180647079377e-08,216.2,ASK
703,1712610420.5806978,12202449.295684,214.1,-0.0,216.2,ASK
704,1712610450.5848627,12202449.295684,214.1,-0.0,216.2,ASK
705,1712610456.455519,12202477.22864489,214.8,1.001915915491518e-08,216.2,BID
706,1712610480.3699846,12202477.22864489,214.8,0.0,216.2,BID
707,1712610494.994621,12202505.16160578,214.1,-1.0019137591906906e-08,216.2,ASK
708,1712610510.4071796,12202505.16160578,214.1,-0.0,216.2,ASK
709,1712610521.7950585,12202533.09456667,214.8,1.0019116100595526e-08,216.2,BID
710,1712610540.5761535,12202533.09456667,214.8,0.0,216.2,BID
711,1712610570.5983136,12202533.09456667,214.8,0.0,216.2,BID
712,1712610597.3542025,12202561.02752756,214.1,-1.001909453844067e-08,216.2,ASK
713,1712610600.4074132,12202561.02752756,214.1,-0.0,216.2,ASK
714,1712610602.004641,12202585.69343251,214.8,8.861021919691171e-09,216.2,BID
715,1712610603.2148895,12202627.99525419,214.8,1.5196578836673633e-08,216.2,BID
716,1712610630.405701,12202627.99525419,214.8,0.0,216.2,BID
717,1712610633.8950338,12202655.92821508,214.8,1.0034632833682509e-08,216.2,BID
718,1712610645.546517,12204795.92821508,214.1,-7.687732907537482e-07,216.2,ASK
719,1712610660.586074,12204795.92821508,214.1,-0.0,216.2,ASK
720,1712610662.314395,12204823.86117597,214.1,-1.0032959838959964e-08,216.2,ASK
721,1712610681.686856,12205064.45117597,214.1,-8.641510713097428e-08,216.2,ASK
722,1712610690.5949297,12205064.45117597,214.1,-0.0,216.2,ASK
723,1712610700.694039,12205092.39714709,214.7,1.0037425585387404e-08,216.2,BID
724,1712610720.3643825,12205092.39714709,214.7,0.0,216.2,BID
725,1712610750.3547482,12205092.39714709,214.7,0.0,216.2,BID
726,1712610754.9749317,12205558.16333246,214.7,1.6729006591984176e-07,216.2,BID
727,1712610761.1446416,12205586.10930358,214.1,-1.0037403954427831e-08,216.2,ASK
728,1712610770.854715,12207177.76330358,214.2,-5.716771868469383e-07,216.2,ASK
729,1712610775.2005377,12209797.3872273,214.2,-9.408949654324532e-07,216.2,ASK
730,1712610775.5944986,12209956.1292273,214.2,-5.701564535618583e-08,216.2,ASK
731,1712610780.5999756,12209956.1292273,214.2,-0.0,216.2,ASK
732,1712610785.6743283,12210197.3752273,214.2,-8.661633513603673e-08,216.2,ASK
733,1712610786.6437445,12210225.32119842,214.7,1.0033648641771097e-08,216.2,BID
734,1712610789.0646095,12210282.52919842,214.2,-2.05398112313792e-08,216.2,ASK
735,1712610810.5847073,12210282.52919842,214.2,-0.0,216.2,ASK
736,1712610813.7929194,12211170.20743697,214.2,-3.187016797501679e-07,216.2,ASK
737,1712610813.7991233,12211170.26759354,214.2,-2.159791612842624e-11,216.2,ASK
738,1712610816.1456594,12213292.06359354,214.2,-7.617849800978009e-07,216.2,ASK
739,1712610821.754741,12223949.10662856,214.2,-3.826180894078959e-06,216.2,ASK
740,1712610821.8546772,12224827.48822856,214.2,3.153639226741021e-07,216.2,BID
741,1712610832.14848,12227208.23622856,214.1,-8.547560970977196e-07,216.2,ASK
742,1712610839.1848726,12231530.90322856,214.1,-1.551960129326886e-06,216.2,ASK
743,1712610840.1524055,12247747.70309978,214.1,-5.822291382935169e-06,216.2,ASK
744,1712610840.1559534,12248524.0202851,214.1,-2.787199012386307e-07,216.2,ASK
745,1712610840.3850276,12248524.0202851,214.1,-0.0,216.2,ASK
746,1712610842.0965407,12253189.2952851,214.1,-1.6700560457452209e-06,216.2,ASK
747,1712610870.3652346,12253189.2952851,214.1,-0.0,216.2,ASK
748,1712610890.8854413,12253217.24125622,214.1,-1.0000408599969598e-08,216.2,ASK
749,1712610900.4254024,12253217.24125622,214.1,-0.0,216.2,ASK
750,1712610916.0353544,12253245.20024969,214.6,1.0065076077471009e-08,216.2,BID
751,1712610930.392713,12253245.20024969,214.6,0.0,216.2,BID
752,1712610932.104977,12254944.03324969,214.1,-6.115687416700344e-07,216.2,ASK
753,1712610932.7145784,12256006.91283483,214.1,-3.826296819240849e-07,216.2,ASK
754,1712610936.6250722,12259070.27883483,214.1,-1.1027916751648303e-06,216.2,ASK
755,1712610948.7854123,12263734.77983483,214.2,-1.6791897773888866e-06,216.2,ASK
756,1712610951.078531,12272295.71782814,214.2,-3.081881548149831e-06,216.2,ASK
757,1712610954.8450806,12275694.86782814,214.2,-1.2236717136113507e-06,216.2,ASK
758,1712610960.585039,12275694.86782814,214.2,-0.0,216.2,ASK
759,1712610961.928837,12275722.82682161,214.2,-1.0047662862380129e-08,216.2,ASK
760,1712610966.8752944,12276286.71282161,214.2,-2.0264450602754285e-07,216.2,ASK
761,1712610983.58994,12276287.87920831,214.2,-4.191660309310341e-10,216.2,ASK
762,1712610983.5995312,12277397.27301472,214.1,-3.986844147401902e-07,216.2,ASK
763,1712610990.6060417,12277397.27301472,214.1,-0.0,216.2,ASK
764,1712610991.6153922,12277481.07189739,214.1,-3.0110977749310683e-08,216.2,ASK
765,1712610993.0458446,12278754.52989739,214.1,-4.575844484016973e-07,216.2,ASK
766,1712611008.3974462,12280796.37089739,214.3,-7.33683158540416e-07,216.2,ASK
767,1712611009.805182,12283423.21789739,214.3,-9.438900501859684e-07,216.2,ASK
768,1712611020.397385,12283423.21789739,214.3,-0.0,216.2,ASK
769,1712611022.24576,12283423.21865147,214.3,-2.7083390516899737e-13,216.2,ASK
770,1712611022.2517817,12286237.50863277,214.1,-1.0107739569257688e-06,216.2,ASK
771,1712611038.1382854,12289636.65863277,214.1,-1.2208309443995211e-06,216.2,ASK
772,1712611048.8582196,12293035.80863277,214.1,-1.2208309443995211e-06,216.2,ASK
773,1712611050.3922937,12293035.80863277,214.1,-0.0,216.2,ASK
774,1712611063.3358064,12293830.33263277,214.1,-2.851486514070165e-07,216.2,ASK
775,1712611068.2580411,12303472.04372894,214.1,-3.460337153223889e-06,216.2,ASK
776,1712611069.175339,12305171.61872894,214.1,-6.099646067516404e-07,216.2,ASK
777,1712611072.1678565,12305484.08705218,214.6,1.1214251675127557e-07,216.2,BID
778,1712611072.1751242,12308175.92864282,214.8,9.660815776142909e-07,216.2,BID
779,1712611072.1786842,12312844.46272311,214.7,1.6755015544424608e-06,216.2,BID
780,1712611072.1822858,12317569.72951403,214.8,1.6958624949895694e-06,216.2,BID
781,1712611072.1859088,12320185.72951403,214.6,9.388626046293872e-07,216.2,BID
782,1712611072.1896305,12323944.01671045,214.8,1.348820835694298e-06,216.2,BID
783,1712611072.325566,12325218.13696045,214.8,-4.572721164089267e-07,216.2,ASK
784,1712611072.765701,12326705.50989445,214.8,-5.338068910050753e-07,216.2,ASK
785,1712611072.793255,12327193.50989445,214.8,-1.7513950728560437e-07,216.2,ASK
786,1712611072.8459623,12350481.50989445,214.8,-8.357886978826136e-06,216.2,ASK
787,1712611073.578878,12351543.29484145,214.8,-3.8106658291174033e-07,216.2,ASK
788,1712611073.6998663,12356192.29484145,214.8,-1.6684909208417514e-06,216.2,ASK
789,1712611073.8462975,12406543.10611695,214.8,-1.8070525160290293e-05,216.2,ASK
790,1712611074.05959,12407498.44647695,214.8,-3.428644261070767e-07,216.2,ASK
791,1712611074.755386,12409443.79941695,214.8,-6.981724496071841e-07,216.2,ASK
792,1712611075.135884,12413651.9530401,214.8,-1.5102744920916756e-06,216.2,ASK
793,1712611075.157981,12421965.78885378,214.8,-2.9837727624203213e-06,216.2,ASK
794,1712611075.175664,12423952.09290768,214.8,-7.128694945073325e-07,216.2,ASK
795,1712611075.179509,12426401.49904107,214.8,-8.79073326524804e-07,216.2,ASK
796,1712611075.2360115,12428144.60639207,214.8,-6.255880381153521e-07,216.2,ASK
797,1712611075.2452438,12431077.56728573,214.8,-1.0526174709085436e-06,216.2,ASK
798,1712611080.5788765,12431077.56728573,214.8,-0.0,216.2,ASK
799,1712611090.095617,12431105.51325685,214.7,9.924023564600853e-09,216.2,BID
800,1712611100.6556451,12434835.85448215,214.7,1.3246987934224206e-06,216.2,BID
801,1712611100.6621044,12449401.85448215,214.9,5.172599893576567e-06,216.2,BID
802,1712611101.003352,12454049.69248215,214.9,-1.6505153332526883e-06,216.2,ASK
803,1712611101.295674,12456268.69248215,214.9,-7.879993933713032e-07,216.2,ASK
804,1712611101.3794544,12457751.64633415,214.9,-5.26618628109455e-07,216.2,ASK
805,1712611102.6256664,12459259.03801815,214.9,-5.352968601011776e-07,216.2,ASK
806,1712611103.4256413,12460482.18209515,214.9,-4.3435637254670244e-07,216.2,ASK
807,1712611103.7656066,12464938.01138218,214.9,-1.582330227645593e-06,216.2,ASK
808,1712611103.785683,12467843.77975,214.9,-1.0318808973054287e-06,216.2,ASK
809,1712611104.220363,12468853.91902697,214.9,-3.587152489738743e-07,216.2,ASK
810,1712611106.456417,12469646.627345,214.9,2.8150233155787386e-07,216.2,BID
811,1712611106.535801,12473800.798971,214.9,-1.4752071749653311e-06,216.2,ASK
812,1712611106.5453875,12473800.79897113,214.9,-4.630167973690835e-17,216.2,ASK
813,1712611107.1054058,12477954.064971,214.2,-1.4748855738654863e-06,216.2,ASK
814,1712611110.5795107,12477954.064971,214.2,-0.0,216.2,ASK
815,1712611140.3744078,12477954.064971,214.2,-0.0,216.2,ASK
816,1712611155.2507958,12477982.01094212,214.2,-9.8886613150624e-09,216.2,ASK
817,1712611170.3872745,12477982.01094212,214.2,-0.0,216.2,ASK
818,1712611191.6556334,12478009.93090489,214.9,9.879437353138058e-09,216.2,BID
819,1712611200.4103682,12478009.93090489,214.9,0.0,216.2,BID
820,1712611221.6857057,12478470.51190489,214.2,-1.629788476618116e-07,216.2,ASK
821,1712611222.9257927,12478497.25301419,214.2,-9.462472787579752e-09,216.2,ASK
822,1712611222.9323575,12478498.43186766,214.2,-4.1714308652478727e-10,216.2,ASK
823,1712611230.3669407,12478498.43186766,214.2,-0.0,216.2,ASK
824,1712611258.225767,12478526.37783878,214.7,9.888452924035653e-09,216.2,BID
825,1712611260.595887,12478526.37783878,214.7,0.0,216.2,BID
826,1712611290.585788,12478526.37783878,214.7,0.0,216.2,BID
827,1712611292.5665767,12479947.16158021,214.2,-5.027316193288972e-07,216.2,ASK
828,1712611292.5731575,12480646.26283878,214.2,-2.4737072754074934e-07,216.2,ASK
829,1712611320.385805,12480646.26283878,214.2,-0.0,216.2,ASK
830,1712611331.1758828,12480878.61583878,214.3,-8.22028231843055e-08,216.2,ASK
831,1712611350.3900957,12480878.61583878,214.3,-0.0,216.2,ASK
832,1712611357.1760137,12480879.14593146,214.3,-1.8753511813960078e-10,216.2,ASK
833,1712611357.1857991,12480906.5618099,214.2,-9.699134109907206e-09,216.2,ASK
834,1712611380.3962884,12480934.50778102,214.7,9.886669228046808e-09,216.2,BID
835,1712611380.577267,12480934.50778102,214.7,0.0,216.2,BID
836,1712611400.955994,12481881.98268703,214.2,-3.351943375304986e-07,216.2,ASK
837,1712611405.5184734,12483822.60297364,214.2,-6.865458148199573e-07,216.2,ASK
838,1712611410.5956385,12483822.60297364,214.2,-0.0,216.2,ASK
839,1712611423.246031,12483850.54894476,214.2,-9.884464023102792e-09,216.2,ASK
840,1712611440.3909428,12483850.54894476,214.2,-0.0,216.2,ASK
841,1712611442.4565778,12484050.32295238,214.2,-7.065973129872286e-08,216.2,ASK
842,1712611442.46498,12486353.60215298,214.2,-8.146659886290242e-07,216.2,ASK
843,1712611448.4159698,12486381.5481241,214.7,9.884443094585152e-09,216.2,BID
844,1712611470.3795316,12486381.5481241,214.7,0.0,216.2,BID
845,1712611490.5158298,12490278.57062485,214.2,-1.378106055601545e-06,216.2,ASK
846,1712611500.5691671,12490278.57062485,214.2,-0.0,216.2,ASK
847,1712611520.979773,12490306.51659597,214.2,-9.891653804467749e-09,216.2,ASK
848,1712611530.6058023,12490306.51659597,214.2,-0.0,216.2,ASK
849,1712611559.556096,12490334.46256709,214.7,9.89163284549349e-09,216.2,BID
850,1712611560.3901992,12490334.46256709,214.7,0.0,216.2,BID
851,1712611576.3161843,12490455.19708036,214.7,4.273456577047584e-08,216.2,BID
852,1712611587.0961723,12490483.14305148,214.1,-9.89161183900464e-09,216.2,ASK
853,1712611590.3761094,12490483.14305148,214.1,-0.0,216.2,ASK
854,1712611620.5774312,12490483.14305148,214.1,-0.0,216.2,ASK
855,1712611623.6161518,12490511.0890226,214.7,9.891500134570404e-09,216.2,BID
856,1712611650.5825872,12490511.0890226,214.7,0.0,216.2,BID
857,1712611652.0040047,12490539.03499372,214.1,-9.891479128645224e-09,216.2,ASK
858,1712611678.4023106,12490566.98096484,214.7,9.891479128645224e-09,216.2,BID
859,1712611680.386367,12490566.98096484,214.7,0.0,216.2,BID
860,1712611710.386349,12490566.98096484,214.7,0.0,216.2,BID
1061,1712611715.2332788,12490594.92693596,214.1,-9.891437174448281e-09,216.2,ASK
861,1712611715.2332788,12490594.92693596,214.1,-9.89143717444828e-09,216.2,ASK
862,1712611740.605719,12490594.92693596,214.1,-0.0,216.2,ASK
863,1712611741.5618784,12490622.87290708,214.7,9.891416226835303e-09,216.2,BID
864,1712611745.8461535,12490821.78467639,214.7,7.040439189615448e-08,216.2,BID
865,1712611746.8142412,12492020.11267639,214.7,-4.241456120207082e-07,216.2,ASK
866,1712611770.5867653,12492020.11267639,214.7,-0.0,216.2,ASK
867,1712611794.0517344,12492020.1714632,214.7,-2.0805211839779128e-11,216.2,ASK
868,1712611800.697827,12492020.1714632,214.7,-0.0,216.2,ASK
869,1712611813.295867,12492048.11743432,214.1,-9.8946176592996e-09,216.2,ASK
870,1712611830.5857656,12492048.11743432,214.1,-0.0,216.2,ASK
871,1712611851.9061987,12492076.06340544,214.7,9.894596698873004e-09,216.2,BID
872,1712611860.4058156,12492076.06340544,214.7,0.0,216.2,BID
873,1712611890.3846574,12492076.06340544,214.7,0.0,216.2,BID
874,1712611912.1873584,12492104.00937656,214.1,-9.894575679134148e-09,216.2,ASK
875,1712611919.2361608,12494620.503666,214.1,-8.909922323304312e-07,216.2,ASK
876,1712611919.2461102,12504841.90090388,214.2,-3.618997102726523e-06,216.2,ASK
877,1712611919.2499776,12509800.59628629,214.1,-1.7556801486723745e-06,216.2,ASK
878,1712611919.2543452,12510209.49972807,214.1,-1.4477672050713598e-07,216.2,ASK
879,1712611920.6060913,12510209.49972807,214.1,-0.0,216.2,ASK
880,1712611928.5562372,12510349.90466576,214.1,-4.9643640703265663e-08,216.2,ASK
881,1712611950.5862708,12510349.90466576,214.1,-0.0,216.2,ASK
882,1712611980.393937,12510349.90466576,214.1,-0.0,216.2,ASK
883,1712611982.2261903,12510377.87669373,214.5,9.890097669254088e-09,216.2,BID
884,1712612010.1915765,12510405.8487217,214.1,-9.890097669912666e-09,216.2,ASK
885,1712612010.400818,12510405.8487217,214.1,-0.0,216.2,ASK
886,1712612040.584041,12510405.8487217,214.1,-0.0,216.2,ASK
887,1712612048.2668426,12510433.82074967,214.5,9.890055746996292e-09,216.2,BID
888,1712612070.591247,12510433.82074967,214.5,0.0,216.2,BID
889,1712612072.0860753,12510461.79277764,214.1,-9.890034766108826e-09,216.2,ASK
890,1712612100.387349,12510461.79277764,214.1,-0.0,216.2,ASK
891,1712612102.356135,12510489.76480561,214.5,9.900058216666288e-09,216.2,BID
892,1712612130.4009714,12510489.76480561,214.5,0.0,216.2,BID
893,1712612160.5656805,12510489.76480561,214.5,0.0,216.2,BID
894,1712612174.1798403,12510517.73683358,214.1,-9.900037193977918e-09,216.2,ASK
895,1712612190.575749,12510517.73683358,214.1,-0.0,216.2,ASK
896,1712612202.045978,12510527.45370847,214.5,3.4390505766196153e-09,216.2,BID
897,1712612202.0556955,12510545.69185628,214.7,6.454947033141578e-09,216.2,BID
898,1712612220.377097,12510545.69185628,214.7,0.0,216.2,BID
899,1712612250.375853,12510545.69185628,214.7,0.0,216.2,BID
900,1712612263.9657795,12511013.63757457,214.1,-1.6561760783399676e-07,216.2,ASK
901,1712612276.4057248,12511041.59259727,214.1,-9.893976599372789e-09,216.2,ASK
902,1712612280.5961175,12511041.59259727,214.1,-0.0,216.2,ASK
903,1712612301.3656547,12511069.53856839,214.7,9.890401368573816e-09,216.2,BID
904,1712612310.5957482,12511069.53856839,214.7,0.0,216.2,BID
905,1712612340.386165,12511069.53856839,214.7,0.0,216.2,BID
906,1712612343.3562264,12511097.48453951,214.1,-9.89038036665599e-09,216.2,ASK
907,1712612370.385739,12511097.48453951,214.1,-0.0,216.2,ASK
908,1712612378.9160972,12511112.79471385,214.7,5.418424229871145e-09,216.2,BID
909,1712612378.9221268,12511125.43051063,214.7,4.471935193647739e-09,216.2,BID
910,1712612400.42295,12511125.43051063,214.7,0.0,216.2,BID
911,1712612405.045797,12511153.37648175,214.2,-9.911320346171877e-09,216.2,ASK
912,1712612430.3887684,12511153.37648175,214.2,-0.0,216.2,ASK
913,1712612460.576098,12511153.37648175,214.2,-0.0,216.2,ASK
914,1712612468.405826,12511181.32245287,214.7,9.911299305096302e-09,216.2,BID
915,1712612490.5655973,12511181.32245287,214.7,0.0,216.2,BID
916,1712612510.8459427,12511209.26842399,214.2,-9.911278214332748e-09,216.2,ASK
917,1712612520.386668,12511209.26842399,214.2,-0.0,216.2,ASK
918,1712612546.0461938,12511275.04342399,214.2,-2.3327618057723263e-08,216.2,ASK
919,1712612549.516157,12511302.98939511,214.7,9.911257172775462e-09,216.2,BID
920,1712612550.388543,12511302.98939511,214.7,0.0,216.2,BID
921,1712612559.8757756,12515428.33543221,214.7,1.463075804935422e-06,216.2,BID
922,1712612559.879279,12526436.19945565,214.7,3.903997233657817e-06,216.2,BID
923,1712612573.3159523,12526464.14542677,214.2,-9.911186558319577e-09,216.2,ASK
924,1712612580.595475,12526464.14542677,214.2,-0.0,216.2,ASK
1125,1712612588.2285612,12526523.34292677,214.2,-2.0970497624113772e-08,216.2,ASK
925,1712612588.2285612,12526523.34292677,214.2,-2.097049762411377e-08,216.2,ASK
926,1712612601.0404894,12526551.28889789,214.7,9.89975794553566e-09,216.2,BID
927,1712612610.5855312,12526551.28889789,214.7,0.0,216.2,BID
928,1712612640.3977358,12526551.28889789,214.7,0.0,216.2,BID
929,1712612640.8456738,12526579.23486901,214.2,-9.899692435720566e-09,216.2,ASK
930,1712612666.8357828,12526607.18084013,214.7,9.899692435720566e-09,216.2,BID
931,1712612670.377949,12526607.18084013,214.7,0.0,216.2,BID
932,1712612700.4168508,12526607.18084013,214.7,0.0,216.2,BID
933,1712612730.3723204,12526607.18084013,214.7,0.0,216.2,BID
934,1712612742.4656243,12526635.12681125,214.2,-9.922208286962833e-09,216.2,ASK
935,1712612749.3459153,12543587.21755303,214.2,-6.018834504891783e-06,216.2,ASK
936,1712612760.6154275,12543587.21755303,214.2,-0.0,216.2,ASK
937,1712612768.4057932,12543615.22875751,214.2,9.932542885850728e-09,216.2,BID
938,1712612768.5459237,12544959.51175751,214.2,4.76671703214455e-07,216.2,BID
939,1712612778.3157964,12545101.9685534,214.1,-5.0514008978253936e-08,216.2,ASK
940,1712612790.606316,12545101.9685534,214.1,-0.0,216.2,ASK
941,1712612797.3457134,12545148.6538942,214.2,1.6552333869478836e-08,216.2,BID
942,1712612820.3657994,12545148.6538942,214.2,0.0,216.2,BID
943,1712612832.56633,12546054.31684237,214.2,3.2110255776341385e-07,216.2,BID
944,1712612850.4070354,12546054.31684237,214.2,0.0,216.2,BID
945,1712612873.221691,12546082.32804685,214.1,-9.93068207608563e-09,216.2,ASK
946,1712612880.6057072,12546082.32804685,214.1,-0.0,216.2,ASK
947,1712612909.9659655,12546110.33925133,214.2,9.930660961260774e-09,216.2,BID
948,1712612910.610819,12546110.33925133,214.2,0.0,216.2,BID
949,1712612937.7057238,12546138.35045581,214.1,-9.930639837324296e-09,216.2,ASK
950,1712612940.406885,12546138.35045581,214.1,-0.0,216.2,ASK
951,1712612970.4006517,12546138.35045581,214.1,-0.0,216.2,ASK
952,1712612974.7363162,12546166.36166029,214.2,9.930618723999756e-09,216.2,BID
953,1712612991.170303,12546194.385948,214.1,-9.935257030695584e-09,216.2,ASK
954,1712612991.1824324,12554845.26711094,214.1,-3.0669371077446354e-06,216.2,ASK
955,1712613000.4360502,12554845.26711094,214.1,-0.0,216.2,ASK
956,1712613021.3763,12555954.81150346,214.0,-3.9340881829808553e-07,216.2,ASK
957,1712613021.383787,12582667.69622214,214.0,-9.471531271168762e-06,216.2,ASK
958,1712613024.0475357,12584069.56538101,214.0,4.970577949986834e-07,216.2,BID
959,1712613030.3861434,12584069.56538101,214.0,0.0,216.2,BID
960,1712613034.3061557,12584097.57658549,213.9,-9.909898895578849e-09,216.2,ASK
961,1712613039.1264477,12585108.64901539,214.0,3.5770063237227865e-07,216.2,BID
962,1712613050.0461352,12585844.44340791,214.0,2.6031183495611704e-07,216.2,BID
963,1712613060.5486465,12585844.44340791,214.0,0.0,216.2,BID
964,1712613060.9167447,12585872.48079108,214.0,9.917827779061196e-09,216.2,BID
965,1712613090.5961368,12585872.48079108,214.0,0.0,216.2,BID
966,1712613101.8164816,12585900.51817425,213.9,-9.917806728699109e-09,216.2,ASK
967,1712613114.7462645,12585944.4695866,213.9,-1.554715754011658e-08,216.2,ASK
968,1712613114.756708,12587053.93823861,213.8,-3.9245801207213073e-07,216.2,ASK
969,1712613114.7626328,12587550.69045927,213.9,-1.7571869981150672e-07,216.2,ASK
970,1712613114.856623,12588278.48501429,213.8,2.574464846234727e-07,216.2,BID
971,1712613120.367009,12588278.48501429,213.8,0.0,216.2,BID
972,1712613124.449696,12588306.49621877,214.2,9.90674355116654e-09,216.2,BID
973,1712613150.393758,12588306.49621877,214.2,0.0,216.2,BID
974,1712613180.5884738,12588306.49621877,214.2,0.0,216.2,BID
975,1712613194.3263612,12588334.50742325,213.8,-9.906722528200169e-09,216.2,ASK
976,1712613210.5761397,12588334.50742325,213.8,-0.0,216.2,ASK
977,1712613233.4263935,12588362.51862773,214.2,9.906701545238871e-09,216.2,BID
978,1712613240.3770645,12588362.51862773,214.2,0.0,216.2,BID
979,1712613241.500397,12590233.42601781,214.2,6.616810003858601e-07,216.2,BID
980,1712613249.396373,12592100.83964992,214.2,6.604453682635165e-07,216.2,BID
981,1712613257.946597,12592128.8508544,213.8,-9.906680523768297e-09,216.2,ASK
982,1712613270.3847158,12592128.8508544,213.8,-0.0,216.2,ASK
983,1712613276.3565369,12592361.8424667,213.8,-8.237828883280652e-08,216.2,ASK
984,1712613295.4462411,12592389.85367118,214.2,9.90385477986036e-09,216.2,BID
1184,1712613295.4462411,12592389.85367118,214.2,9.903854779860361e-09,216.2,BID
985,1712613296.7966993,12592856.7070792,214.2,1.650642463424213e-07,216.2,BID
986,1712613300.5871468,12592856.7070792,214.2,0.0,216.2,BID
987,1712613322.7165823,12592884.71828368,213.8,-9.925774854467534e-09,216.2,ASK
988,1712613330.5967653,12592884.71828368,213.8,-0.0,216.2,ASK
989,1712613335.696507,12593081.84828368,213.8,-6.985289926470563e-08,216.2,ASK
990,1712613356.473709,12594485.02882624,214.0,-4.972161978859216e-07,216.2,ASK
991,1712613359.5666914,12594513.04003072,214.2,9.925753790721052e-09,216.2,BID
992,1712613360.4056869,12594513.04003072,214.2,0.0,216.2,BID
993,1712613373.6763856,12596380.45366283,214.2,6.616352307017463e-07,216.2,BID
994,1712613381.3264124,12596613.88036684,214.2,8.27044038363984e-08,216.2,BID
995,1712613387.8964107,12596641.89157132,213.8,-9.924528460341413e-09,216.2,ASK
996,1712613390.376505,12596641.89157132,213.8,-0.0,216.2,ASK
997,1712613420.58626,12596641.89157132,213.8,-0.0,216.2,ASK
998,1712613425.25626,12596669.9027758,214.2,9.922925317682938e-09,216.2,BID
999,1712613450.5887766,12596669.9027758,214.2,0.0,216.2,BID
1000,1712613452.5367267,12596697.91398028,213.8,-9.922904226643247e-09,216.2,ASK
1201,1712613461.8692224,12597181.77198028,213.9,-1.7140557439645389e-07,216.2,ASK
1202,1712613463.7385583,12597439.69698028,213.9,-9.136933310237157e-08,216.2,ASK
1203,1712613466.168363,12598272.83198028,213.9,-2.951361416458428e-07,216.2,ASK
1204,1712613469.0167377,12598514.57698028,213.9,-8.563760562448045e-08,216.2,ASK
1205,1712613470.9214766,12599014.51698028,213.9,-1.771025856005429e-07,216.2,ASK
1206,1712613472.886463,12600395.07798028,213.9,-4.890605326232099e-07,216.2,ASK
1207,1712613473.7267728,12601372.99579421,213.9,-3.464251177183888e-07,216.2,ASK
1208,1712613473.737183,12602714.86699421,213.9,-4.753547606972334e-07,216.2,ASK
1209,1712613473.8490834,12602800.44429027,213.9,3.031555866878094e-08,216.2,BID
1210,1712613480.4164093,12602800.44429027,213.9,0.0,216.2,BID
1211,1712613484.716604,12602865.81339421,213.9,-2.3146101368249572e-08,216.2,ASK
1212,1712613484.719129,12603541.99529027,213.9,-2.394246481321353e-07,216.2,ASK
1213,1712613489.8567066,12603570.00649475,214.2,9.918296859581348e-09,216.2,BID
1214,1712613492.0164626,12604311.86749475,213.9,-2.626805152919245e-07,216.2,ASK
1215,1712613494.8980894,12605053.57949475,213.9,-2.626277568947012e-07,216.2,ASK
1216,1712613496.9169972,12605085.72089081,213.9,-1.1380728302714761e-08,216.2,ASK
1217,1712613496.9203155,12606298.29649475,213.9,-4.29352647561544e-07,216.2,ASK
1218,1712613497.8366325,12606298.48329869,213.9,-6.614413604159779e-11,216.2,ASK
1219,1712613497.8464131,12606488.87678639,213.8,-6.741513498819793e-08,216.2,ASK
1220,1712613498.0268066,12606535.62760453,213.9,1.6553679191968153e-08,216.2,BID
1221,1712613499.8865182,12606608.17760453,213.9,-2.5688736009290265e-08,216.2,ASK
1222,1712613500.8974526,12606608.35838639,213.9,-6.401181908074728e-11,216.2,ASK
1223,1712613500.9002438,12607569.92325799,213.8,-3.404739647427043e-07,216.2,ASK
1224,1712613501.4171734,12608212.68582708,213.8,-2.275914259661705e-07,216.2,ASK
1225,1712613501.4196846,12609238.98325799,213.8,-3.633946763527695e-07,216.2,ASK
1226,1712613503.7869985,12609669.91690032,213.8,-1.525863621669822e-07,216.2,ASK
1227,1712613503.7904837,12609738.67325799,213.8,-2.4345471000998928e-08,216.2,ASK
1228,1712613505.5958629,12610735.20717521,213.8,-3.528559162441564e-07,216.2,ASK
1229,1712613507.316691,12610807.17817521,213.8,-2.5483721837067266e-08,216.2,ASK
1230,1712613510.3563523,12610807.17817521,213.8,-0.0,216.2,ASK
1231,1712613514.3964338,12610835.18937969,213.8,-9.91228738987644e-09,216.2,ASK
1232,1712613515.366517,12611834.93937969,213.8,-3.5378019266206905e-07,216.2,ASK
1233,1712613524.016533,12612663.65314944,213.8,-2.9325583108187186e-07,216.2,ASK
1234,1712613526.1133254,12613405.58814944,213.8,-2.625475441282899e-07,216.2,ASK
1235,1712613540.200415,12613647.35514944,213.8,-8.555376428072747e-08,216.2,ASK
1236,1712613540.6167943,12613647.35514944,213.8,-0.0,216.2,ASK
1237,1712613542.456439,12614542.82514944,213.8,-3.16810692657228e-07,216.2,ASK
1238,1712613546.312913,12614585.53517748,214.0,-1.5110493447179347e-08,216.2,ASK
1239,1712613546.3172529,12614632.26414944,214.0,-1.6532366214205718e-08,216.2,ASK
1240,1712613548.646858,12614913.2156214,214.0,-9.939856213484357e-08,216.2,ASK
1241,1712613548.6485603,12615042.73914944,214.0,-4.582447053909387e-08,216.2,ASK
1242,1712613551.0369077,12615579.72314944,214.0,-1.8998098538849405e-07,216.2,ASK
1243,1712613553.4965477,12615607.73435392,214.2,9.910157899025356e-09,216.2,BID
1244,1712613556.286668,12615637.98522588,214.0,-1.0702535762413958e-08,216.2,ASK
1245,1712613556.2999194,12615680.14035392,214.0,-1.4914173912292375e-08,216.2,ASK
1246,1712613558.8569722,12615680.14082588,214.0,-1.6697623943771497e-13,216.2,ASK
1247,1712613558.8733962,12615748.05535392,214.0,-2.4027659966205482e-08,216.2,ASK
1248,1712613570.6218004,12615748.05535392,214.0,-0.0,216.2,ASK
1249,1712613600.7473774,12615748.05535392,214.0,-0.0,216.2,ASK
1250,1712613602.108358,12616257.01778196,214.0,-1.8103811712852225e-07,216.2,ASK
1251,1712613602.1101177,12616257.03635392,214.0,-6.606052725869476e-12,216.2,ASK
1252,1712613614.8970826,12616257.05429971,214.0,-6.3833241376886544e-12,216.2,ASK
1253,1712613614.900828,12616285.0475584,213.8,-9.957212097442021e-09,216.2,ASK
1254,1712613630.5965664,12616285.0475584,213.8,-0.0,216.2,ASK
1255,1712613649.4767902,12616313.05876288,214.2,9.963188187668021e-09,216.2,BID
1256,1712613660.445305,12616313.05876288,214.2,0.0,216.2,BID
1257,1712613677.557068,12616341.06996736,213.8,-9.963166925124936e-09,216.2,ASK
1258,1712613690.3918304,12616341.06996736,213.8,-0.0,216.2,ASK
1259,1712613706.5901537,12616369.08117184,214.2,9.963145703040828e-09,216.2,BID
1260,1712613720.640306,12616369.08117184,214.2,0.0,216.2,BID
1261,1712613750.5964754,12616369.08117184,214.2,0.0,216.2,BID
1262,1712613778.4567933,12616397.09237632,213.8,-9.963124440016566e-09,216.2,ASK
1263,1712613780.397657,12616397.09237632,213.8,-0.0,216.2,ASK
1264,1712613810.3863027,12616397.09237632,213.8,-0.0,216.2,ASK
1265,1712613817.8265405,12616425.1035808,214.2,9.963103218113452e-09,216.2,BID
1266,1712613840.5863965,12616425.1035808,214.2,0.0,216.2,BID
1267,1712613845.0863783,12616453.11478528,213.8,-9.963081955270524e-09,216.2,ASK
1268,1712613870.606661,12616453.11478528,213.8,-0.0,216.2,ASK
1269,1712613886.0295208,12616481.12598976,214.2,9.963060732885893e-09,216.2,BID
1270,1712613900.386611,12616481.12598976,214.2,0.0,216.2,BID
1271,1712613912.3768773,12616509.13719424,213.8,-1.0046034166449318e-08,216.2,ASK
1272,1712613930.3667195,12616509.13719424,213.8,-0.0,216.2,ASK
1273,1712613934.556846,12638788.6942346,214.2,7.990399365371276e-06,216.2,BID
1274,1712613934.5670257,12651886.42439346,214.2,4.697404645863096e-06,216.2,BID
1275,1712613934.5699754,12652874.05167917,214.4,3.542052664090996e-07,216.2,BID
1276,1712613934.572965,12660149.72297641,214.2,2.6093660305189624e-06,216.2,BID
1277,1712613954.2675278,12660177.69500438,214.5,1.0031962220958121e-08,216.2,BID
1278,1712613960.596466,12660177.69500438,214.5,0.0,216.2,BID
1279,1712613963.370453,12667432.39399521,214.5,2.593145120423181e-06,216.2,BID
1280,1712613976.2265992,12667460.36602318,213.8,-9.998420048416826e-09,216.2,ASK
1281,1712613990.6228385,12667460.36602318,213.8,-0.0,216.2,ASK
1282,1712614018.957021,12667488.33805115,214.5,9.992840373878286e-09,216.2,BID
1283,1712614020.407874,12667488.33805115,214.5,0.0,216.2,BID
1284,1712614044.6067865,12667516.31007912,213.8,-9.992818954627998e-09,216.2,ASK
1285,1712614050.386706,12667516.31007912,213.8,-0.0,216.2,ASK
1286,1712614078.8073354,12668016.18307912,213.9,-1.785758874064168e-07,216.2,ASK
1287,1712614080.5764704,12668016.18307912,213.9,-0.0,216.2,ASK
1288,1712614081.3787804,12668044.16815374,214.4,9.997076561341083e-09,216.2,BID
1289,1712614089.067391,12668785.70615374,213.9,-2.648987812113867e-07,216.2,ASK
1290,1712614093.756521,12669335.62115374,213.9,-1.96445513608684e-07,216.2,ASK
1291,1712614095.3266287,12676590.32014457,213.9,-2.5915879169096152e-06,216.2,ASK
1292,1712614102.426685,12680321.66342815,214.4,1.3329435418055818e-06,216.2,BID
1293,1712614105.9568992,12680852.52015775,213.9,-1.896373492245679e-07,216.2,ASK
1294,1712614105.9666843,12681001.52542815,213.9,-5.3228984250131286e-08,216.2,ASK
1295,1712614106.5862362,12681565.46009315,213.9,-2.0145374268293105e-07,216.2,ASK
1296,1712614108.3863883,12682007.12309315,213.9,-1.577747740594915e-07,216.2,ASK
1297,1712614110.6466138,12682007.12309315,213.9,-0.0,216.2,ASK
1298,1712614113.3360722,12683215.42809315,213.9,-4.311801795165036e-07,216.2,ASK
1299,1712614115.579646,12683395.17309315,213.9,-6.414148858678865e-08,216.2,ASK
1300,1712614117.1412058,12683474.37209315,213.9,-2.8261936380257626e-08,216.2,ASK
1301,1712614132.8165724,12684245.36976214,214.5,2.751283105851304e-07,216.2,BID
1302,1712614140.364345,12684245.36976214,214.5,0.0,216.2,BID
1303,1712614144.7443948,12684245.38262674,213.9,-4.5899110656046516e-12,216.2,ASK
1304,1712614144.746215,12684273.35483676,213.8,-9.980096361048756e-09,216.2,ASK
1305,1712614170.315971,12684301.32686473,214.5,9.980031408367373e-09,216.2,BID
1306,1712614170.3865638,12684301.32686473,214.5,0.0,216.2,BID
1307,1712614185.5265677,12684487.84413396,213.8,-6.65464888207669e-08,216.2,ASK
1308,1712614200.4364238,12684487.84413396,213.8,-0.0,216.2,ASK
1309,1712614202.448413,12684527.66534625,214.5,1.4219425032978885e-08,216.2,BID
1310,1712614213.5265553,12684555.63737422,213.8,-9.988298494064985e-09,216.2,ASK
1311,1712614223.446962,12684711.28147396,213.8,-5.557765524498333e-08,216.2,ASK
1312,1712614223.451447,12685055.63737422,213.8,-1.229631803463219e-07,216.2,ASK
1313,1712614230.3703892,12685055.63737422,213.8,-0.0,216.2,ASK
1314,1712614250.2964852,12685083.60940219,214.5,9.987865444234774e-09,216.2,BID
1315,1712614260.661131,12685083.60940219,214.5,0.0,216.2,BID
1316,1712614273.248393,12685111.58143016,213.8,-9.98784404564119e-09,216.2,ASK
1317,1712614290.6361349,12685111.58143016,213.8,-0.0,216.2,ASK
1318,1712614300.3670604,12685139.55345813,214.5,9.987822718299086e-09,216.2,BID
1319,1712614320.3567796,12685139.55345813,214.5,0.0,216.2,BID
1320,1712614340.0266418,12685167.5254861,213.8,-9.98780132055366e-09,216.2,ASK
1321,1712614350.4039783,12685167.5254861,213.8,-0.0,216.2,ASK
1322,1712614380.572432,12685167.5254861,213.8,-0.0,216.2,ASK
1323,1712614410.5763197,12685167.5254861,213.8,-0.0,216.2,ASK
1324,1712614410.7737334,12685195.49751407,214.5,9.98777999206386e-09,216.2,BID
1325,1712614437.286755,12685223.46954204,213.8,-9.987779992728944e-09,216.2,ASK
1326,1712614440.446531,12685223.46954204,213.8,-0.0,216.2,ASK
1327,1712614470.3972652,12685223.46954204,213.8,-0.0,216.2,ASK
1328,1712614474.2002037,12685251.44157001,214.5,9.987737267524335e-09,216.2,BID
1329,1712614493.917232,12714175.30637187,214.5,1.0327601656456924e-05,216.2,BID
1330,1712614500.401473,12714175.30637187,214.5,0.0,216.2,BID
1331,1712614502.1267493,12714203.27839984,213.8,-9.967588556097816e-09,216.2,ASK
1332,1712614513.5367851,12714451.12397181,213.9,8.8317611059901e-08,216.2,BID
1333,1712614513.936586,12714611.76231308,214.1,-5.7242073895699865e-08,216.2,ASK
1334,1712614513.9384856,12716558.15397181,214.1,-6.935797162696006e-07,216.2,ASK
1335,1712614528.3166049,12716758.28797181,213.9,-7.13160079128912e-08,216.2,ASK
1336,1712614530.406596,12716758.28797181,213.9,-0.0,216.2,ASK
1337,1712614533.2907488,12716971.19797181,213.9,-7.58536789737541e-08,216.2,ASK
1338,1712614534.8364987,12718297.80397181,213.9,-4.726313731089754e-07,216.2,ASK
1339,1712614541.3727348,12718325.77599978,214.5,9.965625052444784e-09,216.2,BID
1340,1712614560.5962906,12718325.77599978,214.5,0.0,216.2,BID
1341,1712614567.1538155,12718353.74802775,213.9,-9.964434714567505e-09,216.2,ASK
1342,1712614590.5963476,12718353.74802775,213.9,-0.0,216.2,ASK
1343,1712614604.3388555,12718381.7461612,214.3,9.973712974483662e-09,216.2,BID
1344,1712614620.3870502,12718381.7461612,214.3,0.0,216.2,BID
1345,1712614634.2770455,12718409.74429465,213.9,-9.973691657047336e-09,216.2,ASK
1346,1712614650.3867807,12718409.74429465,213.9,-0.0,216.2,ASK
1347,1712614672.6563542,12718437.7424281,214.3,9.973670378828247e-09,216.2,BID
1348,1712614680.5863802,12718437.7424281,214.3,0.0,216.2,BID
1349,1712614695.1667106,12718465.74056155,213.9,-9.973649062237524e-09,216.2,ASK
1350,1712614710.5785549,12718465.74056155,213.9,-0.0,216.2,ASK
1351,1712614734.94653,12718493.738695,214.3,9.973627784200185e-09,216.2,BID
1352,1712614740.4064114,12718493.738695,214.3,0.0,216.2,BID
1353,1712614759.6164129,12718521.73682845,213.9,-9.973606467791537e-09,216.2,ASK
1354,1712614770.4015963,12718521.73682845,213.9,-0.0,216.2,ASK
1355,1712614785.1368232,12718681.40982845,213.9,-5.68792298580992e-08,216.2,ASK
1356,1712614788.3264902,12718841.36982845,213.9,-5.6981465921118034e-08,216.2,ASK
1357,1712614792.9070673,12719219.35382845,213.9,-1.3464667676244762e-07,216.2,ASK
1358,1712614796.9222224,12719247.3519619,214.3,9.973585189935936e-09,216.2,BID
1359,1712614800.44982,12719247.3519619,214.3,0.0,216.2,BID
1360,1712614818.2368665,12719298.2089619,213.9,-1.81155456617587e-08,216.2,ASK
1361,1712614820.3267508,12719504.61721027,214.3,7.352376365618686e-08,216.2,BID
1362,1712614824.5769825,12719532.61534372,213.9,-9.973090526958766e-09,216.2,ASK
1363,1712614826.4871528,12719774.29934372,213.9,-8.60891821707191e-08,216.2,ASK
1364,1712614829.857161,12720015.94234372,213.9,-8.607457774276157e-08,216.2,ASK
1365,1712614830.3992274,12720015.94234372,213.9,-0.0,216.2,ASK
1366,1712614831.8584237,12720552.00234372,213.9,-1.9093636020110642e-07,216.2,ASK
1367,1712614839.8833988,12721489.20946649,213.9,-3.338188202370729e-07,216.2,ASK
1368,1712614859.7479618,12721517.20759994,214.3,9.972506236521168e-09,216.2,BID
1369,1712614860.5791342,12721517.20759994,214.3,0.0,216.2,BID
1370,1712614884.2983806,12721545.20573339,213.9,-9.971365690029341e-09,216.2,ASK
1371,1712614890.6186745,12721545.20573339,213.9,-0.0,216.2,ASK
1372,1712614908.0887704,12723322.37990207,214.3,6.329284688090983e-07,216.2,BID
1373,1712614908.0930493,12724268.90577832,214.3,3.370987402929639e-07,216.2,BID
1374,1712614908.7885504,12725707.69977832,214.3,-5.124166777801114e-07,216.2,ASK
1375,1712614911.79861,12728619.09777832,214.3,-1.0368745566466993e-06,216.2,ASK
1376,1712614916.1818037,12730361.50328402,214.3,-6.205458464357899e-07,216.2,ASK
1377,1712614920.3798363,12730361.50328402,214.3,-0.0,216.2,ASK
1378,1712614923.039086,12730389.47531199,214.5,9.955348449152861e-09,216.2,BID
1379,1712614924.1491773,12730905.17931199,214.3,-1.8354096535437282e-07,216.2,ASK
1380,1712614929.9091167,12730905.88891394,214.3,-2.525499645185711e-10,216.2,ASK
1381,1712614950.3891697,12730905.88891394,214.3,-0.0,216.2,ASK
1382,1712614951.207399,12730933.86094191,213.9,-9.954935095965924e-09,216.2,ASK
1383,1712614970.3702097,12733241.85477206,213.9,-8.213894540221413e-07,216.2,ASK
1384,1712614970.3738282,12733370.12176379,213.9,-4.564880240601007e-08,216.2,ASK
1385,1712614973.710128,12733452.61782962,214.3,2.935943657498489e-08,216.2,BID
1386,1712614977.8876169,12733509.98282962,214.3,-2.0415568453045465e-08,216.2,ASK
1387,1712614980.6386993,12733509.98282962,214.3,-0.0,216.2,ASK
1388,1712614992.3900182,12733537.95485759,214.5,9.952961865931145e-09,216.2,BID
1389,1712614997.0411673,12733538.08445904,214.3,-4.611457908309852e-11,216.2,ASK
1390,1712615010.5907066,12733538.08445904,214.3,-0.0,216.2,ASK
1391,1712615015.6792543,12733566.05648701,213.9,-9.952940518937232e-09,216.2,ASK
1392,1712615040.4109163,12733566.05648701,213.9,-0.0,216.2,ASK
1393,1712615057.4217894,12733594.05462046,214.3,9.96220809934253e-09,216.2,BID
1394,1712615070.4121778,12733594.05462046,214.3,0.0,216.2,BID
1395,1712615081.3605475,12733622.05275391,214.0,-9.962186831720712e-09,216.2,ASK
1396,1712615100.601526,12733622.05275391,214.0,-0.0,216.2,ASK
1397,1712615103.5901008,12733645.40786356,214.3,8.318085415825584e-09,216.2,BID
1398,1712615108.102013,12735070.957338,214.3,5.077194015015631e-07,216.2,BID
1399,1712615112.9224286,12735181.224338,214.0,-3.927236216604425e-08,216.2,ASK
1400,1712615125.0222254,12735209.22247145,214.3,9.971730769573788e-09,216.2,BID
1401,1712615128.9186025,12735450.76147145,214.0,-8.602580178272996e-08,216.2,ASK
1402,1712615130.5823317,12735450.76147145,214.0,-0.0,216.2,ASK
1403,1712615135.312369,12735950.70147145,214.0,-1.780322804365816e-07,216.2,ASK
1404,1712615136.5023377,12736540.77969903,214.0,-2.1013116072344845e-07,216.2,ASK
1405,1712615136.5061233,12737062.90472445,214.0,-1.859325298013233e-07,216.2,ASK
1406,1712615160.415301,12737062.90472445,214.0,-0.0,216.2,ASK
1407,1712615184.98287,12737090.9028579,214.0,-9.969114761574967e-09,216.2,ASK
1408,1712615190.3731935,12737090.9028579,214.0,-0.0,216.2,ASK
1409,1712615220.5832078,12737090.9028579,214.0,-0.0,216.2,ASK
1410,1712615250.6262918,12737090.9028579,214.0,-0.0,216.2,ASK
1411,1712615252.2845695,12737118.90099135,214.3,9.969093494268244e-09,216.2,BID
1412,1712615265.7440262,12741897.3143978,214.3,1.7014152063732553e-06,216.2,BID
1413,1712615273.7739751,12741925.31253125,214.2,-9.969093493605028e-09,216.2,ASK
1414,1712615275.4542248,12742000.83453125,214.2,-2.6890573980490253e-08,216.2,ASK
1415,1712615280.403915,12742000.83453125,214.2,-0.0,216.2,ASK
1416,1712615302.874938,12742028.8326647,214.3,9.965360022000328e-09,216.2,BID
1417,1712615310.3876088,12742028.8326647,214.3,0.0,216.2,BID
1418,1712615339.2448711,12742056.70527544,214.2,-9.920661607375934e-09,216.2,ASK
1419,1712615339.249611,12742056.83079815,214.2,-4.4677132216674035e-11,216.2,ASK
1420,1712615340.4176984,12742056.83079815,214.2,-0.0,216.2,ASK
1421,1712615365.8054085,12742056.94139468,214.2,-3.9364393190586636e-11,216.2,ASK
1422,1712615365.8077688,12743239.52937239,214.2,-4.209160818914094e-07,216.2,ASK
1423,1712615370.3848364,12743239.52937239,214.2,-0.0,216.2,ASK
1424,1712615400.5251496,12743239.52937239,214.2,-0.0,216.2,ASK
1425,1712615409.585236,12743267.54057687,214.2,9.984562818619574e-09,216.2,BID
1426,1712615414.5695212,12743579.96121179,214.2,1.113619893603265e-07,216.2,BID
1427,1712615430.438475,12743579.96121179,214.2,0.0,216.2,BID
1428,1712615441.4557629,12743607.97241627,214.1,-9.984303302964064e-09,216.2,ASK
1429,1712615448.515598,12748386.38582272,214.1,-1.7032158966637057e-06,216.2,ASK
1430,1712615460.605709,12748386.38582272,214.1,-0.0,216.2,ASK
1431,1712615490.6086302,12748386.38582272,214.1,-0.0,216.2,ASK
1432,1712615520.4061065,12748386.38582272,214.1,-0.0,216.2,ASK
1433,1712615541.976267,12748414.3970272,214.2,9.980642440950395e-09,216.2,BID
1434,1712615550.4213994,12748414.3970272,214.2,0.0,216.2,BID
1435,1712615560.691703,12748562.96507358,214.2,5.2936009237059215e-08,216.2,BID
1436,1712615572.76644,12748590.97627806,214.2,-9.980621103843533e-09,216.2,ASK
1437,1712615580.6091385,12748590.97627806,214.2,-0.0,216.2,ASK
1438,1712615595.2664316,12750120.22527806,214.2,-5.448765747634985e-07,216.2,ASK
1439,1712615601.1899693,12750155.86690195,214.3,1.2699230762410464e-08,216.2,BID
1440,1712615610.6267178,12750155.86690195,214.3,0.0,216.2,BID
1441,1712615632.4501874,12750183.8650354,214.3,9.974638036210224e-09,216.2,BID
1442,1712615640.395632,12750183.8650354,214.3,0.0,216.2,BID
1443,1712615644.9969316,12751224.4320354,214.2,-3.7071246231599173e-07,216.2,ASK
1444,1712615645.050413,12756699.75065318,214.3,1.950637341720529e-06,216.2,BID
1445,1712615645.0526357,12757451.95973503,214.3,2.679820529667647e-07,216.2,BID
1446,1712615649.1069508,12758219.39173503,214.2,-2.734053707066918e-07,216.2,ASK
1447,1712615670.3995569,12758219.39173503,214.2,-0.0,216.2,ASK
1448,1712615672.2774692,12758519.11973503,214.2,-1.067156538616241e-07,216.2,ASK
1449,1712615676.1241996,12758818.96473503,214.2,-1.0675731073506217e-07,216.2,ASK
1450,1712615683.267385,12759312.93943812,214.2,-1.758755719564349e-07,216.2,ASK
1451,1712615683.2726164,12759718.60973503,214.2,-1.444355248328329e-07,216.2,ASK
1452,1712615697.861246,12761182.56673503,214.2,-5.212296765069782e-07,216.2,ASK
1453,1712615700.6323638,12761182.56673503,214.2,-0.0,216.2,ASK
1454,1712615704.4979522,12761210.56486848,214.2,-9.979991670829e-09,216.2,ASK
1455,1712615704.6069577,12761279.43486848,214.2,-2.4548851714380533e-08,216.2,ASK
1456,1712615707.2572212,12762744.80886848,214.2,-5.223355457031864e-07,216.2,ASK
1457,1712615707.97734,12763306.5747182,214.5,2.00242580849637e-07,216.2,BID
1458,1712615707.9804366,12763677.20980088,214.5,1.3211362980956489e-07,216.2,BID
1459,1712615717.6973135,12763884.98180088,214.2,-7.40607524097291e-08,216.2,ASK
1460,1712615724.0974245,12768550.19680088,214.2,-1.662925384812879e-06,216.2,ASK
1461,1712615727.2073565,12771811.95580088,214.2,-1.162660636271083e-06,216.2,ASK
1462,1712615729.6173556,12776476.40780088,214.2,-1.662653411909367e-06,216.2,ASK
1463,1712615729.6973453,12778358.46779672,214.2,-6.708641172647587e-07,216.2,ASK
1464,1712615730.6079662,12778358.46779672,214.2,-0.0,216.2,ASK
1465,1712615732.5905812,12782188.49379672,214.2,-1.363432403934276e-06,216.2,ASK
1466,1712615733.3174565,12784012.11209159,214.2,-6.491810435842071e-07,216.2,ASK
1467,1712615733.537217,12785835.73038646,214.2,-6.491810435842071e-07,216.2,ASK
1468,1712615733.6373444,12786140.71821721,214.2,-1.0857114057481465e-07,216.2,ASK
1469,1712615735.317385,12786670.54321721,214.2,-1.8860983539373162e-07,216.2,ASK
1470,1712615742.7674832,12786698.51524518,214.5,9.957626746846824e-09,216.2,BID
1471,1712615760.3978791,12786698.51524518,214.5,0.0,216.2,BID
1472,1712615764.7878764,12786725.53000292,214.1,-9.610740818300889e-09,216.2,ASK
1473,1712615764.7932756,12786726.48727315,214.2,-3.4055741513627234e-10,216.2,ASK
1474,1712615765.027953,12786893.04790448,214.1,-5.9255428965845234e-08,216.2,ASK
1475,1712615765.0326812,12787542.52827315,214.1,-2.310584292511914e-07,216.2,ASK
1476,1712615775.847649,12787542.66163637,214.1,-4.744515366961552e-11,216.2,ASK
1477,1712615776.6281157,12787589.39060833,214.0,-1.6624248218179213e-08,216.2,ASK
1478,1712615776.6321218,12787784.07627315,214.0,-6.926116027721117e-08,216.2,ASK
1479,1712615777.8463497,12788201.09613296,214.0,-1.483585315618148e-07,216.2,ASK
1480,1712615777.8488927,12792236.69227315,214.0,-1.4356992916562423e-06,216.2,ASK
1481,1712615785.4622462,12794445.64327315,214.0,-7.858540041760933e-07,216.2,ASK
1482,1712615790.409882,12794445.64327315,214.0,-0.0,216.2,ASK
1483,1712615795.594699,12796145.09127315,214.0,-6.042373693891958e-07,216.2,ASK
1484,1712615806.4481103,12796605.91027315,214.0,-1.6384382477417177e-07,216.2,ASK
1485,1712615808.039638,12797424.04481392,214.0,-2.908870778757204e-07,216.2,ASK
1486,1712615808.0445526,12799992.79427315,214.0,-9.133168039655686e-07,216.2,ASK
1487,1712615820.608147,12799992.79427315,214.0,-0.0,216.2,ASK
1488,1712615823.1487918,12800233.53327315,214.0,-8.55584462348088e-08,216.2,ASK
1489,1712615825.2581177,12801081.33327315,214.0,-3.01307435512803e-07,216.2,ASK
1490,1712615829.8880415,12803091.88327315,214.0,-7.14547846744466e-07,216.2,ASK
1491,1712615831.9781718,12804841.26527315,214.0,-6.217289504029012e-07,216.2,ASK
1492,1712615833.4580848,12807398.62027315,214.0,-9.088819022709388e-07,216.2,ASK
1493,1712615838.0787294,12807426.60534777,214.4,9.945872925250147e-09,216.2,BID
1494,1712615850.5979342,12807426.60534777,214.4,0.0,216.2,BID
1495,1712615862.9785557,12807427.04238228,214.0,-1.55233944987153e-10,216.2,ASK
1496,1712615862.990206,12807454.59042239,213.9,-9.78501890455156e-09,216.2,ASK
1497,1712615863.2281451,12807963.81442239,213.9,-1.808755340357444e-07,216.2,ASK
1498,1712615871.1347098,12809591.66042239,213.9,-5.782082434810839e-07,216.2,ASK
1499,1712615876.408251,12810669.85142239,213.9,-3.829716842051318e-07,216.2,ASK
1500,1712615882.226209,12810669.85142239,213.9,-0.0,216.2,ASK
1501,1712615882.244811,12812606.89142239,213.9,-6.878639499895629e-07,216.2,ASK
1502,1712615882.3706615,12815578.51242239,213.9,-1.055254903839729e-06,216.2,ASK
1503,1712615883.5783129,12817259.81442239,213.9,-5.970486075895917e-07,216.2,ASK
1504,1712615894.1083193,12817877.47742239,213.9,-2.1933884222475541e-07,216.2,ASK
1505,1712615895.9229558,12819252.07342239,213.9,-4.881339746208557e-07,216.2,ASK
1506,1712615898.2486088,12820171.98342239,213.9,-3.266700358460813e-07,216.2,ASK
1507,1712615900.6082194,12822852.97242239,213.9,-9.520483229150976e-07,216.2,ASK
1508,1712615901.2608075,12822880.98362687,214.2,9.947083053711227e-09,216.2,BID
1509,1712615903.9682791,12826365.36188715,213.9,-1.2373405780853424e-06,216.2,ASK
1510,1712615905.4096377,12831036.49588715,213.9,-1.6587704353920226e-06,216.2,ASK
1511,1712615908.4613228,12835424.29488715,213.9,-1.558155098450237e-06,216.2,ASK
1512,1712615910.408339,12835424.29488715,213.9,-0.0,216.2,ASK
1513,1712615917.1718528,12839891.07327864,213.9,-1.5832245913094257e-06,216.2,ASK
1514,1712615919.8644948,12840131.67227864,213.9,-8.52789684333346e-08,216.2,ASK
1515,1712615927.3684556,12840159.68348312,213.9,-9.928414592552413e-09,216.2,ASK
1516,1712615936.5384328,12842507.10132349,213.9,-8.32029110293787e-07,216.2,ASK
1517,1712615940.5983975,12842507.10132349,213.9,-0.0,216.2,ASK
1518,1712615947.358539,12844345.90732349,213.9,-6.514046949396321e-07,216.2,ASK
1519,1712615952.6528523,12844369.26243314,214.3,8.273645004437805e-09,216.2,BID
1520,1712615963.8290396,12844397.26056659,214.3,9.91845555177953e-09,216.2,BID
1521,1712615970.6084275,12844397.26056659,214.3,0.0,216.2,BID
1522,1712615991.2916949,12844425.25870004,213.9,-9.917035094203638e-09,216.2,ASK
1523,1712616000.4870126,12844425.25870004,213.9,-0.0,216.2,ASK
1524,1712616030.4057734,12844425.25870004,213.9,-0.0,216.2,ASK
1525,1712616053.7489598,12844453.25683349,214.3,9.917014058359567e-09,216.2,BID
1526,1712616060.5789208,12844453.25683349,214.3,0.0,216.2,BID
1527,1712616090.5796018,12844453.25683349,214.3,0.0,216.2,BID
1528,1712616098.5795426,12844481.25496694,213.9,-9.916992982606292e-09,216.2,ASK
1529,1712616120.399015,12844481.25496694,213.9,-0.0,216.2,ASK
1530,1712616134.3497002,12845511.0025297,214.3,3.64737803310826e-07,216.2,BID
1531,1712616134.354571,12854160.19138582,214.5,3.0635529113085857e-06,216.2,BID
1532,1712616150.3924062,12854160.19138582,214.5,0.0,216.2,BID
1533,1712616163.8694377,12854188.16341379,214.5,9.900445601453384e-09,216.2,BID
1534,1712616180.579528,12854188.16341379,214.5,0.0,216.2,BID
1535,1712616181.4951704,12859376.40341919,214.5,1.8363265943988928e-06,216.2,BID
1536,1712616181.5696626,12859376.40341929,214.5,-3.5600307671704816e-17,216.2,ASK
1537,1712616181.5718265,12860786.19307029,214.5,-4.989812009364874e-07,216.2,ASK
1538,1712616182.1894543,12862195.98207029,213.9,-4.989809705207478e-07,216.2,ASK
1539,1712616190.4593513,12862223.95409826,213.9,-9.900424577119742e-09,216.2,ASK
1540,1712616210.5909266,12862223.95409826,213.9,-0.0,216.2,ASK
1541,1712616227.849785,12862251.92612623,214.5,9.89439124199042e-09,216.2,BID
1542,1712616240.3898442,12862251.92612623,214.5,0.0,216.2,BID
1543,1712616242.3399532,12865161.01703532,214.5,1.0290145052978987e-06,216.2,BID
1544,1712616242.345121,12866911.60095082,214.5,6.192230831157558e-07,216.2,BID
1545,1712616254.2799206,12866939.57297879,213.9,-9.894370242704198e-09,216.2,ASK
1546,1712616270.4195583,12866939.57297879,213.9,-0.0,216.2,ASK
