,time,acc_trade_volume,trade_price,dev,high,ask_bid
0,1712601588.417782,13353954.38084197,461.0,0.0,462.8,ASK
1,1712601600.208187,13353954.38084197,461.0,-0.0,462.8,ASK
2,1712601603.046527,13353967.36785495,462.0,2.032916030036238e-09,462.8,BID
3,1712601630.2061658,13353967.36785495,462.0,0.0,462.8,BID
4,1712601636.3787878,13353980.35486793,461.0,-2.0329141210002147e-09,462.8,ASK
5,1712601660.3178508,13353980.35486793,461.0,-0.0,462.8,ASK
6,1712601669.216463,13353993.31943145,462.8,2.0293981066525044e-09,462.8,BID
7,1712601690.305931,13353993.31943145,462.8,0.0,462.8,BID
8,1712601702.0560691,13354006.28399497,461.5,-2.029396200632545e-09,462.8,ASK
9,1712601716.1861792,13356229.45224597,461.7,-3.48001627263857e-07,462.8,ASK
10,1712601720.197472,13356229.45224597,461.7,-0.0,462.8,ASK
11,1712601750.1954906,13356229.45224597,461.7,-0.0,462.8,ASK
12,1712601767.5358434,13356445.52830474,462.8,3.3817804766489414e-08,462.8,BID
13,1712601780.3057373,13356445.52830474,462.8,0.0,462.8,BID
14,1712601805.6358,13356458.49006753,462.9,2.028598196708701e-09,462.9,BID
15,1712601810.3255577,13356458.49006753,462.9,0.0,462.9,BID
16,1712601840.1972828,13356458.49006753,462.9,0.0,462.9,BID
17,1712601840.9855888,13356469.41225908,462.9,1.7093907390674507e-09,462.9,BID
18,1712601840.9874146,13356593.34052243,462.9,1.9395542069490762e-08,462.9,BID
19,1712601840.9951186,13356998.56351751,462.9,6.34199127467757e-08,462.9,BID
20,1712601841.4455144,13356998.56351777,461.7,-4.052065752550458e-17,462.9,ASK
21,1712601841.455595,13357011.5252803,461.6,-2.028596251258825e-09,462.9,ASK
22,1712601870.2152865,13357011.5252803,461.6,-0.0,462.9,ASK
23,1712601874.025584,13357024.48704309,462.9,2.0285150234813816e-09,462.9,BID
24,1712601900.2155693,13357024.48704309,462.9,0.0,462.9,BID
25,1712601901.995258,13357037.44880588,461.7,-2.0286880392579904e-09,462.9,ASK
26,1712601930.1970718,13357037.44880588,461.7,-0.0,462.9,ASK
27,1712601936.855131,13357050.41897449,462.6,2.0300017605642875e-09,462.9,BID
28,1712601960.3049762,13357050.41897449,462.6,0.0,462.9,BID
29,1712601969.1751928,13357063.3891431,461.0,-2.0299998539429034e-09,462.9,ASK
30,1712601990.3247688,13357063.3891431,461.0,-0.0,462.9,ASK
31,1712602001.39489,13357076.37896773,461.9,2.0330743739483503e-09,462.9,BID
32,1712602012.1647506,13357267.34152583,461.0,-2.9888092742262574e-08,462.9,ASK
33,1712602012.2048318,13358006.1577096,461.0,1.1563422086355328e-07,462.9,BID
34,1712602020.5642786,13358006.1577096,461.0,0.0,462.9,BID
35,1712602036.234832,13358266.21607367,460.9,-4.069970513401977e-08,462.9,ASK
36,1712602036.2446082,13358415.7982376,460.9,-2.340993717717828e-08,462.9,ASK
37,1712602050.1863668,13358415.7982376,460.9,-0.0,462.9,ASK
38,1712602052.555406,13358427.7982376,461.5,1.877970864650715e-09,462.9,BID
39,1712602054.204831,13358727.79823735,460.7,-4.694927157720695e-08,462.9,ASK
40,1712602054.2066064,13358727.7982376,460.9,-3.906092542273238e-17,462.9,ASK
41,1712602054.3066251,13358944.90635728,460.6,-3.397689360340961e-08,462.9,ASK
42,1712602054.308399,13358944.90635753,460.7,-3.906092542273238e-17,462.9,ASK
43,1712602054.310151,13360760.1431826,460.6,-2.840801558267853e-07,462.9,ASK
44,1712602070.595072,13360760.14318276,460.6,-2.5068952136977496e-17,462.9,ASK
45,1712602070.5969636,13360773.13300723,460.2,-2.0328759909863263e-09,462.9,ASK
46,1712602080.3049283,13360773.13300723,460.2,-0.0,462.9,ASK
47,1712602110.3044062,13360773.13300723,460.2,-0.0,462.9,ASK
48,1712602139.1248076,13360786.14254755,461.2,2.035615563784612e-09,462.9,BID
49,1712602140.1842942,13360786.14254755,461.2,0.0,462.9,BID
50,1712602170.1964076,13360786.14254755,461.2,0.0,462.9,BID
51,1712602172.9643269,13360799.15208787,460.1,-2.035613652697796e-09,462.9,ASK
52,1712602200.214405,13360799.15208787,460.1,-0.0,462.9,ASK
53,1712602230.204208,13360799.15208787,460.1,-0.0,462.9,ASK
54,1712602241.4042492,13360812.16162819,461.2,2.0363345958962742e-09,462.9,BID
55,1712602260.216332,13360812.16162819,461.2,0.0,462.9,BID
56,1712602260.696587,13361883.51556619,460.1,-1.676948597430307e-07,462.9,ASK
57,1712602271.96393,13361896.52510651,460.2,-2.0363326831675782e-09,462.9,ASK
58,1712602290.216329,13361896.52510651,460.2,-0.0,462.9,ASK
59,1712602299.9038851,13361912.00082095,460.9,2.422164158827848e-09,462.9,BID
60,1712602307.8539672,13361925.01882919,460.9,2.037499018246995e-09,462.9,BID
61,1712602320.2947905,13361925.01882919,460.9,0.0,462.9,BID
62,1712602338.7342844,13361938.03683712,460.0,-2.0374947818665496e-09,462.9,ASK
63,1712602338.7364233,13361938.03683743,460.1,-4.868538069100738e-17,462.9,ASK
64,1712602342.6538117,13362577.19274243,460.0,-1.000365669002806e-07,462.9,ASK
65,1712602350.325639,13362577.19274243,460.0,-0.0,462.9,ASK
66,1712602364.3840396,13362577.19274254,460.0,-1.719941673339497e-17,462.9,ASK
67,1712602367.89627,13362631.54056852,460.0,8.505772410945059e-09,462.9,BID
68,1712602376.5142336,13362644.55857676,460.9,2.037399166372122e-09,462.9,BID
69,1712602380.1872072,13362644.55857676,460.9,0.0,462.9,BID
70,1712602410.1968694,13362644.55857676,460.9,0.0,462.9,BID
71,1712602410.8337915,13362657.576585,459.7,-2.0373892812941222e-09,462.9,ASK
72,1712602440.303243,13362657.576585,459.7,-0.0,462.9,ASK
73,1712602446.603802,13362670.59176938,461.0,2.036945424111851e-09,462.9,BID
74,1712602470.3138406,13362670.59176938,461.0,0.0,462.9,BID
75,1712602483.4239073,13362683.60695376,459.7,-2.036943511357037e-09,462.9,ASK
76,1712602500.223459,13362683.60695376,459.7,-0.0,462.9,ASK
77,1712602519.753821,13362696.6306134,460.7,2.03835733318389e-09,462.9,BID
78,1712602530.194312,13362696.6306134,460.7,0.0,462.9,BID
79,1712602547.3443072,13362709.65427304,459.8,-2.038355419314499e-09,462.9,ASK
80,1712602560.306878,13362709.65427304,459.8,-0.0,462.9,ASK
81,1712602576.849785,13363019.45249247,459.8,-4.8487007879063625e-08,462.9,ASK
82,1712602583.0055208,13363032.50164427,459.8,2.042343327004849e-09,462.9,BID
83,1712602590.2952957,13363032.50164427,459.8,0.0,462.9,BID
84,1712602601.505846,13363960.48944827,459.8,1.452374602944615e-07,462.9,BID
85,1712602618.0667028,13363973.53860007,459.7,-2.042295877536621e-09,462.9,ASK
86,1712602620.2181418,13363973.53860007,459.7,-0.0,462.9,ASK
87,1712602628.0668788,13370596.60619107,459.8,1.0364924802052403e-06,462.9,BID
88,1712602628.0865157,13372928.60534207,459.8,3.649516709054569e-07,462.9,BID
89,1712602628.1466448,13375637.79533895,459.8,4.239810360728603e-07,462.9,BID
90,1712602628.1487863,13382227.41437321,459.8,1.0312578699497648e-06,462.9,BID
91,1712602628.1871347,13386646.14840092,459.8,6.915201345629744e-07,462.9,BID
92,1712602629.20673,13387523.54840092,461.0,1.3731076870908178e-07,462.9,BID
93,1712602650.1986563,13387523.54840092,461.0,0.0,462.9,BID
94,1712602654.407889,13387536.55794124,461.2,2.03251386155439e-09,462.9,BID
95,1712602680.310151,13387536.55794124,461.2,0.0,462.9,BID
96,1712602687.99796,13387545.27853894,459.7,-1.362440075385402e-09,462.9,ASK
97,1712602688.0001974,13387549.56748156,459.7,-6.70071881192649e-10,462.9,ASK
98,1712602700.278191,13387993.66639231,459.7,-6.938264717334579e-08,462.9,ASK
99,1712602701.1682768,13388093.66639231,459.7,-1.562324191616101e-08,462.9,ASK
100,1712602702.1283789,13388180.4154706,461.1,1.3553018361370506e-08,462.9,BID
101,1712602705.3185637,13388192.4154706,461.1,1.874789029939321e-09,462.9,BID
102,1712602710.301316,13388192.4154706,461.1,0.0,462.9,BID
103,1712602721.7386746,13388205.42783234,461.1,2.0328569547302797e-09,462.9,BID
104,1712602740.182006,13388205.42783234,461.1,0.0,462.9,BID
105,1712602750.3692162,13388218.44019408,459.6,-2.032855048941913e-09,462.9,ASK
106,1712602770.2093978,13388218.44019408,459.6,-0.0,462.9,ASK
107,1712602784.8699715,13388231.4497344,461.2,2.032412374067088e-09,462.9,BID
108,1712602800.289976,13388231.4497344,461.2,0.0,462.9,BID
109,1712602817.7706804,13388244.45927472,459.8,-2.033203834538593e-09,462.9,ASK
110,1712602830.2105,13388244.45927472,459.8,-0.0,462.9,ASK
111,1712602853.8213542,13388257.46881504,461.2,2.033201933473847e-09,462.9,BID
112,1712602860.3055136,13388257.46881504,461.2,0.0,462.9,BID
113,1712602873.5114956,13388279.15138225,461.2,3.388666713370818e-09,462.9,BID
114,1712602890.3144894,13388279.15138225,461.2,0.0,462.9,BID
115,1712602895.0316598,13388292.16092257,460.4,-2.033196849328321e-09,462.9,ASK
116,1712602920.204672,13388292.16092257,460.4,-0.0,462.9,ASK
117,1712602926.5960655,13388305.17893081,460.9,2.0345183542923358e-09,462.9,BID
118,1712602930.9115057,13390471.24193081,460.9,3.385229790115778e-07,462.9,BID
119,1712602932.6922338,13391027.37793081,460.9,8.691566932978154e-08,462.9,BID
120,1712602950.2221828,13391027.37793081,460.9,0.0,462.9,BID
121,1712602953.2227523,13391274.84152814,460.9,-3.866720978775604e-08,462.9,ASK
122,1712602964.892486,13391287.85953638,460.2,-2.0341175875988806e-09,462.9,ASK
123,1712602980.3126,13391287.85953638,460.2,-0.0,462.9,ASK
124,1712602998.4329443,13391300.87189812,460.3,-2.0331971604721784e-09,462.9,ASK
125,1712603010.3131638,13391300.87189812,460.3,-0.0,462.9,ASK
126,1712603024.8434696,13392350.91189812,461.0,1.6406985840688678e-07,462.9,BID
127,1712603032.4832585,13397688.51424662,461.0,8.340060012490463e-07,462.9,BID
128,1712603032.5333505,13397701.529431,461.0,2.033636298033084e-09,462.9,BID
129,1712603034.7036269,13398760.003431,461.0,1.65387679809751e-07,462.9,BID
130,1712603037.0337882,13400926.779431,461.0,3.38561037217469e-07,462.9,BID
131,1712603038.72342,13431300.871898,461.0,4.7459840104209646e-06,462.9,BID
132,1712603038.803583,13431300.87189812,461.0,1.891761759865887e-17,462.9,BID
133,1712603038.806133,13432467.26283465,461.2,1.8224981505808856e-07,462.9,BID
134,1712603038.9434938,13434602.17674816,461.3,3.3358255257028097e-07,462.9,BID
135,1712603040.2031715,13434602.17674816,461.3,0.0,462.9,BID
136,1712603070.2603269,13434602.17674816,461.3,0.0,462.9,BID
137,1712603100.303994,13434602.17674816,461.3,0.0,462.9,BID
138,1712603105.8142147,13434615.19193254,461.2,-2.0281842129180193e-09,462.9,ASK
139,1712603130.3142135,13434615.19193254,461.2,-0.0,462.9,ASK
140,1712603160.2144568,13434615.19193254,461.2,-0.0,462.9,ASK
141,1712603168.8960092,13434628.17051787,462.3,2.022479012120599e-09,462.9,BID
142,1712603190.1994164,13434628.17051787,462.3,0.0,462.9,BID
143,1712603205.7253027,13434641.1491032,460.9,-2.022477121410834e-09,462.9,ASK
144,1712603220.3151789,13434641.1491032,460.9,-0.0,462.9,ASK
145,1712603232.057143,13434651.96909454,462.2,1.686097828418147e-09,462.9,BID
146,1712603239.125343,13434664.95048787,462.2,2.0229128114510157e-09,462.9,BID
147,1712603250.3284657,13434664.95048787,462.2,0.0,462.9,BID
148,1712603275.0256808,13434677.9318812,460.4,-2.0229093435679844e-09,462.9,ASK
149,1712603280.1973336,13434677.9318812,460.4,-0.0,462.9,ASK
150,1712603307.965845,13434690.91889418,462.0,2.02378317674963e-09,462.9,BID
151,1712603310.2116811,13434690.91889418,462.0,0.0,462.9,BID
152,1712603340.315945,13434690.91889418,462.0,0.0,462.9,BID
153,1712603370.320537,13434690.91889418,462.0,0.0,462.9,BID
154,1712603373.88648,13434703.90590716,461.2,-2.023781284829021e-09,462.9,ASK
155,1712603400.2363284,13434703.90590716,461.2,-0.0,462.9,ASK
156,1712603411.1563966,13434716.88730049,462.2,2.0230648651204486e-09,462.9,BID
157,1712603430.2185428,13434716.88730049,462.2,0.0,462.9,BID
158,1712603440.3367262,13434729.86869382,461.2,-2.023062973434009e-09,462.9,ASK
159,1712603460.2310023,13434742.85008715,461.2,-2.023062973434009e-09,462.9,ASK
160,1712603460.30113,13434742.85008715,461.2,-0.0,462.9,ASK
161,1712603472.7969606,13434755.83148048,462.2,2.0230591985475627e-09,462.9,BID
162,1712603490.3094747,13434755.83148048,462.2,0.0,462.9,BID
163,1712603505.237091,13434768.81287381,461.6,-2.023057306581441e-09,462.9,ASK
164,1712603512.5770748,13434806.03092919,462.2,5.800167744527207e-09,462.9,BID
165,1712603520.2097385,13434806.03092919,462.2,0.0,462.9,BID
166,1712603536.947198,13434819.01232252,462.2,2.023049994191781e-09,462.9,BID
167,1712603550.219452,13434819.01232252,462.2,0.0,462.9,BID
168,1712603580.237306,13434819.01232252,462.2,0.0,462.9,BID
169,1712603610.200461,13434819.01232252,462.2,0.0,462.9,BID
170,1712603637.2483602,13434831.99371585,461.8,-2.0230481022428748e-09,462.9,ASK
171,1712603640.3175402,13434831.99371585,461.8,-0.0,462.9,ASK
172,1712603670.319939,13434831.99371585,461.8,-0.0,462.9,ASK
173,1712603670.6001222,13434844.97510918,462.2,2.0230462122248712e-09,462.9,BID
174,1712603700.252432,13434844.97510918,462.2,0.0,462.9,BID
175,1712603702.707851,13434857.95650251,461.6,-2.0234326295140246e-09,462.9,ASK
176,1712603720.0180914,13434871.97281313,462.2,2.184747009180439e-09,462.9,BID
177,1712603720.779461,13435336.06411513,462.2,7.233872818449966e-08,462.9,BID
178,1712603730.2082324,13435336.06411513,462.2,0.0,462.9,BID
179,1712603760.319723,13435336.06411513,462.2,0.0,462.9,BID
180,1712603769.9082544,13435349.04550846,462.2,2.023361045495572e-09,462.9,BID
181,1712603770.2283776,13435680.85591371,461.7,5.17180422330388e-08,462.9,BID
182,1712603790.327841,13435680.85591371,461.7,0.0,462.9,BID
183,1712603802.3182714,13435692.85591371,462.2,1.8703485416415887e-09,462.9,BID
184,1712603814.1202753,13435705.83730704,461.1,-2.0233108402388113e-09,462.9,ASK
185,1712603820.2169447,13435705.83730704,461.1,-0.0,462.9,ASK
186,1712603826.1687217,13435940.35612595,461.1,-3.6552595210998623e-08,462.9,ASK
187,1712603826.1716163,13436505.83730704,461.1,-8.813708344492069e-08,462.9,ASK
188,1712603842.4385304,13436517.83730704,462.2,1.8703451798387902e-09,462.9,BID
189,1712603844.3489132,13436530.81870037,462.2,2.023307203498441e-09,462.9,BID
190,1712603850.21828,13436530.81870037,462.2,0.0,462.9,BID
191,1712603875.4987354,13436543.8000937,461.1,-2.0231872405189624e-09,462.9,ASK
192,1712603880.3315873,13436543.8000937,461.1,-0.0,462.9,ASK
193,1712603910.3275115,13436543.8000937,461.1,-0.0,462.9,ASK
194,1712603911.2787368,13436556.78148703,462.2,2.023185353396565e-09,462.9,BID
195,1712603940.1906135,13436556.78148703,462.2,0.0,462.9,BID
196,1712603946.1387217,13436569.76288036,461.1,-2.023183461194495e-09,462.9,ASK
197,1712603960.1088345,13436581.76288036,462.2,1.870230792452964e-09,462.9,BID
198,1712603970.198528,13436581.76288036,462.2,0.0,462.9,BID
199,1712603982.049037,13436594.74427369,462.2,2.023179824912018e-09,462.9,BID
200,1712604000.2412348,13436594.74427369,462.2,0.0,462.9,BID
201,1712604030.2108836,13436594.74427369,462.2,0.0,462.9,BID
202,1712604050.6292083,13436607.72566702,461.1,-2.0275889384022443e-09,462.9,ASK
203,1712604060.3290374,13436607.72566702,461.1,-0.0,462.9,ASK
204,1712604074.9222443,13438086.31989031,461.1,-2.309442763566909e-07,462.9,ASK
205,1712604074.9993956,13442510.52288259,461.1,-6.910241785165207e-07,462.9,ASK
206,1712604075.0191443,13443115.01918682,461.1,-9.441735896299278e-08,462.9,ASK
207,1712604075.03943,13444266.30887586,461.1,-1.7982199573376997e-07,462.9,ASK
208,1712604083.1091957,13444279.29870049,461.9,2.028903942385709e-09,462.9,BID
209,1712604090.3190062,13444279.29870049,461.9,0.0,462.9,BID
210,1712604116.7789755,13444292.28852512,461.1,-2.0277835748699222e-09,462.9,ASK
211,1712604120.2215943,13444292.28852512,461.1,-0.0,462.9,ASK
212,1712604124.3795755,13446581.77131112,461.1,-3.574006100672173e-07,462.9,ASK
213,1712604126.550123,13446581.77131166,461.1,-8.432299637977982e-17,462.9,ASK
214,1712604126.5533133,13446592.61946784,461.0,-1.693455683802649e-09,462.9,ASK
215,1712604147.0994234,13446863.61839818,460.2,-4.23043945224557e-08,462.9,ASK
216,1712604150.2093954,13446863.61839818,460.2,-0.0,462.9,ASK
217,1712604150.830031,13446876.63358256,461.0,2.031364575498439e-09,462.9,BID
218,1712604180.312388,13446876.63358256,461.0,0.0,462.9,BID
219,1712604181.719463,13446889.64876694,460.2,-2.0313626732104406e-09,462.9,ASK
220,1712604210.3423228,13446889.64876694,460.2,-0.0,462.9,ASK
221,1712604215.2800105,13446902.66395132,461.0,2.0313607742271463e-09,462.9,BID
222,1712604240.202088,13446902.66395132,461.0,0.0,462.9,BID
223,1712604244.548499,13446915.6791357,460.3,-2.031358871946267e-09,462.9,ASK
224,1712604270.2106738,13446915.6791357,460.3,-0.0,462.9,ASK
225,1712604280.9732618,13446928.66896033,461.9,2.0273989257987028e-09,462.9,BID
226,1712604300.3342006,13446928.66896033,461.9,0.0,462.9,BID
227,1712604310.789985,13446941.65878496,460.3,-2.02739702752219e-09,462.9,ASK
228,1712604316.6500351,13446954.65423655,461.7,2.02827525965754e-09,462.9,BID
229,1712604330.3138037,13446954.65423655,461.7,0.0,462.9,BID
230,1712604350.889893,13446967.64968814,460.2,-2.028271467468273e-09,462.9,ASK
231,1712604360.2397394,13446967.64968814,460.2,-0.0,462.9,ASK
232,1712604386.149814,13446980.64513973,461.7,2.028269574260097e-09,462.9,BID
233,1712604390.21251,13446980.64513973,461.7,0.0,462.9,BID
234,1712604420.229834,13446980.64513973,461.7,0.0,462.9,BID
235,1712604420.3302846,13446993.64059132,460.3,-2.0282676748846502e-09,462.9,ASK
236,1712604450.211725,13446993.64059132,460.3,-0.0,462.9,ASK
237,1712604476.1301804,13447005.64059132,461.4,1.872900622700046e-09,462.9,BID
238,1712604480.3199782,13447005.64059132,461.4,0.0,462.9,BID
239,1712604488.2602491,13447018.64731145,461.3,2.030022765170272e-09,462.9,BID
240,1712604510.314289,13447018.64731145,461.3,0.0,462.9,BID
241,1712604522.2199993,13447031.65403158,460.3,-2.030020863867534e-09,462.9,ASK
242,1712604540.212274,13447031.65403158,460.3,-0.0,462.9,ASK
243,1712604555.2401466,13447044.655115,461.5,2.0291392197660143e-09,462.9,BID
244,1712604570.2132752,13447044.655115,461.5,0.0,462.9,BID
245,1712604589.5303922,13447057.65619842,460.3,-2.029137319294226e-09,462.9,ASK
246,1712604600.3066928,13447057.65619842,460.3,-0.0,462.9,ASK
247,1712604623.8804448,13447070.65446531,461.6,2.028932646055959e-09,462.9,BID
248,1712604630.213627,13447070.65446531,461.6,0.0,462.9,BID
249,1712604634.5928602,13448828.82834787,460.3,-2.7443759055615565e-07,462.9,ASK
250,1712604657.8303728,13448841.82661476,460.3,-2.0289307458500967e-09,462.9,ASK
251,1712604660.3232603,13448841.82661476,460.3,-0.0,462.9,ASK
252,1712604690.330166,13448841.82661476,460.3,-0.0,462.9,ASK
253,1712604695.610371,13448854.82769818,461.5,2.029112164962206e-09,462.9,BID
254,1712604720.2137277,13448854.82769818,461.5,0.0,462.9,BID
255,1712604750.2302234,13448854.82769818,461.5,0.0,462.9,BID
256,1712604760.310588,13448867.8287816,460.3,-2.0291102645410914e-09,462.9,ASK
257,1712604777.260276,13448924.51512494,460.3,-8.847173533647701e-09,462.9,ASK
258,1712604780.2324064,13448924.51512494,460.3,-0.0,462.9,ASK
259,1712604797.3306382,13448937.53030932,461.0,2.0313008659875075e-09,462.9,BID
260,1712604810.229477,13448937.53030932,461.0,0.0,462.9,BID
261,1712604812.0458016,13450316.41177432,460.3,-2.1520405775926746e-07,462.9,ASK
262,1712604824.4327238,13451107.60950918,460.2,-1.234833938618764e-07,462.9,ASK
263,1712604824.4357588,13451107.60951002,460.3,-1.3110830104616575e-16,462.9,ASK
264,1712604824.4387205,13452283.08930141,460.2,-1.834588594755737e-07,462.9,ASK
265,1712604828.750496,13452296.10448579,459.6,-2.0312989638188296e-09,462.9,ASK
266,1712604840.324412,13452296.10448579,459.6,-0.0,462.9,ASK
267,1712604863.3004105,13452309.12531912,460.8,2.031690464869395e-09,462.9,BID
268,1712604870.3203328,13452309.12531912,460.8,0.0,462.9,BID
269,1712604891.5790615,13452391.88802539,459.6,-1.29137697635201e-08,462.9,ASK
270,1712604891.5827785,13462289.21570524,459.4,-1.5443164764822023e-06,462.9,ASK
271,1712604891.5864112,13462943.52322977,458.5,-1.0209401199027441e-07,462.9,ASK
272,1712604891.5880153,13463584.30467081,458.0,-9.99834873849082e-08,462.9,ASK
273,1712604891.5896368,13469020.30467081,458.9,-8.481990935036259e-07,462.9,ASK
274,1712604891.5912528,13475190.95629381,459.0,-9.628294909777078e-07,462.9,ASK
275,1712604891.592862,13475301.73873662,459.2,-1.7285792414932132e-08,462.9,ASK
276,1712604891.5945237,13478035.94570829,459.0,-4.266283802099748e-07,462.9,ASK
277,1712604891.596171,13480219.35182182,458.0,-3.406848944529181e-07,462.9,ASK
278,1712604891.59782,13485655.35182182,458.5,-8.481990935036259e-07,462.9,ASK
279,1712604891.5994678,13486231.77150754,458.2,-8.994088574439557e-08,462.9,ASK
280,1712604891.601128,13527922.93147432,458.0,-6.505225182291639e-06,462.9,ASK
281,1712604900.2133236,13527922.93147432,458.0,-0.0,462.9,ASK
282,1712604906.6922395,13533602.33083659,458.5,-8.81410508869209e-07,462.9,ASK
283,1712604906.696437,13539281.73019886,458.5,-8.81410508869209e-07,462.9,ASK
284,1712604906.6996987,13539797.73019886,459.1,-8.008026792374511e-08,462.9,ASK
285,1712604906.702589,13554422.42012296,459.0,-2.2696687740768543e-06,462.9,ASK
286,1712604906.705514,13572332.10638786,458.3,-2.7794815397738373e-06,462.9,ASK
287,1712604906.7084222,13578011.50575013,458.5,-8.81410508869498e-07,462.9,ASK
288,1712604906.7109706,13583447.50575013,458.3,-8.436363109175938e-07,462.9,ASK
289,1712604906.7127173,13589126.9051124,458.5,-8.81410508869209e-07,462.9,ASK
290,1712604906.714482,13589991.00510671,458.1,-1.3410340902556416e-07,462.9,ASK
291,1712604906.716267,13598945.84823916,458.3,-1.3897407698869189e-06,462.9,ASK
292,1712604906.7181373,13603536.73762952,458.3,-7.124799464890559e-07,462.9,ASK
293,1712604916.9905224,13603580.22534424,459.9,6.7490462136439145e-09,462.9,BID
294,1712604930.2130237,13603580.22534424,459.9,0.0,462.9,BID
295,1712604930.7907383,13603593.24617757,459.0,-2.009938820571792e-09,462.9,ASK
296,1712604939.0605297,13603846.74093781,459.6,3.913028809254757e-08,462.9,BID
297,1712604960.3159297,13603846.74093781,459.6,0.0,462.9,BID
298,1712604971.5908885,13606928.09558012,459.9,4.756390827126953e-07,462.9,BID
299,1712604987.1006804,13607015.43182467,459.1,-1.348125615752326e-08,462.9,ASK
300,1712604990.3270648,13607015.43182467,459.1,-0.0,462.9,ASK
301,1712604993.7515814,13607028.47530293,460.0,2.012943517209112e-09,462.9,BID
302,1712604996.4338045,13607073.08044846,459.3,-6.883718953278105e-09,462.9,ASK
303,1712605020.2827585,13607073.08044846,459.3,-0.0,462.9,ASK
304,1712605032.331009,13607086.12392672,459.3,-2.012935288754509e-09,462.9,ASK
305,1712605050.221688,13607086.12392672,459.3,-0.0,462.9,ASK
306,1712605066.1311574,13607099.16457005,460.1,2.012495927567523e-09,462.9,BID
307,1712605080.3151584,13607099.16457005,460.1,0.0,462.9,BID
308,1712605104.3114512,13607112.20521338,459.4,-2.012494063812448e-09,462.9,ASK
309,1712605110.3249238,13607112.20521338,459.4,-0.0,462.9,ASK
310,1712605125.5906377,13607133.93961894,460.1,3.354153673888618e-09,462.9,BID
311,1712605140.210686,13607133.93961894,460.1,0.0,462.9,BID
312,1712605142.9110832,13607146.98026227,460.1,2.0124890977048526e-09,462.9,BID
313,1712605170.2071412,13607146.98026227,460.1,0.0,462.9,BID
314,1712605176.111083,13607160.0209056,459.1,-2.0124872342498776e-09,462.9,ASK
315,1712605181.0110233,13607173.07289602,459.7,2.014238365011181e-09,462.9,BID
316,1712605185.1421187,13607248.22408157,459.7,1.1597648806334865e-08,462.9,BID
317,1712605200.242883,13607248.22408157,459.7,0.0,462.9,BID
318,1712605211.7911196,13607261.27607199,459.0,-2.014225555274875e-09,462.9,ASK
319,1712605216.811073,13607274.32522379,459.8,2.0137874903625397e-09,462.9,BID
320,1712605217.081576,13608970.76235938,459.8,2.6179968890300653e-07,462.9,BID
321,1712605230.216845,13608970.76235938,459.8,0.0,462.9,BID
322,1712605243.2311594,13610051.01132538,459.5,1.666871556536301e-07,462.9,BID
323,1712605243.3992715,13611131.89054138,459.5,1.667844059944111e-07,462.9,BID
324,1712605248.7511723,13611230.10294616,459.5,1.5154605019737296e-08,462.9,BID
325,1712605253.8713694,13612270.68567248,459.5,1.6056648081324356e-07,462.9,BID
326,1712605254.4513102,13612283.73482428,458.8,-2.013541383034517e-09,462.9,ASK
327,1712605260.320819,13612283.73482428,458.8,-0.0,462.9,ASK
328,1712605287.673683,13612295.73482428,459.8,1.8512178096955526e-09,462.9,BID
329,1712605290.3147843,13612295.73482428,459.8,0.0,462.9,BID
330,1712605291.870891,13612308.78397608,459.8,2.013066804384544e-09,462.9,BID
331,1712605320.218763,13612308.78397608,459.8,0.0,462.9,BID
332,1712605327.3311803,13612321.83312788,459.1,-2.013064941075295e-09,462.9,ASK
333,1712605350.2233982,13612321.83312788,459.1,-0.0,462.9,ASK
334,1712605362.4515707,13612365.39662167,459.1,-6.7204414778305745e-09,462.9,ASK
335,1712605362.8109772,13612378.45429305,459.5,2.0143773767118637e-09,462.9,BID
336,1712605380.316829,13612378.45429305,459.5,0.0,462.9,BID
337,1712605397.6612377,13612618.74783482,459.3,3.70693915313564e-08,462.9,BID
338,1712605398.6712968,13612631.8055062,459.1,-2.0143692971549976e-09,462.9,ASK
339,1712605410.3254695,13612631.8055062,459.1,-0.0,462.9,ASK
340,1712605433.2614467,13612644.84898446,460.0,2.0121436460297795e-09,462.9,BID
341,1712605440.2057784,13612644.84898446,460.0,0.0,462.9,BID
342,1712605442.9315035,13612862.2402888,459.9,3.3535696395188475e-08,462.9,BID
343,1712605468.3113992,13612875.28376706,459.2,-2.0121417836193595e-09,462.9,ASK
344,1712605470.226714,13612875.28376706,459.2,-0.0,462.9,ASK
345,1712605500.22812,13612875.28376706,459.2,-0.0,462.9,ASK
346,1712605507.0371697,13612888.32724532,460.0,2.012108891590238e-09,462.9,BID
347,1712605530.2259738,13612888.32724532,460.0,0.0,462.9,BID
348,1712605539.891313,13612901.37072358,460.0,2.0121070292441536e-09,462.9,BID
349,1712605549.0121698,13612914.41420184,459.2,-2.012107029531488e-09,462.9,ASK
350,1712605560.328776,13612914.41420184,459.2,-0.0,462.9,ASK
351,1712605590.3258564,13612914.41420184,459.2,-0.0,462.9,ASK
352,1712605617.56434,13612927.4576801,460.0,2.012103307801175e-09,462.9,BID
353,1712605620.2139385,13612927.4576801,460.0,0.0,462.9,BID
354,1712605650.0413773,13613659.0273871,460.0,1.1285275565228053e-07,462.9,BID
355,1712605650.213804,13613659.0273871,460.0,0.0,462.9,BID
356,1712605655.0013895,13613672.07086536,459.2,-2.011996998138848e-09,462.9,ASK
357,1712605680.32423,13613672.07086536,459.2,-0.0,462.9,ASK
358,1712605689.6617484,13613685.11434362,460.0,2.011995139525707e-09,462.9,BID
359,1712605710.3315458,13613685.11434362,460.0,0.0,462.9,BID
360,1712605723.6319635,13613698.15782188,459.3,-2.011993277102869e-09,462.9,ASK
361,1712605740.22163,13613698.15782188,459.3,-0.0,462.9,ASK
362,1712605755.4520447,13615869.09782188,460.0,3.348733030838628e-07,462.9,BID
363,1712605755.6123664,13616257.86100188,460.0,5.996776060335822e-08,462.9,BID
364,1712605762.8717735,13616656.71200188,460.0,6.152383382694317e-08,462.9,BID
365,1712605770.2405455,13616656.71200188,460.0,0.0,462.9,BID
366,1712605773.4116075,13618817.18800188,460.0,3.331892573833639e-07,462.9,BID
367,1712605777.1723838,13620208.09217939,460.0,2.1450565986188682e-07,462.9,BID
368,1712605790.232124,13620221.13565765,460.0,2.0115691334154233e-09,462.9,BID
369,1712605800.2445226,13620221.13565765,460.0,0.0,462.9,BID
370,1712605812.9316175,13621221.13565765,459.9,1.547473532460439e-07,462.9,BID
371,1712605813.1716893,13626772.17115655,459.9,8.590080512296601e-07,462.9,BID
372,1712605816.3704104,13627209.17115655,459.9,6.762459336852117e-08,462.9,BID
373,1712605819.891899,13627222.21463481,459.4,-2.0184437378289582e-09,462.9,ASK
374,1712605821.2416666,13628698.41263481,459.9,2.284377333672257e-07,462.9,BID
375,1712605821.301747,13629838.35879581,459.9,1.7640365125774757e-07,462.9,BID
376,1712605821.3216295,13629838.35879671,459.9,1.3921963352307523e-16,462.9,BID
377,1712605830.2149827,13629838.35879671,459.9,0.0,462.9,BID
378,1712605853.7617843,13629851.39944004,460.1,2.016624780399221e-09,462.9,BID
379,1712605860.3217149,13629851.39944004,460.1,0.0,462.9,BID
380,1712605890.3421326,13629851.39944004,460.1,0.0,462.9,BID
381,1712605892.786538,13630991.62257372,460.3,1.763256639079701e-07,462.9,BID
382,1712605892.7914777,13631074.35982104,460.1,1.2794601015084136e-08,462.9,BID
383,1712605920.227487,13631074.35982104,460.1,0.0,462.9,BID
384,1712605950.2209475,13631074.35982104,460.1,0.0,462.9,BID
385,1712605950.6647482,13632186.72735831,460.3,1.7200306362412593e-07,462.9,BID
386,1712605954.372066,13632199.76800164,460.1,-2.016447378543437e-09,462.9,ASK
387,1712605980.3197408,13632199.76800164,460.1,-0.0,462.9,ASK
388,1712605999.0767615,13632535.00600164,460.3,5.1832998279149466e-08,462.9,BID
389,1712606008.0097342,13632988.67200164,460.3,7.014380528841627e-08,462.9,BID
390,1712606010.3159516,13632988.67200164,460.3,0.0,462.9,BID
391,1712606040.2253468,13632988.67200164,460.3,0.0,462.9,BID
392,1712606052.2133346,13632988.67200808,460.3,9.958268271353065e-16,462.9,BID
393,1712606052.2221658,13633001.69283498,460.8,2.013108916911785e-09,462.9,BID
394,1712606070.1946938,13633001.69283498,460.8,0.0,462.9,BID
395,1712606083.352049,13633014.71366832,460.1,-2.01310804500898e-09,462.9,ASK
396,1712606098.8922672,13633058.18247944,460.1,-6.720569343656306e-09,462.9,ASK
397,1712606100.2262485,13633058.18247944,460.1,-0.0,462.9,ASK
398,1712606130.2203872,13633058.18247944,460.1,-0.0,462.9,ASK
399,1712606145.972049,13633071.19766382,461.0,2.015157450946527e-09,462.9,BID
400,1712606160.3221395,13633071.19766382,461.0,0.0,462.9,BID
401,1712606178.8796551,13633084.2128482,460.1,-2.0151555788920127e-09,462.9,ASK
402,1712606190.3312476,13633084.2128482,460.1,-0.0,462.9,ASK
403,1712606211.432347,13633097.23650784,460.7,2.016465943405237e-09,462.9,BID
404,1712606211.5521965,13633704.85723284,460.7,9.407851036127125e-08,462.9,BID
405,1712606220.2219954,13633704.85723284,460.7,0.0,462.9,BID
406,1712606236.052446,13638005.21898255,461.0,6.657997346080307e-07,462.9,BID
407,1712606245.102291,13638018.24264219,460.1,-2.016376676482953e-09,462.9,ASK
408,1712606250.2204363,13638018.24264219,460.1,-0.0,462.9,ASK
409,1712606280.335034,13638018.24264219,460.1,-0.0,462.9,ASK
410,1712606308.6429927,13638031.26065043,460.9,2.014881398993131e-09,462.9,BID
411,1712606310.3424,13638031.26065043,460.9,0.0,462.9,BID
412,1712606340.212576,13638031.26065043,460.9,0.0,462.9,BID
413,1712606340.531211,13638044.27865867,460.1,-2.0148795278574522e-09,462.9,ASK
414,1712606350.7233565,13638387.40403929,460.0,-5.3107686842518176e-08,462.9,ASK
415,1712606350.726169,13638587.63879778,460.1,-3.0991600882701275e-08,462.9,ASK
416,1712606370.215103,13638587.63879778,460.1,-0.0,462.9,ASK
417,1712606379.0527406,13638600.65398216,461.0,2.0143626606336046e-09,462.9,BID
418,1712606381.7024353,13641646.56101116,461.0,4.714156332930573e-07,462.9,BID
419,1712606400.2693737,13641646.56101116,461.0,0.0,462.9,BID
420,1712606409.4335892,13641659.57619554,460.2,-2.0161510241436487e-09,462.9,ASK
421,1712606430.2173276,13641659.57619554,460.2,-0.0,462.9,ASK
422,1712606460.3254795,13641659.57619554,460.2,-0.0,462.9,ASK
423,1712606474.392777,13641672.58009671,461.4,2.0144013001631237e-09,462.9,BID
424,1712606490.3191075,13641672.58009671,461.4,0.0,462.9,BID
425,1712606520.2324588,13641672.58009671,461.4,0.0,462.9,BID
426,1712606550.237533,13641672.58009671,461.4,0.0,462.9,BID
427,1712606559.6726596,13644490.09201695,460.8,4.364532093685008e-07,462.9,BID
428,1712606562.2224994,13644533.50421577,460.7,-6.7248672008385234e-09,462.9,ASK
429,1712606569.8130407,13644546.50811694,460.1,-2.0143994278901312e-09,462.9,ASK
430,1712606580.2328436,13644546.50811694,460.1,-0.0,462.9,ASK
431,1712606610.2129986,13644546.50811694,460.1,-0.0,462.9,ASK
432,1712606617.5500474,13647054.68465396,460.0,-3.884552066943246e-07,462.9,ASK
433,1712606637.432378,13647067.70548729,460.8,2.0166086509347767e-09,462.9,BID
434,1712606640.3214502,13647067.70548729,460.8,0.0,462.9,BID
435,1712606670.3126907,13647067.70548729,460.8,0.0,462.9,BID
436,1712606700.205204,13647067.70548729,460.8,0.0,462.9,BID
437,1712606730.2035906,13647067.70548729,460.8,0.0,462.9,BID
438,1712606737.6692178,13647080.72632062,460.1,-2.016729152859482e-09,462.9,ASK
439,1712606760.3256426,13647080.72632062,460.1,-0.0,462.9,ASK
440,1712606769.208383,13647093.73022179,461.4,2.0141047495435383e-09,462.9,BID
441,1712606790.321137,13647093.73022179,461.4,0.0,462.9,BID
442,1712606800.624373,13647106.73412296,460.3,-2.014102878110254e-09,462.9,ASK
443,1712606820.2232902,13647106.73412296,460.3,-0.0,462.9,ASK
444,1712606835.7769444,13647119.7464847,461.1,2.0154114209089547e-09,462.9,BID
445,1712606850.199747,13647119.7464847,461.1,0.0,462.9,BID
446,1712606863.336133,13647132.75884644,460.0,-2.0154095476878594e-09,462.9,ASK
447,1712606880.305422,13647132.75884644,460.0,-0.0,462.9,ASK
448,1712606910.3182602,13647132.75884644,460.0,-0.0,462.9,ASK
449,1712606934.0247183,13647145.78250608,460.7,2.0171575444006243e-09,462.9,BID
450,1712606940.2112772,13647145.78250608,460.7,0.0,462.9,BID
451,1712606970.2071233,13647145.78250608,460.7,0.0,462.9,BID
452,1712607000.2894602,13647145.78250608,460.7,0.0,462.9,BID
453,1712607030.2127376,13647145.78250608,460.7,0.0,462.9,BID
454,1712607060.3123126,13647145.78250608,460.7,0.0,462.9,BID
455,1712607062.0926728,13647158.80616572,460.1,-2.0171556695603283e-09,462.9,ASK
456,1712607090.3115432,13647158.80616572,460.1,-0.0,462.9,ASK
457,1712607097.5818973,13647171.81852746,461.1,2.015403936106705e-09,462.9,BID
458,1712607101.94183,13648777.81852746,461.1,2.487433707952602e-07,462.9,BID
459,1712607120.2096157,13648777.81852746,461.1,0.0,462.9,BID
460,1712607129.0515497,13648790.8308892,460.1,-2.015170932227566e-09,462.9,ASK
461,1712607148.9715316,13654100.30002814,460.1,-8.222556433309599e-07,462.9,ASK
462,1712607148.9810264,13654913.04948909,460.1,-1.2586716550993886e-07,462.9,ASK
463,1712607149.2822597,13659260.87557604,460.1,6.733299398987158e-07,462.9,BID
464,1712607149.3040917,13661434.78861951,460.1,3.3666496994878095e-07,462.9,BID
465,1712607149.3061378,13662210.2138647,460.1,1.2008691776033626e-07,462.9,BID
466,1712607149.310892,13662686.39010562,460.1,7.374345552635552e-08,462.9,BID
467,1712607149.3311045,13663389.89010562,460.1,1.0894815092548624e-07,462.9,BID
468,1712607149.361204,13665563.80314909,460.1,3.366649699484925e-07,462.9,BID
469,1712607149.4013054,13669911.62923604,460.1,6.733299398990042e-07,462.9,BID
470,1712607149.4056082,13670286.52255919,460.1,5.8058186711374985e-08,462.9,BID
471,1712607149.4822712,13680262.61471123,460.1,1.5449563517086877e-06,462.9,BID
472,1712607149.4857254,13683335.00885887,460.1,4.758090423591664e-07,462.9,BID
473,1712607149.5016544,13685503.45385887,460.1,3.3581815655073985e-07,462.9,BID
474,1712607149.5053513,13688104.18463577,460.1,4.027644764723592e-07,462.9,BID
475,1712607149.5417025,13692452.01072272,460.1,6.733299398987158e-07,462.9,BID
476,1712607149.5811994,13693555.2718478,460.1,1.7085751182014058e-07,462.9,BID
477,1712607149.585639,13698791.77152124,460.1,8.10955162392772e-07,462.9,BID
478,1712607150.215639,13698791.77152124,460.1,0.0,462.9,BID
479,1712607155.3214457,13699249.77855375,460.6,-7.067779165563254e-08,462.9,ASK
480,1712607155.4012685,13699481.02955518,460.6,-3.568571864404497e-08,462.9,ASK
481,1712607160.161063,13699494.05604237,460.6,2.010194783677766e-09,462.9,BID
482,1712607180.3215337,13699494.05604237,460.6,0.0,462.9,BID
483,1712607196.640527,13699507.08252956,459.8,-2.0100944459369064e-09,462.9,ASK
484,1712607210.3201838,13699507.08252956,459.8,-0.0,462.9,ASK
485,1712607214.0007472,13699673.18743505,459.6,-2.563133364348e-08,462.9,ASK
486,1712607214.006255,13699703.65812054,459.8,-4.7018738180604e-09,462.9,ASK
487,1712607229.1601331,13699716.6874365,460.5,2.0105290901770712e-09,462.9,BID
488,1712607230.7502732,13700623.69680815,460.5,1.399588997926006e-07,462.9,BID
489,1712607230.818599,13701530.7061798,460.6,-1.399588997926006e-07,462.9,ASK
490,1712607230.8307087,13702848.93740886,460.6,-2.034137664488913e-07,462.9,ASK
491,1712607240.2061503,13702848.93740886,460.6,-0.0,462.9,ASK
492,1712607261.379756,13702861.96672482,459.7,-2.010051750213877e-09,462.9,ASK
493,1712607270.223134,13702861.96672482,459.7,-0.0,462.9,ASK
494,1712607288.069428,13703079.49989863,459.7,-3.355913188898674e-08,462.9,ASK
495,1712607295.6703444,13703092.52355827,460.7,2.0091772850752036e-09,462.9,BID
496,1712607300.2298818,13703092.52355827,460.7,0.0,462.9,BID
497,1712607327.7494032,13703105.54721791,459.7,-2.010068818515996e-09,462.9,ASK
498,1712607330.202308,13703105.54721791,459.7,-0.0,462.9,ASK
499,1712607360.3185716,13703105.54721791,459.7,-0.0,462.9,ASK
500,1712607360.3688986,13703118.5737051,460.6,2.010503364397861e-09,462.9,BID
501,1712607390.3139434,13703118.5737051,460.6,0.0,462.9,BID
502,1712607390.7952292,13703131.60019229,459.1,-2.010501502597373e-09,462.9,ASK
503,1712607420.2111702,13703131.60019229,459.1,-0.0,462.9,ASK
504,1712607426.3682306,13703144.63233825,460.4,2.0113730177792646e-09,462.9,BID
505,1712607450.202605,13703144.63233825,460.4,0.0,462.9,BID
506,1712607456.8923137,13703157.64103825,459.1,-2.0077525241345947e-09,462.9,ASK
507,1712607456.8957324,13703157.66448421,459.1,-3.6186310422942416e-12,462.9,ASK
508,1712607479.2502568,13703205.59473746,459.0,-7.397517580176869e-09,462.9,ASK
509,1712607480.3179965,13703205.59473746,459.0,-0.0,462.9,ASK
510,1712607489.328535,13705073.74256835,459.1,2.883272213050956e-07,462.9,BID
511,1712607489.3474312,13706941.89039835,460.4,2.883272211679686e-07,462.9,BID
512,1712607492.0376143,13706954.92537553,460.3,2.011799434818637e-09,462.9,BID
513,1712607510.3064764,13706954.92537553,460.3,0.0,462.9,BID
514,1712607521.0872188,13706967.96035271,459.7,-2.0112643519077714e-09,462.9,ASK
515,1712607540.2088594,13706967.96035271,459.7,-0.0,462.9,ASK
516,1712607557.037167,13706980.99532989,460.3,2.0112624926256723e-09,462.9,BID
517,1712607570.2222202,13706980.99532989,460.3,0.0,462.9,BID
518,1712607570.8072202,13707610.74923904,459.7,-9.716927209647533e-08,462.9,ASK
519,1712607570.8128989,13709154.90837336,459.7,-2.382594484969427e-07,462.9,ASK
520,1712607571.996969,13709411.53507676,459.7,-3.9596784724312185e-08,462.9,ASK
521,1712607586.3270285,13709424.57005394,459.7,-2.0112606306325083e-09,462.9,ASK
522,1712607600.2228172,13709424.57005394,459.7,-0.0,462.9,ASK
523,1712607621.7465591,13709437.60503112,460.3,2.0109670759516486e-09,462.9,BID
524,1712607630.1918566,13709437.60503112,460.3,0.0,462.9,BID
525,1712607651.882689,13709450.6400083,459.7,-2.0109652147927867e-09,462.9,ASK
526,1712607660.226205,13709450.6400083,459.7,-0.0,462.9,ASK
527,1712607685.9862309,13709463.67498548,460.3,2.010963355489037e-09,462.9,BID
528,1712607689.8362358,13710906.08221204,460.3,2.225265174207193e-07,462.9,BID
529,1712607690.2153945,13710906.08221204,460.3,0.0,462.9,BID
530,1712607716.7960346,13711088.18529495,459.7,-2.80909415344312e-08,462.9,ASK
531,1712607720.321251,13711088.18529495,459.7,-0.0,462.9,ASK
532,1712607746.8057232,13711101.22027213,459.7,-2.010729569283298e-09,462.9,ASK
533,1712607750.3160465,13711101.22027213,459.7,-0.0,462.9,ASK
534,1712607773.4854822,13718158.25234246,459.7,-1.0885918513129215e-06,462.9,ASK
535,1712607780.1962318,13718158.25234246,459.7,-0.0,462.9,ASK
536,1712607785.7254407,13718171.29298579,460.1,2.0105955965029727e-09,462.9,BID
537,1712607810.2212312,13718171.29298579,460.1,0.0,462.9,BID
538,1712607814.196147,13720514.62051571,459.7,-3.612919650937906e-07,462.9,ASK
539,1712607814.3952928,13720527.66115904,459.7,-2.0105937368400843e-09,462.9,ASK
540,1712607818.1955016,13720540.7046373,460.0,2.011030823466528e-09,462.9,BID
541,1712607818.355503,13724021.23541825,459.7,-5.366248590361765e-07,462.9,ASK
542,1712607824.4751737,13724346.86724467,459.7,-5.0205599073101935e-08,462.9,ASK
543,1712607840.2948885,13724346.86724467,459.7,-0.0,462.9,ASK
544,1712607846.8952832,13731773.03314667,459.7,-1.1444581232707656e-06,462.9,ASK
545,1712607846.9994075,13732333.47749593,459.6,-8.63709613567997e-08,462.9,ASK
546,1712607847.002428,13732333.47749688,459.7,-1.463981405706848e-16,462.9,ASK
547,1712607847.0055368,13733057.80264732,459.6,-1.1162688973709983e-07,462.9,ASK
548,1712607849.2051885,13733070.84612558,459.5,-2.010150977926952e-09,462.9,ASK
549,1712607870.308188,13733070.84612558,459.5,-0.0,462.9,ASK
550,1712607873.7152202,13733114.37169685,459.8,6.7036512771367325e-09,462.9,BID
551,1712607881.6451848,13733127.42084865,459.8,2.009783228139425e-09,462.9,BID
552,1712607900.2318757,13733127.42084865,459.8,0.0,462.9,BID
553,1712607912.524831,13733140.47000045,459.5,-2.010345004408594e-09,462.9,ASK
554,1712607917.145197,13733608.56647923,459.5,-7.211468087842376e-08,462.9,ASK
555,1712607917.1505685,13734324.61012558,459.4,-1.1031328239445629e-07,462.9,ASK
556,1712607917.154544,13735237.68839879,459.5,-1.406683264548115e-07,462.9,ASK
557,1712607930.2185082,13735237.68839879,459.5,-0.0,462.9,ASK
558,1712607945.0858743,13735250.71488598,460.6,2.006553577671689e-09,462.9,BID
559,1712607960.3041873,13735250.71488598,460.6,0.0,462.9,BID
560,1712607973.644341,13735263.74137317,459.4,-2.006551723179309e-09,462.9,ASK
561,1712607990.3039465,13735263.74137317,459.4,-0.0,462.9,ASK
562,1712608007.8344724,13735276.77351913,460.4,2.007421528636688e-09,462.9,BID
563,1712608020.2251222,13735276.77351913,460.4,0.0,462.9,BID
564,1712608040.59396,13737448.7978458,460.4,3.345699455513764e-07,462.9,BID
565,1712608041.8740509,13737461.82999176,459.0,-2.007419673345557e-09,462.9,ASK
566,1712608050.206806,13737461.82999176,459.0,-0.0,462.9,ASK
567,1712608053.6841092,13737487.72352788,459.0,-3.9879188482329665e-09,462.9,ASK
568,1712608076.2440076,13737500.75567384,460.4,2.0071086569893677e-09,462.9,BID
569,1712608080.3164606,13737500.75567384,460.4,0.0,462.9,BID
570,1712608106.7139106,13737513.7878198,459.0,-2.0071031283684507e-09,462.9,ASK
571,1712608110.3152366,13737513.7878198,459.0,-0.0,462.9,ASK
572,1712608140.2011194,13737513.7878198,459.0,-0.0,462.9,ASK
573,1712608141.3447766,13737526.82279698,460.3,2.007537319756773e-09,462.9,BID
574,1712608156.1138976,13738616.50212901,460.3,1.6782322635290548e-07,462.9,BID
575,1712608156.2134633,13739699.31899501,460.3,-1.66766327175027e-07,462.9,ASK
576,1712608156.2334032,13739699.31899511,460.3,-1.549092095492299e-17,462.9,ASK
577,1712608170.1995246,13739699.31899511,460.3,-0.0,462.9,ASK
578,1712608172.6834898,13739712.35397229,459.0,-2.0072263288590316e-09,462.9,ASK
579,1712608200.3838973,13739712.35397229,459.0,-0.0,462.9,ASK
580,1712608230.3129933,13739712.35397229,459.0,-0.0,462.9,ASK
581,1712608238.0028696,13739725.40880257,459.6,2.010281610538414e-09,462.9,BID
582,1712608260.2106216,13739725.40880257,459.6,0.0,462.9,BID
583,1712608266.393066,13739747.16685304,459.7,3.350466255507604e-09,462.9,BID
584,1712608269.6029184,13739760.22168332,459.0,-2.0102797529030087e-09,462.9,ASK
585,1712608290.20897,13739760.22168332,459.0,-0.0,462.9,ASK
586,1712608302.8829207,13739773.2793547,459.5,2.010712294650633e-09,462.9,BID
587,1712608320.306164,13739773.2793547,459.5,0.0,462.9,BID
588,1712608332.7025974,13739786.33702608,459.0,-2.0107104366236e-09,462.9,ASK
589,1712608350.305452,13739786.33702608,459.0,-0.0,462.9,ASK
590,1712608369.012476,13739799.39753979,459.4,2.0111462623125103e-09,462.9,BID
591,1712608380.20232,13739799.39753979,459.4,0.0,462.9,BID
592,1712608380.2820268,13740017.07276834,459.4,3.3519073408936275e-08,462.9,BID
593,1712608410.20735,13740017.07276834,459.4,0.0,462.9,BID
594,1712608412.6927123,13740234.74799689,459.4,3.351855726827813e-08,462.9,BID
595,1712608438.396423,13740247.8085106,459.0,-2.0111134354312703e-09,462.9,ASK
596,1712608440.2167373,13740247.8085106,459.0,-0.0,462.9,ASK
597,1712608470.2243235,13740247.8085106,459.0,-0.0,462.9,ASK
598,1712608471.0928962,13740260.87755873,459.1,2.012394756688333e-09,462.9,BID
599,1712608477.4721313,13740260.8775596,459.0,-1.3394182930987572e-16,462.9,ASK
600,1712608477.4772632,13740875.2993146,459.0,-9.460973023990977e-08,462.9,ASK
601,1712608500.2301178,13740875.2993146,459.0,-0.0,462.9,ASK
602,1712608500.5896938,13743206.75691921,458.9,-3.589970579365889e-07,462.9,ASK
603,1712608500.5922942,13745069.68345027,458.9,-2.8685280078851694e-07,462.9,ASK
604,1712608500.618144,13747451.26962227,458.9,-3.667158378858256e-07,462.9,ASK
605,1712608500.6233375,13750284.43218551,458.9,-4.362494187531556e-07,462.9,ASK
606,1712608500.8478014,13751766.62531651,458.4,2.2822759988014645e-07,462.9,BID
607,1712608500.8504636,13751766.62531743,458.4,1.416838800123226e-16,462.9,BID
608,1712608504.0506773,13751816.95211481,459.0,7.749303336574695e-09,462.9,BID
609,1712608506.3021472,13751830.02116294,458.1,-2.012367636340327e-09,462.9,ASK
610,1712608518.211978,13751879.07283069,458.7,7.552959305055215e-09,462.9,BID
611,1712608530.2083905,13751879.07283069,458.7,0.0,462.9,BID
612,1712608538.4619443,13751892.15042441,458.8,2.0121192131930787e-09,462.9,BID
613,1712608551.7521255,13752110.11031978,458.8,3.353532022666719e-08,462.9,BID
614,1712608560.3115754,13752110.11031978,458.8,0.0,462.9,BID
615,1712608590.3116066,13752110.11031978,458.8,0.0,462.9,BID
616,1712608603.8216426,13752123.1879135,458.7,-2.012086397743591e-09,462.9,ASK
617,1712608620.1857228,13752123.1879135,458.7,-0.0,462.9,ASK
618,1712608639.981582,13752136.25696163,459.1,2.010769738660828e-09,462.9,BID
619,1712608650.1898086,13752136.25696163,459.1,0.0,462.9,BID
620,1712608680.3284254,13752136.25696163,459.1,0.0,462.9,BID
621,1712608710.0419548,13752149.32600976,459.1,-2.0107678821451624e-09,462.9,ASK
622,1712608710.3059585,13752149.32600976,459.1,-0.0,462.9,ASK
623,1712608730.3221087,13752258.09259666,459.7,1.6734513143890153e-08,462.9,BID
624,1712608740.2073984,13752258.09259666,459.7,0.0,462.9,BID
625,1712608743.4324706,13752271.14458708,459.7,2.008126128045001e-09,462.9,BID
626,1712608743.512468,13752280.53675895,459.7,1.4450413400767702e-09,462.9,BID
627,1712608743.5184295,13753422.53352508,459.7,1.7570297480696141e-07,462.9,BID
628,1712608743.5323565,13754455.86849705,459.7,1.58984713382803e-07,462.9,BID
629,1712608770.192449,13754455.86849705,459.7,0.0,462.9,BID
630,1712608793.282995,13759891.86849705,460.5,8.362308503684043e-07,462.9,BID
631,1712608793.289641,13764329.64170816,460.5,6.826716089162914e-07,462.9,BID
632,1712608800.246549,13764329.64170816,460.5,0.0,462.9,BID
633,1712608805.063489,13764342.69369858,459.5,-2.006566712031277e-09,462.9,ASK
634,1712608805.3229291,13766514.24635873,460.5,-3.338468035288099e-07,462.9,ASK
635,1712608830.1937535,13766514.24635873,460.5,-0.0,462.9,ASK
636,1712608840.0761144,13766527.27001837,460.7,2.0019016275583563e-09,462.9,BID
637,1712608860.3073416,13766527.27001837,460.7,0.0,462.9,BID
638,1712608870.4635692,13766540.29367801,460.0,-2.001899780967761e-09,462.9,ASK
639,1712608890.3036833,13766540.29367801,460.0,-0.0,462.9,ASK
640,1712608906.3038745,13767140.82108072,460.7,9.230850637983589e-08,462.9,BID
641,1712608910.0137548,13767153.82780085,461.3,1.9992941248427283e-09,462.9,BID
642,1712608920.2090716,13767153.82780085,461.3,0.0,462.9,BID
643,1712608939.4241002,13767166.83452098,460.4,-1.999207261966021e-09,462.9,ASK
644,1712608950.2103586,13767166.83452098,460.4,-0.0,462.9,ASK
645,1712608980.3139389,13767166.83452098,460.4,-0.0,462.9,ASK
646,1712609004.403991,13767585.03245625,461.2,6.427935491434896e-08,462.9,BID
647,1712609006.31419,13767598.03917638,461.3,1.9992054215410326e-09,462.9,BID
648,1712609010.3199306,13767598.03917638,461.3,0.0,462.9,BID
649,1712609040.2108717,13767598.03917638,461.3,0.0,462.9,BID
650,1712609040.292109,13767611.04589651,461.2,-1.9991443119537007e-09,462.9,ASK
651,1712609047.3740723,13772236.49621897,461.2,-7.109357786110292e-07,462.9,ASK
652,1712609047.3839848,13773684.6114059,461.2,-2.2257657658523962e-07,462.9,ASK
653,1712609070.2100525,13773684.6114059,461.2,-0.0,462.9,ASK
654,1712609072.6046338,13773697.61812603,461.3,1.9982821373319797e-09,462.9,BID
655,1712609100.2354944,13773697.61812603,461.3,0.0,462.9,BID
656,1712609122.5345888,13774131.26947034,461.2,-6.663562376831919e-08,462.9,ASK
657,1712609130.2017326,13774131.26947034,461.2,-0.0,462.9,ASK
658,1712609143.4945686,13774144.27619047,460.5,-1.9985739356130367e-09,462.9,ASK
659,1712609160.234713,13774144.27619047,460.5,-0.0,462.9,ASK
660,1712609171.3547926,13774157.2829106,461.3,1.998572095954396e-09,462.9,BID
661,1712609187.9348898,13774374.06157957,461.3,3.3309534955088314e-08,462.9,BID
662,1712609190.2060506,13774374.06157957,461.3,0.0,462.9,BID
663,1712609201.065234,13774459.64579803,461.3,1.3150390203883412e-08,462.9,BID
664,1712609201.0721147,13774590.84024854,461.3,2.015860222666776e-08,462.9,BID
665,1712609202.1546884,13774603.84696867,460.6,-1.998539544482189e-09,462.9,ASK
666,1712609220.3198314,13774603.84696867,460.6,-0.0,462.9,ASK
667,1712609230.2154078,13774647.26859264,460.6,6.671814143659897e-09,462.9,BID
668,1712609240.0349443,13774660.28095438,461.1,1.9993738407597518e-09,462.9,BID
669,1712609241.6878948,13774671.13636038,460.7,-1.667953537202869e-09,462.9,ASK
670,1712609250.314414,13774671.13636038,460.7,-0.0,462.9,ASK
671,1712609259.095313,13775796.41260915,460.6,-1.7289998723955722e-07,462.9,ASK
672,1712609259.1013649,13778518.61214635,460.6,-4.18269083489298e-07,462.9,ASK
673,1712609259.3849902,13782861.71746665,460.6,6.673231175731272e-07,462.9,BID
674,1712609259.3916311,13787204.82278695,460.6,6.67323117572841e-07,462.9,BID
675,1712609259.4046996,13793719.4807674,460.6,1.000984676359405e-06,462.9,BID
676,1712609259.4655735,13798062.5860877,460.6,6.673231175731272e-07,462.9,BID
677,1712609259.4720414,13804577.24406815,460.6,1.000984676359405e-06,462.9,BID
678,1712609264.9449751,13805607.45606815,460.6,1.5829325629948814e-07,462.9,BID
679,1712609265.024904,13811136.87765515,460.6,8.496019736304983e-07,462.9,BID
680,1712609266.055292,13811149.89001689,460.5,-1.999364317037614e-09,462.9,ASK
681,1712609267.2436528,13812014.82901689,460.6,1.328988701456078e-07,462.9,BID
682,1712609268.344761,13818483.96046689,460.6,9.939894726994077e-07,462.9,BID
683,1712609268.8649857,13822827.06578719,460.6,6.673231175731272e-07,462.9,BID
684,1712609270.794822,13824684.14778719,460.6,2.85342780898093e-07,462.9,BID
685,1712609280.2068405,13824684.14778719,460.6,0.0,462.9,BID
686,1712609295.994907,13824684.14872212,460.6,1.4314647936035356e-13,462.9,BID
687,1712609295.9987855,13825118.36478719,460.6,6.64824816195683e-08,462.9,BID
688,1712609302.5748744,13825118.36496181,460.6,2.673610292437852e-14,462.9,BID
689,1712609304.4652288,13825131.38579514,460.8,1.993609592518257e-09,462.9,BID
690,1712609306.595096,13825153.09660713,460.6,-3.32412541852505e-09,462.9,ASK
691,1712609310.203941,13825153.09660713,460.6,-0.0,462.9,ASK
692,1712609314.2651322,13825565.6018602,460.6,-6.31562675169312e-08,462.9,ASK
693,1712609323.5151837,13825769.74476447,460.5,-3.12551265174492e-08,462.9,ASK
694,1712609335.605368,13825782.7655978,460.1,-1.993543662726527e-09,462.9,ASK
695,1712609340.3191764,13825782.7655978,460.1,-0.0,462.9,ASK
696,1712609370.293493,13825782.7655978,460.1,-0.0,462.9,ASK
697,1712609373.1950195,13825795.79208499,460.6,1.994320744357029e-09,462.9,BID
698,1712609400.251376,13825795.79208499,460.6,0.0,462.9,BID
699,1712609414.8855014,13826367.46592865,460.6,8.753141604724508e-08,462.9,BID
700,1712609414.891652,13827918.63174735,460.6,2.3750560243547697e-07,462.9,BID
701,1712609430.209334,13827918.63174735,460.6,0.0,462.9,BID
702,1712609441.6251082,13827983.68606343,460.5,9.959252277093122e-09,462.9,BID
703,1712609460.3083334,13827983.68606343,460.5,0.0,462.9,BID
704,1712609470.995899,13827996.71255062,460.1,-1.9942332045417566e-09,462.9,ASK
705,1712609490.321043,13827996.71255062,460.1,-0.0,462.9,ASK
706,1712609505.295491,13828009.74186658,460.5,1.99466443244744e-09,462.9,BID
707,1712609520.2100008,13828009.74186658,460.5,0.0,462.9,BID
708,1712609538.6453853,13828022.77118254,460.1,-1.994662600549282e-09,462.9,ASK
709,1712609550.2049055,13828022.77118254,460.1,-0.0,462.9,ASK
710,1712609564.5256631,13828715.5340591,460.1,-1.0605521708415281e-07,462.9,ASK
711,1712609570.2654672,13828728.56337506,460.5,1.994660769675652e-09,462.9,BID
712,1712609580.296213,13828728.56337506,460.5,0.0,462.9,BID
713,1712609591.2354186,13835243.22135551,460.7,9.972808055696353e-07,462.9,BID
714,1712609591.33562,13836469.37896476,460.7,1.8770339931521533e-07,462.9,BID
715,1712609591.3431904,13841757.87933596,460.7,8.095774062541348e-07,462.9,BID
716,1712609591.555157,13848272.53731641,460.7,9.972808055693502e-07,462.9,BID
717,1712609591.895531,13850584.47125575,460.7,3.539168669125782e-07,462.9,BID
718,1712609604.905125,13850597.50057171,460.3,-1.994561610949368e-09,462.9,ASK
719,1712609610.3087838,13850597.50057171,460.3,-0.0,462.9,ASK
720,1712609639.576499,13850610.51575609,461.0,1.9893301493719423e-09,462.9,BID
721,1712609640.185258,13850610.51575609,461.0,0.0,462.9,BID
722,1712609670.2057157,13850610.51575609,461.0,0.0,462.9,BID
723,1712609674.6653073,13850623.53094047,460.6,-1.989328324996337e-09,462.9,ASK
724,1712609700.2992454,13850623.53094047,460.6,-0.0,462.9,ASK
725,1712609704.1952076,13850636.54048079,461.2,1.988471052088029e-09,462.9,BID
726,1712609720.9360209,13852795.11028001,461.2,3.299312238289851e-07,462.9,BID
727,1712609720.9421673,13853520.87388265,461.2,1.109308921655428e-07,462.9,BID
728,1712609720.9481945,13853635.28966419,461.3,1.748812516636807e-08,462.9,BID
729,1712609720.952362,13856735.40547484,461.4,4.738438403931501e-07,462.9,BID
730,1712609730.3224285,13856735.40547484,461.4,0.0,462.9,BID
731,1712609733.216521,13856748.41501516,460.7,-1.987614506205052e-09,462.9,ASK
732,1712609760.2035542,13856748.41501516,460.7,-0.0,462.9,ASK
733,1712609769.945263,13856761.41609858,461.5,1.986320631326934e-09,462.9,BID
734,1712609790.2079916,13856761.41609858,461.5,0.0,462.9,BID
735,1712609802.555279,13856774.417182,460.9,-1.98631881049436e-09,462.9,ASK
736,1712609820.3219285,13856774.417182,460.9,-0.0,462.9,ASK
737,1712609836.8078876,13856787.41826542,461.5,1.98631699174782e-09,462.9,BID
738,1712609850.3144286,13856787.41826542,461.5,0.0,462.9,BID
739,1712609859.9186146,13858385.41826542,461.5,2.4414362564285733e-07,462.9,BID
740,1712609868.9651413,13858398.41934884,461.0,-1.9863151712064942e-09,462.9,ASK
741,1712609880.211498,13858398.41934884,461.0,-0.0,462.9,ASK
742,1712609893.99566,13863821.41826542,461.0,-8.284356977590452e-07,462.9,ASK
743,1712609894.0033572,13865623.18128581,461.0,-2.752434267376294e-07,462.9,ASK
744,1712609902.7054074,13865636.18236923,461.5,1.9860895753144035e-09,462.9,BID
745,1712609910.2031662,13865636.18236923,461.5,0.0,462.9,BID
746,1712609928.7551591,13865852.86709295,461.5,3.308462927426171e-08,462.9,BID
747,1712609930.8959002,13868457.22536322,461.5,3.976479116292625e-07,462.9,BID
748,1712609930.905534,13870852.86709295,461.8,3.657799088990692e-07,462.9,BID
749,1712609940.2447083,13870852.86709295,461.8,0.0,462.9,BID
750,1712609970.262626,13870852.86709295,461.8,0.0,462.9,BID
751,1712609972.3153412,13870865.86817637,461.1,-1.984348110801682e-09,462.9,ASK
752,1712609972.695392,13870909.17696805,461.8,6.6101967173007505e-09,462.9,BID
753,1712610000.3359349,13870909.17696805,461.8,0.0,462.9,BID
754,1712610005.2356224,13870922.16679268,461.9,1.9840119309451843e-09,462.9,BID
755,1712610017.8452485,13870965.46620813,461.9,6.613373105616217e-09,462.9,BID
756,1712610030.2032557,13870965.46620813,461.9,0.0,462.9,BID
757,1712610038.475297,13870978.45603276,461.2,-1.9840040522029104e-09,462.9,ASK
758,1712610060.3282924,13870978.45603276,461.2,-0.0,462.9,ASK
759,1712610072.3450818,13870991.44585739,461.9,1.9840022367958884e-09,462.9,BID
760,1712610090.2949889,13870991.44585739,461.9,0.0,462.9,BID
761,1712610101.3762236,13871004.43568202,461.2,-1.984000418352317e-09,462.9,ASK
762,1712610120.2296464,13871004.43568202,461.2,-0.0,462.9,ASK
763,1712610137.085383,13871017.42550665,461.9,1.983998603236436e-09,462.9,BID
764,1712610150.2132556,13871017.42550665,461.9,0.0,462.9,BID
765,1712610168.535223,13871030.41533128,461.2,-1.983996785084016e-09,462.9,ASK
766,1712610180.304949,13871030.41533128,461.2,-0.0,462.9,ASK
767,1712610200.975008,13871043.40515591,461.9,1.9839949696902936e-09,462.9,BID
768,1712610209.30569,13871047.80081645,461.2,-6.71369217691111e-10,462.9,ASK
769,1712610209.3118372,13871101.9480874,461.2,-8.270158854618213e-09,462.9,ASK
770,1712610210.322569,13871101.9480874,461.2,-0.0,462.9,ASK
771,1712610232.6080115,13871114.93791203,461.2,-1.9839849699298423e-09,462.9,ASK
772,1712610235.254922,13871548.58925635,461.2,-6.623320743777936e-08,462.9,ASK
773,1712610240.2030308,13871548.58925635,461.2,-0.0,462.9,ASK
774,1712610264.065482,13871990.65985819,461.2,-6.75169882289508e-08,462.9,ASK
775,1712610264.095253,13872003.66094161,461.5,1.985642095671644e-09,462.9,BID
776,1712610270.1949282,13872003.66094161,461.5,0.0,462.9,BID
777,1712610291.4750378,13872437.03038861,461.5,6.618594819747095e-08,462.9,BID
778,1712610291.4846914,13872437.03038907,461.5,7.026427738276399e-17,462.9,BID
779,1712610300.307453,13872437.03038907,461.5,0.0,462.9,BID
780,1712610326.5157745,13872450.03147249,461.2,-1.9857391994354467e-09,462.9,ASK
781,1712610330.3247576,13872450.03147249,461.2,-0.0,462.9,ASK
782,1712610360.2066183,13872450.03147249,461.2,-0.0,462.9,ASK
783,1712610360.3544967,13872666.85714465,461.3,-3.3117150968962274e-08,462.9,ASK
784,1712610361.5852065,13872679.85259624,461.7,1.9848771961752192e-09,462.9,BID
785,1712610390.2226522,13872679.85259624,461.7,0.0,462.9,BID
786,1712610392.75484,13872692.84804783,461.3,-1.9848450548656078e-09,462.9,ASK
787,1712610420.3000684,13872692.84804783,461.3,-0.0,462.9,ASK
788,1712610426.654744,13872705.851949,461.4,1.986133773112977e-09,462.9,BID
789,1712610432.955029,13874815.00004464,461.4,3.221379653921062e-07,462.9,BID
790,1712610435.9647346,13875940.27910994,461.5,1.718680207157789e-07,462.9,BID
791,1712610450.3074958,13875940.27910994,461.5,0.0,462.9,BID
792,1712610459.094591,13875953.28301111,461.4,-1.9856793147570344e-09,462.9,ASK
793,1712610480.1953146,13875953.28301111,461.4,-0.0,462.9,ASK
794,1712610484.484624,13876558.27201111,461.5,9.238097295301032e-08,462.9,BID
795,1712610492.7947226,13876571.27309453,461.5,1.985247228734943e-09,462.9,BID
796,1712610492.8946662,13876950.15594253,461.5,5.7854880226678986e-08,462.9,BID
797,1712610503.5579584,13876950.15594262,461.5,1.3936741967961492e-17,462.9,BID
798,1712610510.2184622,13876950.15594262,461.5,0.0,462.9,BID
799,1712610513.489221,13877166.74594262,461.7,3.3070666428667954e-08,462.9,BID
800,1712610513.5462098,13877166.74680249,461.7,1.312916670686396e-13,462.9,BID
801,1712610526.3246338,13877179.74788591,461.5,-1.985107775123038e-09,462.9,ASK
802,1712610531.784835,13877582.55246391,462.2,6.150337427835268e-08,462.9,BID
803,1712610540.3160858,13877582.55246391,462.2,0.0,462.9,BID
804,1712610559.8448918,13877582.55246461,462.2,1.0693088024641324e-16,462.9,BID
805,1712610559.8517594,13877595.52824245,462.4,1.981155537019532e-09,462.9,BID
806,1712610570.3258767,13877595.52824245,462.4,0.0,462.9,BID
807,1712610592.34446,13877608.50402099,461.5,-1.981153829042393e-09,462.9,ASK
808,1712610600.225108,13877608.50402099,461.5,-0.0,462.9,ASK
809,1712610624.135538,13877708.50402099,462.5,1.5282082836842092e-08,462.9,BID
810,1712610624.142104,13878256.80536458,462.5,8.379186552294521e-08,462.9,BID
811,1712610624.147568,13881958.39564545,462.6,5.656800930030455e-07,462.9,BID
812,1712610624.1512558,13882180.73432868,462.6,3.3977981749390515e-08,462.9,BID
813,1712610624.1550577,13886253.86978632,462.8,6.224599346934106e-07,462.9,BID
814,1712610625.6651657,13886266.83434984,462.8,1.9812553366569597e-09,462.9,BID
815,1712610630.2143674,13886266.83434984,462.8,0.0,462.9,BID
816,1712610656.3983636,13886279.79891336,462.8,-1.9800431244505766e-09,462.9,ASK
817,1712610658.354387,13886374.87237922,462.8,-1.4520316254410373e-08,462.9,ASK
818,1712610660.2995234,13886374.87237922,462.8,-0.0,462.9,ASK
819,1712610683.9045758,13887047.72124901,462.8,1.027616242439681e-07,462.9,BID
820,1712610690.3176095,13887047.72124901,462.8,0.0,462.9,BID
821,1712610692.9150858,13887060.6830118,462.9,1.9795061181166868e-09,462.9,BID
822,1712610694.0243332,13889591.6830118,462.9,3.8653152864045764e-07,462.9,BID
823,1712610700.6842792,13890834.05393424,462.9,1.8973351710369218e-07,462.9,BID
824,1712610712.104235,13891464.76993424,462.9,9.632225192335073e-08,462.9,BID
825,1712610716.7882054,13892332.57345537,462.9,1.3252999667377362e-07,462.9,BID
826,1712610716.7951586,13892332.57393424,462.9,7.313267644754742e-14,462.9,BID
827,1712610717.644488,13892345.53569703,462.2,-1.9795061181166868e-09,462.9,ASK
828,1712610719.312241,13892629.02169703,462.9,4.329366927222512e-08,462.9,BID
829,1712610720.2015617,13892629.02169703,462.9,0.0,462.9,BID
830,1712610722.8444755,13892641.98049243,463.0,1.978272393135311e-09,463.0,BID
831,1712610722.8496602,13892641.98066034,462.9,2.5632917744715667e-14,463.0,BID
832,1712610728.2143552,13893807.39605334,462.8,1.7791075692482345e-07,463.0,BID
833,1712610750.1944268,13893807.39605334,462.8,0.0,463.0,BID
834,1712610767.1746294,13894221.17519189,462.6,6.316171208558693e-08,463.0,BID
835,1712610767.3347845,13894490.51826108,462.6,4.1114130229102376e-08,463.0,BID
836,1712610767.4342797,13894823.26026108,462.6,5.0791720617765526e-08,463.0,BID
837,1712610769.3247972,13895255.01326108,462.6,6.590534934571986e-08,463.0,BID
838,1712610770.8644009,13895991.01226108,462.6,1.123472708076943e-07,463.0,BID
839,1712610771.4746957,13909110.97195265,462.6,2.002708786907722e-06,463.0,BID
840,1712610775.5846488,13909184.56295265,462.6,1.1233368531767766e-08,463.0,BID
841,1712610780.3249,13909184.56295265,462.6,0.0,463.0,BID
842,1712610789.9393618,13909197.52191596,462.3,-1.975987726591049e-09,463.0,ASK
843,1712610803.704424,13910124.77991596,462.6,1.4138865770123014e-07,463.0,BID
844,1712610804.251364,13910408.6047963,462.6,4.3277727291989655e-08,463.0,BID
845,1712610808.7878015,13911384.7799163,462.6,1.488475590374127e-07,463.0,BID
846,1712610810.304817,13911384.7799163,462.6,0.0,463.0,BID
847,1712610813.7851112,13911795.14475738,462.6,6.256287976773343e-08,463.0,BID
848,1712610822.3951578,13911808.11212284,462.7,1.976962071004026e-09,463.0,BID
849,1712610824.9457152,13911816.81438738,462.7,1.326718752713226e-09,463.0,BID
850,1712610830.784833,13911916.81438738,462.9,1.524567251007589e-08,463.0,BID
851,1712610840.2102487,13911916.81438738,462.9,0.0,463.0,BID
852,1712610863.0153944,13913349.86046826,463.0,2.184693138190472e-07,463.0,BID
853,1712610863.0226629,13914958.92669839,463.0,2.453037622979677e-07,463.0,BID
854,1712610870.1846542,13914958.92669839,463.0,0.0,463.0,BID
855,1712610883.5750463,13916186.8483747,463.0,1.8715770459578362e-07,463.0,BID
1056,1712610887.5452657,13916199.81574016,462.7,-1.9764634838354332e-09,463.0,ASK
856,1712610887.5452657,13916199.81574016,462.7,-1.976463483835433e-09,463.0,ASK
1057,1712610893.2248893,13916368.92177568,462.7,-2.577485034405224e-08,463.0,ASK
857,1712610893.2248893,13916368.92177568,462.7,-2.5774850344052242e-08,463.0,ASK
858,1712610900.2392218,13916368.92177568,462.7,-0.0,463.0,ASK
859,1712610903.265296,13916495.75130232,462.7,-1.9354765180029985e-08,463.0,ASK
860,1712610919.755134,13916508.7102656,463.0,1.977596998737517e-09,463.0,BID
861,1712610930.2105844,13916508.7102656,463.0,0.0,463.0,BID
862,1712610954.2553694,13916544.7102656,463.0,5.493710235459056e-09,463.0,BID
863,1712610954.2611015,13916875.7102656,463.0,5.05116135538041e-08,463.0,BID
864,1712610958.6353292,13916888.66922888,462.7,-1.977577478201692e-09,463.0,ASK
865,1712610960.31526,13916888.66922888,462.7,-0.0,463.0,ASK
866,1712610963.6555476,13917102.53507798,463.0,3.263570732889217e-08,463.0,BID
867,1712610963.6599507,13917283.82593825,463.0,2.7664797732349224e-08,463.0,BID
868,1712610964.3957462,13917442.15926542,463.0,2.416150193043061e-08,463.0,BID
1069,1712610964.403347,13917579.49409234,463.0,2.095715251542697e-08,463.0,BID
869,1712610964.403347,13917579.49409234,463.0,2.0957152515426972e-08,463.0,BID
870,1712610964.7156196,13918104.52562903,463.0,8.011926935499753e-08,463.0,BID
871,1712610964.72021,13918458.18468231,463.0,5.3968005670833824e-08,463.0,BID
872,1712610964.7251532,13920603.49409234,463.1,3.273719966524599e-07,463.1,BID
873,1712610989.2655346,13920616.45305562,463.0,1.977524390590413e-09,463.1,BID
874,1712610990.3123133,13920616.45305562,463.0,0.0,463.1,BID
875,1712611020.2210994,13920616.45305562,463.0,0.0,463.1,BID
876,1712611032.0256734,13920730.32361898,463.0,1.7371954170525338e-08,463.1,BID
877,1712611032.0325737,13921131.10285814,463.0,6.114239158686218e-08,463.1,BID
878,1712611046.8356504,13921144.06182142,462.8,-1.9770036220470823e-09,463.1,ASK
879,1712611047.786034,13923726.69140742,462.8,-3.940028176168838e-07,463.1,ASK
880,1712611048.7043996,13923748.29434541,462.9,3.295717854127401e-09,463.1,BID
881,1712611050.2154665,13923748.29434541,462.9,0.0,463.1,BID
882,1712611050.8560572,13923761.2561082,462.9,1.97699352494259e-09,463.1,BID
883,1712611056.537567,13923761.25610863,462.8,-6.562711052830901e-17,463.1,ASK
884,1712611056.541042,13925367.37764809,462.7,-2.4497376902463e-07,463.1,ASK
885,1712611056.6153903,13925432.2144754,462.7,-9.889240364394411e-09,463.1,ASK
886,1712611056.6187444,13934304.00262399,462.7,-1.353169935994109e-06,463.1,ASK
887,1712611080.3058066,13934304.00262399,462.7,-0.0,463.1,ASK
888,1712611088.0168157,13934604.40583399,462.5,4.578490723803369e-08,463.1,BID
889,1712611088.0552635,13934604.40583439,462.5,6.103604087870715e-17,463.1,BID
890,1712611109.089538,13939182.51071915,462.2,-6.977558844171535e-07,463.1,ASK
891,1712611110.3075402,13939182.51071915,462.2,-0.0,463.1,ASK
892,1712611140.2150464,13939182.51071915,462.2,-0.0,463.1,ASK
893,1712611147.6054814,13939290.54874853,462.2,1.646058219193624e-08,463.1,BID
894,1712611151.046329,13939303.51051132,462.4,-1.9748431452824446e-09,463.1,ASK
895,1712611167.5916913,13941414.37273529,462.4,-3.21609171630208e-07,463.1,ASK
896,1712611170.2085683,13941414.37273529,462.4,-0.0,463.1,ASK
897,1712611183.6256146,13941427.34570826,462.5,1.9762403880335275e-09,463.1,BID
898,1712611200.2299323,13941427.34570826,462.5,0.0,463.1,BID
899,1712611210.6479802,13941448.34570826,462.1,-3.199516421227478e-09,463.1,ASK
900,1712611210.651541,13941513.26672102,462.1,-9.891230781228894e-09,463.1,ASK
901,1712611218.975623,13941526.23969399,461.8,-1.976535240529229e-09,463.1,ASK
902,1712611219.116269,13941781.34313755,461.8,-3.886703127521556e-08,463.1,ASK
903,1712611227.505787,13942214.43105439,461.8,-6.598437627449322e-08,463.1,ASK
904,1712611230.201268,13942214.43105439,461.8,-0.0,463.1,ASK
905,1712611250.735801,13942227.40402736,462.5,1.976425781368997e-09,463.1,BID
906,1712611260.3157504,13942227.40402736,462.5,0.0,463.1,BID
907,1712611284.697806,13942240.37700033,461.9,-1.976423974725921e-09,463.1,ASK
908,1712611290.3157392,13942240.37700033,461.9,-0.0,463.1,ASK
909,1712611292.6568897,13944845.33692864,461.8,-3.968635845551702e-07,463.1,ASK
910,1712611292.6640298,13945282.48931134,461.9,-6.6599819716862e-08,463.1,ASK
911,1712611320.2096386,13945282.48931134,461.9,-0.0,463.1,ASK
912,1712611343.4009008,13945544.88397134,461.9,3.996706458373676e-08,463.1,BID
913,1712611343.4528654,13945544.8839723,461.9,1.4639528423176984e-16,463.1,BID
914,1712611350.2124398,13945544.8839723,461.9,0.0,463.1,BID
915,1712611350.7858756,13945640.01910743,462.5,1.4490393585945704e-08,463.1,BID
916,1712611380.3097792,13945640.01910743,462.5,0.0,463.1,BID
917,1712611383.475852,13945652.98927604,462.6,1.9755223792627634e-09,463.1,BID
918,1712611387.4359446,13945793.34279145,462.6,2.1377633476765425e-08,463.1,BID
919,1712611410.315763,13945793.34279145,462.6,0.0,463.1,BID
920,1712611419.055779,13945806.31296006,462.2,-1.975501037589419e-09,463.1,ASK
1120,1712611419.055779,13945806.31296006,462.2,-1.9755010375894192e-09,463.1,ASK
921,1712611440.203214,13945806.31296006,462.2,-0.0,463.1,ASK
922,1712611444.8260338,13945827.94861563,462.2,-3.295348139340528e-09,463.1,ASK
923,1712611452.1362195,13945840.91878424,462.6,1.9754992338073355e-09,463.1,BID
924,1712611470.2063918,13945840.91878424,462.6,0.0,463.1,BID
925,1712611495.886239,13945860.47294927,462.6,2.9783069946485034e-09,463.1,BID
926,1712611500.29994,13945860.47294927,462.6,0.0,463.1,BID
927,1712611517.0459518,13945873.44311788,462.7,-1.9754932941615868e-09,463.1,ASK
928,1712611530.3157778,13945873.44311788,462.7,-0.0,463.1,ASK
929,1712611550.4264088,13946041.86712413,462.7,-2.5652726716325464e-08,463.1,ASK
930,1712611551.9160297,13946054.83448959,462.7,1.975064539759727e-09,463.1,BID
931,1712611560.2080944,13946054.83448959,462.7,0.0,463.1,BID
932,1712611565.7860637,13949079.46600028,462.7,4.606769274682606e-07,463.1,BID
933,1712611581.6461847,13949092.43336574,462.6,-1.9750392920838886e-09,463.1,ASK
934,1712611590.2016337,13949092.43336574,462.6,-0.0,463.1,ASK
935,1712611602.4562566,13951723.3701561,463.0,4.006281340992729e-07,463.1,BID
936,1712611602.4636369,13954073.517599,463.0,3.578706977517992e-07,463.1,BID
937,1712611608.7160563,13954093.517599,462.6,-3.045516985183307e-09,463.1,ASK
938,1712611620.2984304,13954093.517599,462.6,-0.0,463.1,ASK
939,1712611647.5261152,13954106.47936179,462.9,1.973067745203664e-09,463.1,BID
940,1712611650.30814,13954106.47936179,462.9,0.0,463.1,BID
941,1712611680.2197845,13954106.47936179,462.9,0.0,463.1,BID
942,1712611686.3163948,13955106.47936179,462.9,1.5222203763170314e-07,463.1,BID
943,1712611686.3263135,13955158.73503045,462.9,7.954464361327593e-09,463.1,BID
944,1712611709.9061787,13955171.69679324,462.9,-1.97306594313731e-09,463.1,ASK
945,1712611710.2095532,13955171.69679324,462.9,-0.0,463.1,ASK
946,1712611729.9860425,13955371.69679324,462.9,-3.0442122569997244e-08,463.1,ASK
947,1712611740.3254025,13955371.69679324,462.9,-0.0,463.1,ASK
948,1712611744.7678723,13955384.65295821,463.1,1.9720380211341027e-09,463.1,BID
949,1712611747.7962427,13955436.47761812,463.1,7.888152088505556e-09,463.1,BID
950,1712611747.8065712,13955438.43086303,463.1,2.973004152871132e-10,463.1,BID
951,1712611769.8405037,13955513.16544209,462.9,-1.1375235783904395e-08,463.1,ASK
952,1712611770.3273273,13955513.16544209,462.9,-0.0,463.1,ASK
953,1712611779.182363,13955526.12160706,462.9,-1.972018360753386e-09,463.1,ASK
954,1712611800.4157927,13955526.12160706,462.9,-0.0,463.1,ASK
955,1712611801.005623,13955537.12160706,463.2,1.674818421041622e-09,463.2,BID
956,1712611801.0125625,13955560.12160706,463.2,3.501893062177937e-09,463.2,BID
957,1712611801.0161853,13955610.33367078,463.3,7.645099025229551e-09,463.3,BID
958,1712611801.0197637,13955622.33367078,463.2,1.827074641136315e-09,463.3,BID
959,1712611801.023349,13955634.05296902,463.3,1.784336052153933e-09,463.3,BID
960,1712611810.656322,13955647.003541,463.3,1.971805137788887e-09,463.3,BID
961,1712611815.9168088,13955863.03292099,462.9,-3.2891816826670165e-08,463.3,ASK
962,1712611815.9247725,13956670.41854546,462.9,-1.2292948334062422e-07,463.3,ASK
963,1712611816.2560086,13956681.65207321,462.9,1.710374473509863e-09,463.3,BID
964,1712611830.3158252,13956681.65207321,462.9,0.0,463.3,BID
965,1712611842.8043954,13956694.60264519,462.6,-1.971644551755613e-09,463.3,ASK
966,1712611842.939609,13957277.63897332,462.6,-8.876367789610247e-08,463.3,ASK
967,1712611842.9489417,13958510.42625115,462.6,-1.876842446419281e-07,463.3,ASK
968,1712611860.2327223,13958510.42625115,462.6,-0.0,463.3,ASK
969,1712611874.8460171,13958523.38801394,462.9,1.9730941549215e-09,463.3,BID
970,1712611890.2021368,13958523.38801394,462.9,0.0,463.3,BID
971,1712611896.1914804,13958583.64088599,462.8,9.171937722173108e-09,463.3,BID
972,1712611920.3346765,13958583.64088599,462.8,0.0,463.3,BID
973,1712611930.5648997,13960046.55257502,462.6,-2.22689433604698e-07,463.3,ASK
974,1712611933.2316072,13960426.89921676,462.6,-5.789767000812753e-08,463.3,ASK
1174,1712611933.2316072,13960426.89921676,462.6,-5.7897670008127533e-08,463.3,ASK
975,1712611933.2379968,13961768.35590466,462.6,-2.0420113686534586e-07,463.3,ASK
976,1712611933.3118072,13963545.90665451,462.6,-2.7058487033518604e-07,463.3,ASK
977,1712611933.3212144,13964409.90665451,462.6,-1.315210426420433e-07,463.3,ASK
978,1712611937.9264672,13965645.99781343,462.6,-1.881620347472723e-07,463.3,ASK
979,1712611938.66603,13965953.99781343,462.6,-4.688481612702468e-08,463.3,ASK
980,1712611939.1458268,13966311.99781343,462.6,-5.449598757621701e-08,463.3,ASK
981,1712611940.1767318,13966324.95957622,462.6,-1.9730839775137477e-09,463.3,ASK
982,1712611941.2158678,13969411.25259294,462.6,-4.698061058541037e-07,463.3,ASK
983,1712611943.5662987,13970591.25259294,462.6,-1.7962364620093877e-07,463.3,ASK
984,1712611943.6867137,13973938.40777794,462.6,-5.095154396019084e-07,463.3,ASK
985,1712611950.3206458,13973938.40777794,462.6,-0.0,463.3,ASK
986,1712611955.4205604,13974866.48403294,462.6,-1.411223598544978e-07,463.3,ASK
987,1712611955.424414,13974866.48403331,462.6,-5.636316482120491e-17,463.3,ASK
988,1712611974.6017787,13974879.44859683,462.8,1.971378740050576e-09,463.3,BID
989,1712611980.2081974,13974879.44859683,462.8,0.0,463.3,BID
990,1712612010.2176895,13974879.44859683,462.8,0.0,463.3,BID
991,1712612040.3060043,13974879.44859683,462.8,0.0,463.3,BID
992,1712612042.9859085,13974892.41316035,461.4,-1.9712482524562223e-09,463.3,ASK
993,1712612070.3157742,13974892.41316035,461.4,-0.0,463.3,ASK
994,1712612070.782486,13974905.39174568,462.3,1.9733784588083035e-09,463.3,BID
995,1712612090.4074614,13974991.89693599,462.4,1.3153011272702316e-08,463.3,BID
996,1712612100.2180953,13974991.89693599,462.4,0.0,463.3,BID
1197,1712612108.7958713,13975004.87552132,461.5,-1.973693077302396e-09,463.3,ASK
997,1712612108.7958713,13975004.87552132,461.5,-1.9736930773023962e-09,463.3,ASK
998,1712612124.3559532,13978391.42779981,462.5,5.150033395496345e-07,463.3,BID
999,1712612124.3658369,13981491.3620078,462.5,4.714164549120042e-07,463.3,BID
1000,1712612130.2193422,13981491.3620078,462.5,0.0,463.3,BID
1201,1712612137.5460837,13981504.32937326,462.7,1.9710857946262062e-09,463.3,BID
1202,1712612145.8558395,13981720.45213098,462.7,3.2851429922328176e-08,463.3,BID
1203,1712612157.8558495,13982152.69764643,462.7,6.570285984550574e-08,463.3,BID
1204,1712612159.1063373,13987588.69764643,461.9,-8.262913861562845e-07,463.3,ASK
1205,1712612159.1089914,13991449.20828734,462.0,-5.86811384979493e-07,463.3,ASK
1206,1712612159.2258952,13992152.69764643,461.9,1.0693289140337728e-07,463.3,BID
1207,1712612160.299564,13992152.69764643,461.9,0.0,463.3,BID
1208,1712612168.4758031,13992520.10633456,462.6,5.58056505035456e-08,463.3,BID
1209,1712612190.3157763,13992520.10633456,462.6,0.0,463.3,BID
1210,1712612206.435826,13992533.07370002,461.6,-1.9695603482296623e-09,463.3,ASK
1211,1712612220.1961117,13992533.07370002,461.6,-0.0,463.3,ASK
1212,1712612221.4960122,13992576.40125635,461.6,-6.580840156892664e-09,463.3,ASK
1213,1712612226.955613,13992850.80830936,461.6,-4.1678532248404034e-08,463.3,ASK
1214,1712612239.3221388,13992863.7840879,462.4,1.9708363849353994e-09,463.3,BID
1215,1712612243.2358956,13993138.19114091,461.6,-4.167853224868694e-08,463.3,ASK
1216,1712612250.198058,13993138.19114091,461.6,-0.0,463.3,ASK
1217,1712612253.0661235,13993587.41281584,461.6,-6.822749467892242e-08,463.3,ASK
1218,1712612269.6258166,13993600.38859438,461.6,-1.9707527722113662e-09,463.3,ASK
1219,1712612280.3097966,13993600.38859438,461.6,-0.0,463.3,ASK
1220,1712612300.636569,13994431.68859438,461.6,-1.262532101736266e-07,463.3,ASK
1221,1712612300.639312,14006750.11315824,461.6,-1.870853657485448e-06,463.3,ASK
1222,1712612300.736377,14008847.62586338,461.6,3.185585377163862e-07,463.3,BID
1223,1712612300.7392066,14009600.38859438,461.6,1.1432540753950969e-07,463.3,BID
1224,1712612300.7413237,14010170.38859438,462.7,8.656842271009582e-08,463.3,BID
1225,1712612300.79259,14012015.38859438,462.7,2.802083156142575e-07,463.3,BID
1226,1712612304.9059494,14012028.35876299,462.6,1.969836910423285e-09,463.3,BID
1227,1712612310.3342426,14012028.35876299,462.6,0.0,463.3,BID
1228,1712612312.0159023,14012583.35876299,462.6,8.418151832776066e-08,463.3,BID
1229,1712612317.8360114,14013138.35876299,462.6,-8.418151832776066e-08,463.3,ASK
1230,1712612337.4055903,14013151.3289316,462.2,-1.9672945702471488e-09,463.3,ASK
1231,1712612340.2048268,14013151.3289316,462.2,-0.0,463.3,ASK
1232,1712612370.2057295,14013151.3289316,462.2,-0.0,463.3,ASK
1233,1712612371.2955866,14013164.30190457,462.5,1.9675648989551932e-09,463.3,BID
1234,1712612396.966681,14013883.17990067,462.0,-1.090296815524873e-07,463.3,ASK
1235,1712612396.9702203,14014332.82770849,462.0,-6.81964917041863e-08,463.3,ASK
1236,1712612396.9736767,14015062.0617375,462.2,-1.1060034441382229e-07,463.3,ASK
1237,1712612396.9760897,14015775.46485908,462.0,-1.0819932670956925e-07,463.3,ASK
1238,1712612396.977568,14016489.59465732,462.1,-1.083095391871066e-07,463.3,ASK
1239,1712612396.9790795,14017512.07766195,462.0,-1.5507637873516422e-07,463.3,ASK
1240,1712612400.2478,14017512.07766195,462.0,-0.0,463.3,ASK
1241,1712612430.2179286,14017512.07766195,462.0,-0.0,463.3,ASK
1242,1712612437.145753,14017525.05063492,462.0,-1.969400906657947e-09,463.3,ASK
1243,1712612460.3098304,14017525.05063492,462.0,-0.0,463.3,ASK
1244,1712612463.9161184,14017771.53712141,462.5,3.741858318834309e-08,463.3,BID
1245,1712612463.9197156,14018385.08818292,462.5,9.314186656831577e-08,463.3,BID
1246,1712612463.995655,14018385.08818376,462.5,1.275266327996592e-16,463.3,BID
1247,1712612472.2456937,14018398.05274728,462.8,1.9681224940058423e-09,463.3,BID
1248,1712612482.2556746,14018678.88915385,462.1,-4.263317065060745e-08,463.3,ASK
1249,1712612490.295561,14018678.88915385,462.1,-0.0,463.3,ASK
1250,1712612505.9259696,14018691.85371737,462.1,-1.967963097457906e-09,463.3,ASK
1251,1712612520.205586,14018691.85371737,462.1,-0.0,463.3,ASK
1252,1712612541.2824848,14018704.81828089,462.8,1.967961307802262e-09,463.3,BID
1253,1712612545.8960135,14019101.8890021,462.0,-6.027351515208302e-08,463.3,ASK
1254,1712612545.8988495,14023739.43324772,462.0,-7.039579561690784e-07,463.3,ASK
1255,1712612550.2080965,14023739.43324772,462.0,-0.0,463.3,ASK
1256,1712612569.112009,14023752.39781124,462.0,-1.9672649238442823e-09,463.3,ASK
1257,1712612576.2322896,14023988.83780208,462.0,-3.5877806445401075e-08,463.3,ASK
1258,1712612580.3156693,14023988.83780208,462.0,-0.0,463.3,ASK
1259,1712612604.455513,14024001.80516754,462.7,1.967655691921336e-09,463.3,BID
1260,1712612610.30946,14024001.80516754,462.7,0.0,463.3,BID
1261,1712612636.435927,14024014.772533,462.0,-1.967653900219121e-09,463.3,ASK
1262,1712612640.217476,14024014.772533,462.0,-0.0,463.3,ASK
1263,1712612670.205482,14024014.772533,462.0,-0.0,463.3,ASK
1264,1712612670.6756232,14024027.74831154,462.4,1.9689287022431477e-09,463.3,BID
1265,1712612700.2280116,14024027.74831154,462.4,0.0,463.3,BID
1266,1712612702.5210743,14024040.72409008,462.0,-1.9690076055965742e-09,463.3,ASK
1267,1712612730.1994328,14024040.72409008,462.0,-0.0,463.3,ASK
1268,1712612738.4854655,14024053.69706305,462.5,1.968580083704816e-09,463.3,BID
1269,1712612760.343783,14024053.69706305,462.5,0.0,463.3,BID
1270,1712612766.135703,14025067.57715003,462.5,1.53850804601336e-07,463.3,BID
1271,1712612771.5154765,14025080.550123,462.0,-1.968578291659353e-09,463.3,ASK
1272,1712612790.3208003,14025080.550123,462.0,-0.0,463.3,ASK
1273,1712612820.2022872,14025080.550123,462.0,-0.0,463.3,ASK
1274,1712612833.7456498,14025093.52029161,462.6,1.9680109193913548e-09,463.3,BID
1275,1712612850.219555,14025093.52029161,462.6,0.0,463.3,BID
1276,1712612869.4382093,14025106.49046022,462.0,-1.968009127994827e-09,463.3,ASK
1277,1712612880.3212266,14025106.49046022,462.0,-0.0,463.3,ASK
1278,1712612901.5062878,14025119.46343319,462.5,1.9684328532540877e-09,463.3,BID
1279,1712612910.3308592,14025119.46343319,462.5,0.0,463.3,BID
1280,1712612931.3258862,14025132.43640616,462.0,-1.9684310614766917e-09,463.3,ASK
1281,1712612940.2256174,14025132.43640616,462.0,-0.0,463.3,ASK
1282,1712612966.0812829,14025145.40937913,462.5,1.968429271357289e-09,463.3,BID
1283,1712612970.209919,14025145.40937913,462.5,0.0,463.3,BID
1284,1712612994.476219,14025158.3823521,462.0,-1.96842747930379e-09,463.3,ASK
1285,1712613000.2424028,14025158.3823521,462.0,-0.0,463.3,ASK
1286,1712613016.1864157,14025266.4904602,462.5,1.6422195263046584e-08,463.3,BID
1287,1712613017.9075737,14025374.5985683,462.5,1.6422195263046584e-08,463.3,BID
1288,1712613030.2181218,14025374.5985683,462.5,0.0,463.3,BID
1289,1712613060.2907937,14025374.5985683,462.5,0.0,463.3,BID
1290,1712613063.5663328,14025387.57154127,462.5,1.970633496370769e-09,463.3,BID
1291,1712613082.666063,14026062.38593825,462.1,-1.0250633047252037e-07,463.3,ASK
1292,1712613090.3316154,14026062.38593825,462.1,-0.0,463.3,ASK
1293,1712613090.8447344,14026095.43350581,462.5,5.019782259517755e-09,463.3,BID
1294,1712613098.9064312,14026108.40647878,462.0,-1.970538359297252e-09,463.3,ASK
1295,1712613099.806758,14026278.55541511,462.5,2.5844885875126827e-08,463.3,BID
1296,1712613099.8168914,14026367.36627242,462.5,1.348998425212109e-08,463.3,BID
1297,1712613099.930051,14027359.63649619,462.5,1.507215457444875e-07,463.3,BID
1298,1712613100.7167895,14027575.80597305,462.6,3.283520649365891e-08,463.3,BID
1299,1712613120.2048118,14027575.80597305,462.6,0.0,463.3,BID
1300,1712613150.2014942,14027575.80597305,462.6,0.0,463.3,BID
1301,1712613160.9362211,14027588.76773584,462.9,1.968626272335633e-09,463.3,BID
1302,1712613180.306643,14027588.76773584,462.9,0.0,463.3,BID
1303,1712613185.3463902,14027688.76773584,462.9,1.5187937860306132e-08,463.3,BID
1304,1712613189.536996,14027701.72949863,462.1,-1.9686244780903277e-09,463.3,ASK
1305,1712613201.8062594,14027751.72949863,462.9,7.593968930153066e-09,463.3,BID
1306,1712613210.3091063,14027751.72949863,462.9,0.0,463.3,BID
1307,1712613225.0865786,14027764.69126142,462.9,1.96860192687721e-09,463.3,BID
1308,1712613240.189895,14027764.69126142,462.9,0.0,463.3,BID
1309,1712613255.0266094,14027777.65302421,462.2,-1.968600132959172e-09,463.3,ASK
1310,1712613267.2500665,14028044.97303521,462.5,4.059989507138001e-08,463.3,BID
1311,1712613267.3261368,14028044.97303592,462.5,1.0778257184350652e-16,463.3,BID
1312,1712613270.215449,14028044.97303592,462.5,0.0,463.3,BID
1313,1712613270.8044214,14028066.65560314,462.5,-3.2930292801577304e-09,463.3,ASK
1314,1712613278.9318292,14028116.65560314,462.2,-7.593725518564787e-09,463.3,ASK
1315,1712613287.8369057,14028121.48769343,462.9,7.3387134690363e-10,463.3,BID
1316,1712613287.8411696,14028129.61736593,462.9,1.2346900303213468e-09,463.3,BID
1317,1712613290.326349,14028179.61736593,462.3,-7.593725518564787e-09,463.3,ASK
1318,1712613300.321211,14028179.61736593,462.3,-0.0,463.3,ASK
1319,1712613330.3103375,14028179.61736593,462.3,-0.0,463.3,ASK
1320,1712613360.2111712,14028179.61736593,462.3,-0.0,463.3,ASK
1321,1712613381.8974135,14028192.57912872,462.3,-1.9712496738897918e-09,463.3,ASK
1322,1712613390.1930842,14028192.57912872,462.3,-0.0,463.3,ASK
1323,1712613417.2565873,14028205.53249659,463.2,1.969971163250349e-09,463.3,BID
1324,1712613420.3135855,14028205.53249659,463.2,0.0,463.3,BID
1325,1712613449.0364475,14028218.48586446,462.4,-1.9699693656717364e-09,463.3,ASK
1326,1712613450.3087938,14028218.48586446,462.4,-0.0,463.3,ASK
1327,1712613480.2457483,14028218.48586446,462.4,-0.0,463.3,ASK
1328,1712613481.916714,14028231.43923233,463.2,1.969967571201021e-09,463.3,BID
1329,1712613483.1866226,14028361.7315861,462.5,-1.981505615156457e-08,463.3,ASK
1330,1712613483.189584,14030415.6952877,462.4,-3.123698736182344e-07,463.3,ASK
1331,1712613497.1568887,14032674.97332962,462.4,-3.435943857591465e-07,463.3,ASK
1332,1712613497.1611865,14032794.58802127,462.4,-1.819118131670949e-08,463.3,ASK
1333,1712613510.2333963,14032794.58802127,462.4,-0.0,463.3,ASK
1334,1712613511.1665075,14032807.54138914,462.4,-1.9693338266330144e-09,463.3,ASK
1335,1712613540.344514,14032807.54138914,462.4,-0.0,463.3,ASK
1336,1712613570.3690317,14032807.54138914,462.4,-0.0,463.3,ASK
1337,1712613600.426528,14032807.54138914,462.4,-0.0,463.3,ASK
1338,1712613614.598847,14033886.52283066,463.4,1.6581959557964542e-07,463.4,BID
1339,1712613614.603398,14035482.48593781,463.5,2.452701657359433e-07,463.5,BID
1340,1712613614.6078606,14040512.54966145,463.6,7.730282471020015e-07,463.6,BID
1341,1712613614.612338,14040555.69960752,463.5,6.631352802900481e-09,463.6,BID
1342,1712613614.6142771,14040729.2227795,463.4,2.6667318912243263e-08,463.6,BID
1343,1712613614.6162791,14042296.23748019,463.9,2.408213282795082e-07,463.9,BID
1344,1712613614.6182556,14042308.23748019,463.6,1.844179214196963e-09,463.9,BID
1345,1712613614.6202984,14042319.23748019,463.6,1.690497613013882e-09,463.9,BID
1346,1712613614.6223044,14042330.23122885,463.9,1.6895368972469055e-09,463.9,BID
1347,1712613620.5441177,14042441.54022261,462.6,-1.7106144386904322e-08,463.9,ASK
1348,1712613630.3164754,14042441.54022261,462.6,-0.0,463.9,ASK
1349,1712613643.136745,14042454.47404455,463.9,1.986327083233406e-09,463.9,BID
1350,1712613660.2373557,14042454.47404455,463.9,0.0,463.9,BID
1351,1712613690.234276,14042454.47404455,463.9,0.0,463.9,BID
1352,1712613706.7266915,14042467.40786649,462.6,-1.986325252633773e-09,463.9,ASK
1353,1712613706.9068785,14042553.63334611,463.8,1.3242168355278045e-08,463.9,BID
1354,1712613720.3112557,14042553.63334611,463.8,0.0,463.9,BID
1355,1712613739.4764447,14042769.24352291,463.8,3.3112324964148404e-08,463.9,BID
1356,1712613740.3074324,14042782.18013351,463.8,1.986739496618865e-09,463.9,BID
1357,1712613750.3207717,14042782.18013351,463.8,0.0,463.9,BID
1358,1712613768.0866787,14045395.14273371,463.8,4.0127910272617323e-07,463.9,BID
1359,1712613772.336877,14045408.07934431,462.7,-1.9867071551201764e-09,463.9,ASK
1360,1712613780.2214,14045408.07934431,462.7,-0.0,463.9,ASK
1361,1712613790.1466527,14045452.45580319,462.7,-6.813727709108189e-09,463.9,ASK
1362,1712613809.25674,14045465.39241379,463.8,1.9863356458039744e-09,463.9,BID
1363,1712613810.2078612,14045465.39241379,463.8,0.0,463.9,BID
1364,1712613838.4272802,14045478.32902439,462.7,-1.986327553556602e-09,463.9,ASK
1365,1712613840.311843,14045478.32902439,462.7,-0.0,463.9,ASK
1366,1712613867.896554,14045967.27748553,463.1,-7.50746032366002e-08,463.9,ASK
1367,1712613870.317633,14045967.27748553,463.1,-0.0,463.9,ASK
1368,1712613877.357114,14045980.216886,463.7,1.986685021737524e-09,463.9,BID
1369,1712613884.9396424,14046483.080623,463.7,7.72085118316224e-08,463.9,BID
1370,1712613900.2286737,14046483.080623,463.7,0.0,463.9,BID
1371,1712613905.6570413,14046496.02002347,463.1,-1.9903859400481315e-09,463.9,ASK
1372,1712613909.6972015,14046508.95942394,463.7,1.9903859400481315e-09,463.9,BID
1373,1712613930.2022796,14046508.95942394,463.7,0.0,463.9,BID
1374,1712613960.3101566,14046508.95942394,463.7,0.0,463.9,BID
1375,1712613962.211845,14046683.50712694,463.0,-2.6849517012101534e-08,463.9,ASK
1376,1712613970.7367916,14046696.44652741,463.0,-1.990382268410483e-09,463.9,ASK
1377,1712613972.3864405,14046739.57786232,463.7,6.634607562991881e-09,463.9,BID
1378,1712613976.007076,14046752.51447292,463.8,1.9899531212021523e-09,463.9,BID
1379,1712613990.323154,14046752.51447292,463.8,0.0,463.9,BID
1380,1712614013.0566354,14046765.45108352,463.5,-1.989918591575282e-09,463.9,ASK
1381,1712614020.235686,14046765.45108352,463.5,-0.0,463.9,ASK
1382,1712614041.826847,14047311.46291269,463.5,-8.398784825144161e-08,463.9,ASK
1383,1712614041.8309274,14054027.12126474,463.5,-1.0330063644198438e-06,463.9,ASK
1384,1712614042.21068,14054225.24426474,463.5,3.047539186908029e-08,463.9,BID
1385,1712614042.3064497,14054238.18924855,463.5,1.991204728148589e-09,463.9,BID
1386,1712614043.2467976,14055134.70458555,463.5,1.379024959835593e-07,463.9,BID
1387,1712614044.4217408,14055207.03858555,463.5,1.1126456773959552e-08,463.9,BID
1388,1712614048.8765826,14056207.03858555,463.5,1.538205653514772e-07,463.9,BID
1389,1712614049.7010338,14056232.50358555,463.5,3.917040696652446e-09,463.9,BID
1390,1712614050.1114836,14056439.62872039,463.5,3.186010533968321e-08,463.9,BID
1391,1712614050.2169256,14056439.62872039,463.5,0.0,463.9,BID
1392,1712614050.7073882,14057745.13463039,463.5,2.0067524570084946e-07,463.9,BID
1393,1712614051.406522,14058745.13463039,463.5,1.537145440428341e-07,463.9,BID
1394,1712614051.5667922,14062648.13463039,463.5,5.999478653991814e-07,463.9,BID
1395,1712614051.929639,14063441.61463039,463.5,1.219694164071767e-07,463.9,BID
1396,1712614052.766755,14064652.18364838,463.5,1.8608206463264682e-07,463.9,BID
1397,1712614053.0030258,14069309.63763538,463.5,7.15918416012263e-07,463.9,BID
1398,1712614053.1087396,14071210.69284938,463.5,2.9221983542039546e-07,463.9,BID
1399,1712614053.7767692,14071539.30084938,463.5,5.0511828888685614e-08,463.9,BID
1400,1712614053.9967525,14072735.26001738,463.5,1.8383631820298975e-07,463.9,BID
1401,1712614056.1366882,14073386.23501738,463.5,1.0006432530822665e-07,463.9,BID
1402,1712614058.4866614,14075417.98001738,463.5,3.1230875628646825e-07,463.9,BID
1403,1712614059.9966962,14075832.19951324,463.5,6.367156093961834e-08,463.9,BID
1404,1712614060.4365516,14077103.97051324,463.5,1.954896993918556e-07,463.9,BID
1405,1712614062.8071368,14077231.15751324,463.5,1.9550491713306496e-08,463.9,BID
1406,1712614065.7568507,14077391.15251324,463.5,2.4593558474007257e-08,463.9,BID
1407,1712614067.2863822,14077998.68551324,463.5,9.338665808594764e-08,463.9,BID
1408,1712614072.5464213,14079757.00346118,463.5,2.702790416500673e-07,463.9,BID
1409,1712614074.386779,14079821.65146118,463.5,9.937337843288013e-09,463.9,BID
1410,1712614074.7469385,14079834.59644499,463.4,-1.989832284024669e-09,463.9,ASK
1411,1712614080.3098814,14079834.59644499,463.4,-0.0,463.9,ASK
1412,1712614082.6996722,14081262.61944499,463.5,2.191426343515353e-07,463.9,BID
1413,1712614091.4763565,14085989.36862527,463.5,7.253610532081171e-07,463.9,BID
1414,1712614097.7580829,14089056.36862527,463.5,4.706580072982982e-07,463.9,BID
1415,1712614101.816653,14089318.39862527,463.5,4.021079806066433e-08,463.9,BID
1416,1712614101.9370406,14093867.40182394,463.5,6.980843758329677e-07,463.9,BID
1417,1712614101.9769034,14097092.91312438,463.5,4.949829544126658e-07,463.9,BID
1418,1712614102.036767,14098047.39487898,463.5,1.4647358350903624e-07,463.9,BID
1419,1712614102.436814,14098752.88175387,463.5,1.0826313880359788e-07,463.9,BID
1420,1712614102.483045,14099152.1106626,463.5,6.126517203751277e-08,463.9,BID
1421,1712614104.871252,14099630.46561476,463.5,7.340775629769319e-08,463.9,BID
1422,1712614104.8737447,14100794.22404359,463.5,1.7858892177670596e-07,463.9,BID
1423,1712614104.906845,14101047.79989955,463.5,3.891343562621365e-08,463.9,BID
1424,1712614104.96662,14101526.10806865,463.5,7.34005770274886e-08,463.9,BID
1425,1712614105.9465032,14101839.54606865,463.5,4.8099805833441226e-08,463.9,BID
1426,1712614106.3465044,14101985.53900923,463.4,-2.2403895172228228e-08,463.9,ASK
1427,1712614106.3563082,14105087.25594348,463.4,-4.759856248704945e-07,463.9,ASK
1428,1712614106.6764102,14105635.61899025,463.5,8.41511114666925e-08,463.9,BID
1429,1712614107.3208213,14105967.89473291,463.5,5.099062240417658e-08,463.9,BID
1430,1712614108.3766391,14106171.43973291,463.5,3.1235762665633205e-08,463.9,BID
1431,1712614108.9051423,14106184.38471672,463.5,1.986521123120657e-09,463.9,BID
1432,1712614110.321936,14106184.38471672,463.5,0.0,463.9,BID
1433,1712614113.327481,14106741.29671672,463.5,8.530315132624834e-08,463.9,BID
1434,1712614115.5473218,14106824.26571672,463.5,1.2708501814334502e-08,463.9,BID
1435,1712614117.15651,14106860.77571672,463.5,5.5922983431845484e-09,463.9,BID
1436,1712614118.2165067,14107124.18506567,463.5,4.0346854717070654e-08,463.9,BID
1437,1712614119.526597,14108690.81106567,463.5,2.399627494999833e-07,463.9,BID
1438,1712614124.316753,14110848.30836879,463.5,3.304675046217859e-07,463.9,BID
1439,1712614126.0273466,14110948.30836879,463.3,-1.5317168839273584e-08,463.9,ASK
1440,1712614126.03255,14111043.15109933,463.4,-1.45272211684236e-08,463.9,ASK
1441,1712614126.03725,14113201.11398236,463.4,-3.305388182827135e-07,463.9,ASK
1442,1712614126.040017,14113278.71862452,463.0,-1.1886834066512262e-08,463.9,ASK
1443,1712614131.0469215,14113953.68462452,463.5,1.0338568182769361e-07,463.9,BID
1444,1712614136.226466,14115542.25933345,463.5,2.433246703049828e-07,463.9,BID
1445,1712614136.2555993,14116565.76433345,463.5,1.5677198892824737e-07,463.9,BID
1446,1712614138.8158467,14117064.20672605,463.5,7.634726284116416e-08,463.9,BID
1447,1712614140.1923957,14117064.20672605,463.5,0.0,463.9,BID
1448,1712614140.8067856,14121309.25898394,463.5,6.497199972310797e-07,463.9,BID
1449,1712614140.9741845,14128697.25898394,463.5,1.1307590691308127e-06,463.9,BID
1450,1712614154.2567856,14129912.4641118,463.2,-1.859913669709509e-07,463.9,ASK
1451,1712614156.8467436,14130111.68488976,463.5,3.0491432246633015e-08,463.9,BID
1452,1712614160.8070438,14132266.16188976,463.5,3.297501904417563e-07,463.9,BID
1453,1712614170.2137089,14132266.16188976,463.5,0.0,463.9,BID
1454,1712614172.2565825,14132279.10687357,463.1,-1.979140492557913e-09,463.9,ASK
1455,1712614200.2607665,14132279.10687357,463.1,-0.0,463.9,ASK
1456,1712614207.5765443,14132292.05185738,463.5,1.980273451421696e-09,463.9,BID
1457,1712614209.4065306,14133342.50516808,463.5,1.606942761489286e-07,463.9,BID
1458,1712614230.2030692,14133342.50516808,463.5,0.0,463.9,BID
1459,1712614242.1070185,14133355.45015189,463.1,-1.980124150746368e-09,463.9,ASK
1460,1712614260.377626,14133355.45015189,463.1,-0.0,463.9,ASK
1461,1712614286.806656,14133421.28255524,463.2,-1.0070017401946618e-08,463.9,ASK
1462,1712614290.3259811,14133421.28255524,463.2,-0.0,463.9,ASK
1463,1712614299.5969863,14133681.45015189,463.2,-3.979620782745933e-08,463.9,ASK
1464,1712614299.6014214,14136143.48208247,463.2,-3.7660160468984483e-07,463.9,ASK
1465,1712614299.6390128,14137294.77176155,463.2,-1.761055716700373e-07,463.9,ASK
1466,1712614299.6966052,14137999.23944377,463.2,-1.0775800926100305e-07,463.9,ASK
1467,1712614320.275627,14137999.23944377,463.2,-0.0,463.9,ASK
1468,1712614322.136736,14138215.03573207,463.4,3.2998303321748995e-08,463.9,BID
1469,1712614327.3218791,14138322.93387622,463.4,1.6499151660874494e-08,463.9,BID
1470,1712614335.967008,14138335.88165351,463.4,1.979898198063103e-09,463.9,BID
1471,1712614350.2176752,14138335.88165351,463.4,0.0,463.9,BID
1472,1712614368.147197,14138348.8294308,463.1,-1.979850969499348e-09,463.9,ASK
1473,1712614376.8968022,14139212.01458401,463.4,1.319900647175011e-07,463.9,BID
1474,1712614380.29405,14139212.01458401,463.4,0.0,463.9,BID
1475,1712614402.2465432,14139224.9623613,463.4,1.9797280658726604e-09,463.9,BID
1476,1712614410.311056,14139224.9623613,463.4,0.0,463.9,BID
1477,1712614430.9166253,14139237.91013859,463.1,-1.9797262496599487e-09,463.9,ASK
1478,1712614440.253589,14139237.91013859,463.1,-0.0,463.9,ASK
1479,1712614447.2468295,14139394.01894173,463.1,-2.386914797165061e-08,463.9,ASK
1480,1712614453.466611,14139453.84622151,463.1,9.147633990447865e-09,463.9,BID
1481,1712614456.4966376,14140441.93518098,463.1,-1.5107951062568838e-07,463.9,ASK
1482,1712614465.7967174,14140454.88295827,463.4,1.9797244346263624e-09,463.9,BID
1483,1712614470.2166915,14140454.88295827,463.4,0.0,463.9,BID
1484,1712614495.7569394,14140467.83073556,463.1,-1.979553851725176e-09,463.9,ASK
1485,1712614500.2351017,14140467.83073556,463.1,-0.0,463.9,ASK
1486,1712614530.2175906,14140467.83073556,463.1,-0.0,463.9,ASK
1487,1712614532.5466592,14140480.77851285,463.4,1.9823637221324627e-09,463.9,BID
1488,1712614560.3175137,14140480.77851285,463.4,0.0,463.9,BID
1489,1712614561.4463646,14140493.72629014,463.1,-1.982361901080605e-09,463.9,ASK
1490,1712614566.1466782,14140506.67406743,463.4,1.982361901080605e-09,463.9,BID
1491,1712614566.226801,14140670.67924658,463.4,2.5109917435836586e-08,463.9,BID
1492,1712614566.2313728,14140886.47553443,463.4,3.303936496971974e-08,463.9,BID
1493,1712614566.246442,14140886.47553488,463.4,6.901336658236279e-17,463.9,BID
1494,1712614566.306601,14148775.20228188,463.5,1.2077989141416544e-06,463.9,BID
1495,1712614590.3236663,14148775.20228188,463.5,0.0,463.9,BID
1496,1712614595.4667566,14148788.15005917,463.1,-1.98119577354253e-09,463.9,ASK
1497,1712614612.4371214,14149860.75131724,463.1,-1.6412338825483568e-07,463.9,ASK
1498,1712614612.4410963,14149971.99609833,463.0,-1.7022048278204207e-08,463.9,ASK
1499,1712614620.2140555,14149971.99609833,463.0,-0.0,463.9,ASK
1500,1712614628.4365268,14149984.93270893,463.8,1.9793192550345743e-09,463.9,BID
1501,1712614650.199501,14149984.93270893,463.8,0.0,463.9,BID
1502,1712614664.2623906,14149997.86931953,463.0,-1.979317438004796e-09,463.9,ASK
1503,1712614669.7935903,14150338.14241442,463.0,-5.206220479434983e-08,463.9,ASK
1504,1712614680.3173528,14150338.14241442,463.0,-0.0,463.9,ASK
1505,1712614693.7665458,14150351.07902502,463.8,1.979267914297386e-09,463.9,BID
1506,1712614699.9409258,14150783.04446779,463.0,-6.608959389716325e-08,463.9,ASK
1507,1712614706.366354,14150893.22516414,463.0,-1.685736115919187e-08,463.9,ASK
1508,1712614710.3043678,14150893.22516414,463.0,-0.0,463.9,ASK
1509,1712614725.447153,14150906.16177474,463.0,-1.979190087744293e-09,463.9,ASK
1510,1712614740.2349634,14150906.16177474,463.0,-0.0,463.9,ASK
1511,1712614770.2175212,14150906.16177474,463.0,-0.0,463.9,ASK
1512,1712614789.9262812,14150949.2838101,463.8,6.597294251035911e-09,463.9,BID
1513,1712614800.2571385,14150949.2838101,463.8,0.0,463.9,BID
1514,1712614811.3073225,14151055.31382081,463.8,1.6248884520725768e-08,463.9,BID
1515,1712614830.2061305,14151055.31382081,463.8,0.0,463.9,BID
1516,1712614841.217453,14151693.96645567,463.0,-9.78714859822358e-08,463.9,ASK
1517,1712614860.3076534,14151693.96645567,463.0,-0.0,463.9,ASK
1518,1712614883.188223,14151706.90306627,463.8,1.982404616613608e-09,463.9,BID
1519,1712614890.341158,14151706.90306627,463.8,0.0,463.9,BID
1520,1712614894.900413,14151755.0288748,463.7,7.374786196976672e-09,463.9,BID
1521,1712614896.9084027,14151803.15468333,463.7,7.374786196976672e-09,463.9,BID
1522,1712614920.1991348,14151803.15468333,463.7,0.0,463.9,BID
1523,1712614921.899064,14151846.28601824,463.7,6.609389173656575e-09,463.9,BID
1524,1712614936.2197084,14152061.94269282,463.7,3.304694587284974e-08,463.9,BID
1525,1712614936.2254086,14154002.85276398,463.7,2.974225128456577e-07,463.9,BID
1526,1712614945.944009,14154015.78937458,463.0,-1.982389235607862e-09,463.9,ASK
1527,1712614950.216648,14154015.78937458,463.0,-0.0,463.9,ASK
1528,1712614980.3401177,14154015.78937458,463.0,-0.0,463.9,ASK
1529,1712614983.340165,14154028.72877505,463.7,1.982505059573192e-09,463.9,BID
1530,1712615009.9306164,14154041.66817552,463.0,-1.982505059573192e-09,463.9,ASK
1531,1712615010.3069682,14154041.66817552,463.0,-0.0,463.9,ASK
1532,1712615014.310621,14154052.87696672,463.0,-1.7173472984781583e-09,463.9,ASK
1533,1712615040.2517126,14154052.87696672,463.0,-0.0,463.9,ASK
1534,1712615049.7011497,14154065.81636719,463.7,1.982499840997825e-09,463.9,BID
1535,1712615070.215916,14154065.81636719,463.7,0.0,463.9,BID
1536,1712615077.0614643,14154078.75576766,463.0,-1.982498018516785e-09,463.9,ASK
1537,1712615100.3218417,14154078.75576766,463.0,-0.0,463.9,ASK
1538,1712615108.0521464,14154121.88710257,463.7,6.61975229169709e-09,463.9,BID
