,time,acc_trade_volume,trade_price,dev,high,ask_bid
0,1712601588.4969482,49456760.5528912,302.7,0.0,309.0,BID
1,1712601593.5701003,49456780.37449675,302.2,-1.201092459512997e-09,309.0,ASK
2,1712601600.2027948,49456780.37449675,302.2,-0.0,309.0,ASK
3,1712601602.21008,49456800.21576659,302.4,1.2037278382583572e-09,309.0,BID
4,1712601609.7698407,49458290.64512804,302.2,-9.042119421718744e-08,309.0,ASK
5,1712601609.7797642,49494549.16127909,302.2,-2.19972741795696e-06,309.0,ASK
6,1712601609.7809503,49496203.69470066,302.2,-1.00377040146617e-07,309.0,ASK
7,1712601626.61984,49496223.5359705,302.0,-1.2037278387103686e-09,309.0,ASK
8,1712601630.2008724,49496223.5359705,302.0,-0.0,309.0,ASK
9,1712601636.519825,49496243.37724034,302.4,1.2028579982506856e-09,309.0,BID
10,1712601651.079673,49498116.44774083,302.0,-1.135531068045303e-07,309.0,ASK
11,1712601659.0894487,49498136.28901067,302.0,-1.2028579982506856e-09,309.0,ASK
12,1712601660.3093016,49498136.28901067,302.0,-0.0,309.0,ASK
13,1712601690.299494,49498136.28901067,302.0,-0.0,309.0,ASK
14,1712601717.8594236,49498268.66710812,302.0,-8.025014452834294e-09,309.0,ASK
15,1712601720.1997974,49498268.66710812,302.0,-0.0,309.0,ASK
16,1712601720.2495923,49498722.18020425,302.0,-2.7492768068645217e-08,309.0,ASK
17,1712601735.8292756,49498742.02147409,302.4,1.202812960952906e-09,309.0,BID
18,1712601738.1993675,49498755.33670425,302.4,8.071928628159895e-10,309.0,BID
19,1712601738.200988,49499098.8773663,302.4,2.0826044108680066e-08,309.0,BID
20,1712601750.191048,49499098.8773663,302.4,0.0,309.0,BID
21,1712601762.9715977,49499118.71863614,302.0,-1.20279466832542e-09,309.0,ASK
22,1712601764.7909305,49505610.1175326,302.4,3.9351412708515537e-07,309.0,BID
23,1712601773.8998916,49505629.93913815,302.7,1.2016026020216748e-09,309.0,BID
24,1712601780.2991676,49505629.93913815,302.7,0.0,309.0,BID
25,1712601794.4191551,49505649.7607437,302.4,-1.201458756601752e-09,309.0,ASK
26,1712601802.6190772,49505669.58234925,302.7,1.201458756601752e-09,309.0,BID
27,1712601810.3197906,49505669.58234925,302.7,0.0,309.0,BID
28,1712601815.6691413,49506330.30253425,302.7,4.0048596108384536e-08,309.0,BID
29,1712601833.008963,49506350.1241398,302.4,-1.201457883138634e-09,309.0,ASK
30,1712601840.192226,49506350.1241398,302.4,-0.0,309.0,ASK
31,1712601870.2092218,49506350.1241398,302.4,-0.0,309.0,ASK
32,1712601873.1287615,49506369.94574535,302.7,1.2014428818856795e-09,309.0,BID
33,1712601889.158963,49507236.65526764,302.7,5.2533685209549295e-08,309.0,BID
34,1712601889.160299,49507913.11059503,302.7,4.1001847001215856e-08,309.0,BID
35,1712601892.1684682,49507932.93220058,302.4,-1.2014428818856795e-09,309.0,ASK
36,1712601900.2095635,49507932.93220058,302.4,-0.0,309.0,ASK
37,1712601901.41885,49507952.75380613,302.7,1.2014379938308278e-09,309.0,BID
38,1712601901.510863,49508761.13793252,302.7,4.8998220688376976e-08,309.0,BID
39,1712601901.5122094,49508999.1303971,302.7,1.442532939600757e-08,309.0,BID
40,1712601927.9202974,49509005.80314658,302.4,-4.0445234022966894e-10,309.0,ASK
41,1712601927.9221056,49509018.95200265,302.4,-7.969856540527572e-10,309.0,ASK
42,1712601930.1900637,49509018.95200265,302.4,-0.0,309.0,ASK
43,1712601934.158544,49509038.76706209,302.8,1.2010172868090654e-09,309.0,BID
44,1712601940.6788895,49524613.81947509,302.4,-9.44024783229817e-07,309.0,ASK
45,1712601949.999194,49524613.81947575,302.4,-3.9739890697425696e-17,309.0,ASK
46,1712601950.0008762,49529231.46650377,302.0,-2.798817698373132e-07,309.0,ASK
47,1712601950.0024762,49532315.58367235,302.0,-1.869324715142833e-07,309.0,ASK
48,1712601956.83832,49532480.70916772,302.8,1.0008477392935612e-08,309.0,BID
49,1712601958.488563,49535783.21907524,302.8,2.00169547870002e-07,309.0,BID
50,1712601960.2984438,49535783.21907524,302.8,0.0,309.0,BID
51,1712601962.8585825,49535803.03413468,301.9,-1.2004285287510047e-09,309.0,ASK
52,1712601971.4682524,49535822.84919412,302.8,1.2004285287510047e-09,309.0,BID
53,1712601990.168485,49535842.66425356,301.8,-1.2004285292023731e-09,309.0,ASK
54,1712601990.318533,49535842.66425356,301.8,-0.0,309.0,ASK
55,1712601991.6782446,49536508.21244491,301.8,-4.031994802926585e-08,309.0,ASK
56,1712601991.7782056,49543928.21244491,301.8,4.495151790165677e-07,309.0,BID
57,1712601991.7986171,49564492.62184491,301.8,1.24582401250829e-06,309.0,BID
58,1712601992.127451,49569492.39487132,301.8,3.0289405215733734e-07,309.0,BID
59,1712601992.215572,49570285.01388439,301.8,4.8018096705198496e-08,309.0,BID
60,1712601999.0488036,49570304.83548994,302.7,1.200823796465256e-09,309.0,BID
61,1712602020.1987183,49570304.83548994,302.7,0.0,309.0,BID
62,1712602027.687863,49570332.81621381,302.7,1.6940485118633603e-09,309.0,BID
63,1712602028.3679647,49570352.63781936,301.6,-1.2000676445466392e-09,309.0,ASK
64,1712602036.1780667,49570372.45942491,302.7,1.2000676449977231e-09,309.0,BID
65,1712602050.1788876,49570372.45942491,302.7,0.0,309.0,BID
66,1712602060.5183606,49570392.28103046,301.6,-1.2000661588775e-09,309.0,ASK
67,1712602067.5314825,49570412.10263601,302.7,1.2000661588775e-09,309.0,BID
68,1712602080.298426,49570412.10263601,302.7,0.0,309.0,BID
69,1712602098.2179766,49570431.92424156,301.6,-1.200065288590177e-09,309.0,ASK
70,1712602105.7477436,49570451.7589523,302.5,1.20085872003697e-09,309.0,BID
71,1712602110.2980375,49570451.7589523,302.5,0.0,309.0,BID
72,1712602128.753622,49570471.59366304,301.6,-1.200857849175514e-09,309.0,ASK
73,1712602140.177954,49570471.59366304,301.6,-0.0,309.0,ASK
74,1712602170.1980872,49570471.59366304,301.6,-0.0,309.0,ASK
75,1712602173.9120574,49570491.43493288,302.4,1.2012545235628227e-09,309.0,BID
76,1712602182.9776194,49571506.89458896,302.4,6.147920546412426e-08,309.0,BID
77,1712602196.957685,49571526.7358588,301.7,-1.2012545231117404e-09,309.0,ASK
78,1712602200.207441,49571526.7358588,301.7,-0.0,309.0,ASK
79,1712602230.2011452,49571526.7358588,301.7,-0.0,309.0,ASK
80,1712602238.3474736,49571546.57712864,302.4,1.2012313193899302e-09,309.0,BID
81,1712602244.0479844,49571678.76483518,302.6,8.002915861002764e-09,309.0,BID
82,1712602260.2105012,49571678.76483518,302.6,0.0,309.0,BID
83,1712602263.5177734,49571698.60610502,301.7,-1.2012279740484747e-09,309.0,ASK
84,1712602272.9080844,49571718.434261,302.6,1.200434035952363e-09,309.0,BID
85,1712602290.2099128,49571718.434261,302.6,0.0,309.0,BID
86,1712602297.129353,49571738.26241698,301.7,-1.200433164843849e-09,309.0,ASK
87,1712602306.9673471,49571758.09057296,302.6,1.200433164843849e-09,309.0,BID
88,1712602320.2873938,49571758.09057296,302.6,0.0,309.0,BID
89,1712602326.0972185,49571807.99172998,302.5,-3.02110596969759e-09,309.0,ASK
90,1712602329.8871193,49571827.81988596,301.7,-1.200432294024139e-09,309.0,ASK
91,1712602345.097222,49571847.64804194,302.6,1.200432294024139e-09,309.0,BID
92,1712602350.3173673,49571847.64804194,302.6,0.0,309.0,BID
93,1712602358.6872427,49571892.55647169,302.5,-2.718832806571879e-09,309.0,ASK
94,1712602359.3070354,49571937.32447169,301.7,-2.710330950379605e-09,309.0,ASK
95,1712602361.817291,49571957.15262767,301.7,-1.200430326151754e-09,309.0,ASK
96,1712602373.267193,49571976.99389751,302.4,1.2012242617942934e-09,309.0,BID
97,1712602373.5499694,49572142.72144142,301.7,-1.0033427706953936e-08,309.0,ASK
98,1712602373.5510309,49573711.65782921,301.7,-9.498608048346274e-08,309.0,ASK
99,1712602380.1785643,49573711.65782921,301.7,-0.0,309.0,ASK
100,1712602400.9573884,49573731.49909905,301.6,-1.2011833615495538e-09,309.0,ASK
101,1712602408.2671647,49573751.34036889,302.4,1.2011833610984982e-09,309.0,BID
102,1712602410.199862,49573751.34036889,302.4,0.0,309.0,BID
103,1712602434.2771714,49573771.18163873,301.6,-1.2011824900739395e-09,309.0,ASK
104,1712602440.2972274,49573771.18163873,301.6,-0.0,309.0,ASK
105,1712602445.4992726,49573791.02290857,302.4,1.201182054462687e-09,309.0,BID
106,1712602470.2992682,49573791.02290857,302.4,0.0,309.0,BID
107,1712602471.6070602,49573810.86417841,301.6,-1.2011816185995896e-09,309.0,ASK
108,1712602488.2667654,49573828.67204997,301.6,-1.0780805941623098e-09,309.0,ASK
109,1712602500.2171392,49573828.67204997,301.6,-0.0,309.0,ASK
110,1712602518.8169668,49573848.50676071,302.5,1.200834250594103e-09,309.0,BID
111,1712602530.1872258,49573848.50676071,302.5,0.0,309.0,BID
112,1712602537.8874383,49573868.34147145,301.7,-1.2008338143883852e-09,309.0,ASK
113,1712602547.2780125,49573888.17618219,302.5,1.2008338143883852e-09,309.0,BID
114,1712602560.2985132,49573888.17618219,302.5,0.0,309.0,BID
115,1712602572.0688317,49573894.17873511,301.7,-3.634065241878905e-10,309.0,ASK
116,1712602572.0719151,49574316.71511359,301.7,-2.55811949875853e-08,309.0,ASK
117,1712602573.4484951,49574336.54982433,301.7,-1.2008329431314998e-09,309.0,ASK
118,1712602582.378604,49574356.38453507,302.5,1.2008329431314998e-09,309.0,BID
119,1712602590.2892933,49574356.38453507,302.5,0.0,309.0,BID
120,1712602607.8093789,49574376.21924581,301.7,-1.2008226724597091e-09,309.0,ASK
121,1712602620.2116506,49574376.21924581,301.7,-0.0,309.0,ASK
122,1712602650.191883,49574376.21924581,301.7,-0.0,309.0,ASK
123,1712602653.5103583,49574396.06051565,302.4,1.201219335095738e-09,309.0,BID
124,1712602669.7710264,49576862.32407699,302.4,1.493111831410744e-07,309.0,BID
125,1712602676.9811113,49576882.16534683,301.7,-1.201219335095738e-09,309.0,ASK
126,1712602680.3043375,49576882.16534683,301.7,-0.0,309.0,ASK
127,1712602683.2410934,49576901.98695238,302.7,1.1999737784469058e-09,309.0,BID
128,1712602710.293888,49576901.98695238,302.7,0.0,309.0,BID
129,1712602712.3825777,49576921.80855793,301.7,-1.199973342578113e-09,309.0,ASK
130,1712602721.0420835,49576941.63016348,302.7,1.1999733430291614e-09,309.0,BID
131,1712602740.1831214,49576941.63016348,302.7,0.0,309.0,BID
132,1712602740.594412,49576961.45176903,301.7,-1.199972472281412e-09,309.0,ASK
133,1712602749.7129805,49576981.28647977,302.5,1.200765842362062e-09,309.0,BID
134,1712602770.20485,49576981.28647977,302.5,0.0,309.0,BID
135,1712602774.4031146,49577001.12119051,301.7,-1.2007649714912215e-09,309.0,ASK
136,1712602800.2835412,49577001.12119051,301.7,-0.0,309.0,ASK
137,1712602800.6534505,49577092.51859846,301.7,-5.533201391719336e-09,309.0,ASK
138,1712602800.654707,49578248.79175066,301.7,-7.000080591504225e-08,309.0,ASK
139,1712602816.4734385,49578268.6264614,302.5,1.2007938904538795e-09,309.0,BID
140,1712602830.20393,49578268.6264614,302.5,0.0,309.0,BID
141,1712602844.894139,49578288.46117214,301.7,-1.200766090497279e-09,309.0,ASK
142,1712602860.2961998,49578288.46117214,301.7,-0.0,309.0,ASK
143,1712602887.1347978,49578308.30244198,302.4,1.2011627340122867e-09,309.0,BID
144,1712602890.3049076,49578308.30244198,302.4,0.0,309.0,BID
145,1712602905.6049535,49586832.14117214,302.4,5.160210913498454e-07,309.0,BID
146,1712602905.6148384,49587298.14117214,302.5,2.8210978196722052e-08,309.0,BID
147,1712602905.6849716,49588308.30244114,302.5,-6.115372861583473e-08,309.0,ASK
148,1712602905.6946795,49588308.30244198,302.5,-5.051732763636633e-17,309.0,ASK
149,1712602915.1253004,49588328.14371182,301.7,-1.2011622981632183e-09,309.0,ASK
150,1712602920.1986334,49588328.14371182,301.7,-0.0,309.0,ASK
151,1712602925.9657874,49588347.98498166,302.4,1.2009419973722087e-09,309.0,BID
152,1712602939.6358778,49588897.07012258,302.4,3.3234738051791395e-08,309.0,BID
153,1712602950.216134,49588897.07012258,302.4,0.0,309.0,BID
154,1712602951.445833,49588916.91139242,301.7,-1.2009294916735104e-09,309.0,ASK
155,1712602961.5262337,49588936.75266226,302.4,1.2009294912225503e-09,309.0,BID
156,1712602980.306537,49588936.75266226,302.4,0.0,309.0,BID
157,1712602989.2240777,49588956.5939321,301.7,-1.200928620422006e-09,309.0,ASK
158,1712602997.656325,49588976.43520194,302.4,1.200928620422006e-09,309.0,BID
159,1712603010.306975,49588976.43520194,302.4,0.0,309.0,BID
160,1712603017.577273,49592581.30626591,301.7,-2.1819116050045242e-07,309.0,ASK
161,1712603017.580415,49598459.50826384,301.7,-3.557885130492205e-07,309.0,ASK
162,1712603023.3470168,49598479.34953368,301.7,-1.2009277487208074e-09,309.0,ASK
163,1712603040.1968567,49598479.34953368,301.7,-0.0,309.0,ASK
164,1712603061.7173443,49598499.19080352,302.4,1.2007193859503991e-09,309.0,BID
165,1712603070.247988,49598499.19080352,302.4,0.0,309.0,BID
166,1712603080.4976285,49599061.3816042,301.7,-3.402167064963557e-08,309.0,ASK
167,1712603095.5973475,49599081.22287404,301.7,-1.2007189495214182e-09,309.0,ASK
168,1712603098.729602,49599101.06414388,302.4,1.200718949972299e-09,309.0,BID
169,1712603100.2977557,49599101.06414388,302.4,0.0,309.0,BID
170,1712603126.4479048,49599120.90541372,301.8,-1.200746184295035e-09,309.0,ASK
171,1712603130.3080325,49599120.90541372,301.8,-0.0,309.0,ASK
172,1712603133.0679069,49600253.15268693,302.4,6.852087147455181e-08,309.0,BID
173,1712603135.8205466,49609916.4592202,302.4,-5.847999819913194e-07,309.0,ASK
174,1712603136.107896,49609936.28737618,302.6,1.1999521302381355e-09,309.0,BID
175,1712603139.3378952,49622546.21010521,302.4,-7.631220803624583e-07,309.0,ASK
176,1712603140.5307672,49623680.21010521,302.4,-6.862694226815288e-08,309.0,ASK
177,1712603140.5786946,49631075.51663848,302.4,-4.4754609745501364e-07,309.0,ASK
178,1712603140.5976784,49632209.51663848,302.4,-6.862694226815288e-08,309.0,ASK
179,1712603158.6981182,49632229.34479446,301.7,-1.1999521302381355e-09,309.0,ASK
180,1712603160.211301,49632229.34479446,301.7,-0.0,309.0,ASK
181,1712603165.7283006,49632249.17295044,302.6,1.1992255183107776e-09,309.0,BID
182,1712603187.0581017,49632348.31373034,302.6,5.996127591553888e-09,309.0,BID
183,1712603190.190982,49632348.31373034,302.6,0.0,309.0,BID
184,1712603197.818371,49632368.14188632,301.7,-1.1992229076767483e-09,309.0,ASK
185,1712603206.5985546,49632387.9700423,302.6,1.1992229072261311e-09,309.0,BID
186,1712603220.3090055,49632387.9700423,302.6,0.0,309.0,BID
187,1712603226.840669,49632407.79819828,301.8,-1.199222038161429e-09,309.0,ASK
188,1712603235.5586784,49632427.62635426,302.6,1.199222038161429e-09,309.0,BID
189,1712603250.3222091,49632427.62635426,302.6,0.0,309.0,BID
190,1712603266.6194012,49632447.45451024,301.7,-1.1992211689541736e-09,309.0,ASK
191,1712603274.0894413,49632467.28922098,302.5,1.1996176055670454e-09,309.0,BID
192,1712603280.1930876,49632467.28922098,302.5,0.0,309.0,BID
193,1712603296.499569,49632487.12393172,301.7,-1.199616736217569e-09,309.0,ASK
194,1712603307.0695903,49632506.95864246,302.5,1.199616736217569e-09,309.0,BID
195,1712603310.2052023,49632506.95864246,302.5,0.0,309.0,BID
196,1712603316.7695284,49634170.85215327,301.7,-1.0063333326715901e-07,309.0,ASK
197,1712603330.3395247,49634190.68686401,301.7,-1.199615866725874e-09,309.0,ASK
198,1712603337.0226176,49634210.52157475,302.5,1.199615866725874e-09,309.0,BID
199,1712603340.3093956,49634210.52157475,302.5,0.0,309.0,BID
200,1712603355.3002343,49645929.50744253,302.5,7.087496547332785e-07,309.0,BID
201,1712603355.3038874,49646194.7532057,302.5,1.6041733063848956e-08,309.0,BID
202,1712603355.3796082,49650739.4471937,302.5,-2.748574263338903e-07,309.0,ASK
203,1712603355.399896,49650739.44719458,302.5,-5.362161724062996e-17,309.0,ASK
204,1712603364.8595035,49650759.28190532,301.7,-1.199578576764724e-09,309.0,ASK
205,1712603370.3095124,49650759.28190532,301.7,-0.0,309.0,ASK
206,1712603373.1396844,49650779.13630637,302.2,1.2004059921306695e-09,309.0,BID
207,1712603392.216634,49651411.7944801,302.2,3.825079693992839e-08,309.0,BID
208,1712603392.219916,49653545.23387233,302.2,1.2898870253179941e-07,309.0,BID
209,1712603400.2335527,49653545.23387233,302.2,0.0,309.0,BID
210,1712603401.790105,49653565.08827338,302.2,-1.201081087612283e-09,309.0,ASK
211,1712603410.5799265,49653584.91642936,302.6,1.1994934063661448e-09,309.0,BID
212,1712603420.9998431,49653614.91642936,302.6,1.814833524013165e-09,309.0,BID
213,1712603430.2107658,49653614.91642936,302.6,0.0,309.0,BID
214,1712603430.6104343,49653634.74458534,302.2,-1.1994918768916131e-09,309.0,ASK
215,1712603439.180279,49661054.74458534,302.6,4.488682525864346e-07,309.0,BID
216,1712603439.245193,49667905.07847793,302.6,4.144066582207197e-07,309.0,BID
217,1712603439.4003568,49668474.74458534,302.7,-3.446159436571492e-08,309.0,ASK
218,1712603439.4035811,49671780.51257461,302.7,-1.999803639892145e-07,309.0,ASK
219,1712603439.4602563,49671859.01386655,302.7,-4.748886487607038e-09,309.0,ASK
220,1712603439.46361,49675973.24587728,302.7,-2.488878885972202e-07,309.0,ASK
221,1712603439.5642462,49683314.74458534,302.7,-4.441193660988276e-07,309.0,ASK
222,1712603440.2003615,49690574.74458534,302.3,-4.391891528002042e-07,309.0,ASK
223,1712603440.203818,49693118.74458534,302.2,-1.5389768660106328e-07,309.0,ASK
224,1712603460.292165,49693118.74458534,302.2,-0.0,309.0,ASK
225,1712603472.2106729,49693138.55964478,302.8,1.197833527562964e-09,309.0,BID
226,1712603490.3028514,49693138.55964478,302.8,0.0,309.0,BID
227,1712603493.0108163,49693158.37470422,302.3,-1.197833093104119e-09,309.0,ASK
228,1712603504.9405918,49693178.18976366,302.8,1.197833093104119e-09,309.0,BID
229,1712603520.2113116,49693178.18976366,302.8,0.0,309.0,BID
230,1712603528.2707894,49693198.0048231,302.3,-1.1978322253551683e-09,309.0,ASK
231,1712603536.1410043,49693217.81988254,302.8,1.1978322249047763e-09,309.0,BID
232,1712603550.221875,49693217.81988254,302.8,0.0,309.0,BID
233,1712603561.8909273,49693237.63494198,302.3,-1.1978313567066921e-09,309.0,ASK
234,1712603566.740701,49693257.45000142,302.8,1.1978313567066921e-09,309.0,BID
235,1712603580.2342534,49693257.45000142,302.8,0.0,309.0,BID
236,1712603597.3712304,49693277.26506086,302.3,-1.1978304885098659e-09,309.0,ASK
237,1712603610.1930752,49693277.26506086,302.3,-0.0,309.0,ASK
238,1712603637.2712927,49693297.0801203,302.8,1.1978300552210151e-09,309.0,BID
239,1712603640.3111477,49693297.0801203,302.8,0.0,309.0,BID
240,1712603660.0640388,49693330.10521937,302.8,1.9963827008240912e-09,309.0,BID
241,1712603660.2212136,49693349.92027881,302.3,-1.1978296203142982e-09,309.0,ASK
242,1712603667.1912017,49693369.73533825,302.8,1.1978296203142982e-09,309.0,BID
243,1712603670.3128088,49693369.73533825,302.8,0.0,309.0,BID
244,1712603680.271386,49694396.73533825,302.3,-6.208254830686429e-08,309.0,ASK
245,1712603692.8260398,49694416.55039769,302.3,-1.1978280280278632e-09,309.0,ASK
246,1712603700.2491715,49694416.55039769,302.3,-0.0,309.0,ASK
247,1712603700.5505457,49694436.36545713,302.8,1.1982254147036843e-09,309.0,BID
248,1712603709.0516036,49694469.39055621,302.8,1.997042357839474e-09,309.0,BID
249,1712603730.2044785,49694469.39055621,302.8,0.0,309.0,BID
250,1712603730.479846,49694489.20561565,302.3,-1.1982242549387279e-09,309.0,ASK
251,1712603739.0414324,49694509.02067509,302.8,1.1982242553892671e-09,309.0,BID
252,1712603758.2722986,49694528.83573453,302.3,-1.1982242549387279e-09,309.0,ASK
253,1712603760.3120766,49694528.83573453,302.3,-0.0,309.0,ASK
254,1712603767.3816946,49694548.65079397,302.8,1.1982229521484295e-09,309.0,BID
255,1712603790.3304715,49694548.65079397,302.8,0.0,309.0,BID
256,1712603803.002205,49694568.46585341,302.3,-1.1982225174070474e-09,309.0,ASK
257,1712603805.2317617,49694588.28091285,302.8,1.1982225174070474e-09,309.0,BID
258,1712603820.204297,49694588.28091285,302.8,0.0,309.0,BID
259,1712603835.482057,49694608.09597229,302.3,-1.1982216490936352e-09,309.0,ASK
260,1712603843.4837642,49694627.91103173,302.8,1.1982216486430968e-09,309.0,BID
261,1712603850.2123375,49694627.91103173,302.8,0.0,309.0,BID
262,1712603864.9219549,49694647.72609117,302.3,-1.1982207798804056e-09,309.0,ASK
263,1712603872.2420166,49694667.54115061,302.8,1.1982207798804056e-09,309.0,BID
264,1712603880.3220575,49694667.54115061,302.8,0.0,309.0,BID
265,1712603900.2824433,49694687.35621005,302.3,-1.1982199115695126e-09,309.0,ASK
266,1712603907.6921673,49694707.17126949,302.8,1.1982199111189742e-09,309.0,BID
267,1712603910.3123596,49694707.17126949,302.8,0.0,309.0,BID
268,1712603936.412482,49694726.98632893,302.3,-1.198219042358803e-09,309.0,ASK
269,1712603940.189062,49694726.98632893,302.3,-0.0,309.0,ASK
270,1712603943.8006177,49694746.80138837,302.8,1.198218608338122e-09,309.0,BID
271,1712603959.9925704,49695077.05237912,302.8,1.9970310145576584e-08,309.0,BID
272,1712603963.8820868,49695407.30336987,302.8,1.9970310146027133e-08,309.0,BID
273,1712603969.9025762,49695737.55436062,302.8,1.9970310145576584e-08,309.0,BID
274,1712603970.1936595,49695737.55436062,302.8,0.0,309.0,BID
275,1712603971.733749,49695757.36942006,302.3,-1.1981964370905832e-09,309.0,ASK
276,1712603981.3028207,49695777.1844795,302.8,1.1981964370905832e-09,309.0,BID
277,1712603992.1063828,49696107.43547025,302.8,1.996994062523468e-08,309.0,BID
278,1712603995.9322343,49696437.686461,302.8,1.9969940624784145e-08,309.0,BID
279,1712604000.235144,49696437.686461,302.8,0.0,309.0,BID
280,1712604006.4134078,49696457.50152044,302.4,-1.1981810778173799e-09,309.0,ASK
281,1712604020.4025197,49697195.04623408,302.4,-4.45980050009802e-08,309.0,ASK
282,1712604029.0546627,49697912.47486045,302.4,-4.338162131078671e-08,309.0,ASK
283,1712604029.0620508,49697991.38345563,302.4,-4.771461115696868e-09,309.0,ASK
284,1712604030.2129347,49697991.38345563,302.4,-0.0,309.0,ASK
285,1712604050.5944586,49698011.19851507,302.8,1.1981470386004607e-09,309.0,BID
286,1712604058.1231413,49699723.19004932,302.3,-1.0351811421404725e-07,309.0,ASK
287,1712604058.1278927,49699974.96928482,302.4,-1.5224205923637784e-08,309.0,ASK
288,1712604060.3238392,49699974.96928482,302.4,-0.0,309.0,ASK
289,1712604073.9423327,49699994.78434426,302.3,-1.1981035952146687e-09,309.0,ASK
290,1712604080.4024184,49700014.6256141,302.4,1.199688387963559e-09,309.0,BID
291,1712604090.3127284,49700014.6256141,302.4,0.0,309.0,BID
292,1712604109.7763095,49700034.46688394,302.3,-1.199687518673611e-09,309.0,ASK
293,1712604110.0925777,49700811.41112342,302.4,4.6977351458127134e-08,309.0,BID
294,1712604117.2946522,49700831.23272897,302.7,1.198498532255693e-09,309.0,BID
295,1712604120.2161438,49700831.23272897,302.7,0.0,309.0,BID
296,1712604130.503306,49701162.02995027,302.3,-2.0001107552441912e-08,309.0,ASK
297,1712604130.5072353,49708061.14535683,302.3,-4.171436166327199e-07,309.0,ASK
298,1712604137.3528264,49719839.32535683,302.3,-7.121481977071935e-07,309.0,ASK
299,1712604137.4126196,49721806.57539321,302.3,-1.189465238128569e-07,309.0,ASK
300,1712604138.1128297,49721826.39699876,302.2,-1.198480637259361e-09,309.0,ASK
301,1712604150.2038944,49721826.39699876,302.2,-0.0,309.0,ASK
302,1712604150.2755616,49721846.21860431,302.7,1.1980208951339343e-09,309.0,BID
303,1712604171.8525922,49721866.04020986,302.2,-1.1980208951339343e-09,309.0,ASK
304,1712604172.4532611,49722177.12528862,302.2,-1.880203011873114e-08,309.0,ASK
305,1712604172.4574652,49740753.03617028,302.2,-1.1227309174420634e-06,309.0,ASK
306,1712604180.3034637,49740753.03617028,302.2,-0.0,309.0,ASK
307,1712604183.4743657,49740772.85777583,302.7,1.1976068872957683e-09,309.0,BID
308,1712604204.6432168,49740792.67938138,302.2,-1.1976068872957683e-09,309.0,ASK
309,1712604210.3334186,49740792.67938138,302.2,-0.0,309.0,ASK
310,1712604214.733134,49740812.50098693,302.7,1.1976060201613162e-09,309.0,BID
311,1712604233.382932,49741524.25930705,302.3,-4.300388516330591e-08,309.0,ASK
312,1712604233.6229224,49742016.26903742,302.3,-2.97268459616708e-08,309.0,ASK
313,1712604233.8252406,49744695.33278764,302.3,-1.6186695203090825e-07,309.0,ASK
314,1712604236.3131657,49744715.15439319,302.3,-1.1976060197111579e-09,309.0,ASK
315,1712604240.2044995,49744715.15439319,302.3,-0.0,309.0,ASK
316,1712604246.9929338,49744734.97599874,302.7,1.197520225253217e-09,309.0,BID
317,1712604258.8134851,49756400.95797099,302.7,7.047990802359133e-07,309.0,BID
318,1712604258.8169184,49756992.28686758,302.7,3.572507341640424e-08,309.0,BID
319,1712604262.503261,49763238.47596698,302.6,-3.773628608982581e-07,309.0,ASK
320,1712604262.5067449,49766186.77546639,302.6,-1.7812120577456344e-07,309.0,ASK
321,1712604270.1781497,49773083.77133339,302.5,-4.166812836684227e-07,309.0,ASK
322,1712604270.208634,49773083.77133339,302.5,-0.0,309.0,ASK
323,1712604270.2129312,49773083.77133415,302.5,-4.5889056239403277e-17,309.0,ASK
324,1712604270.713001,49774058.06359875,302.2,5.8831252118828426e-08,309.0,BID
325,1712604271.6331391,49774077.8852043,302.0,-1.1968994477082094e-09,309.0,ASK
326,1712604300.3284197,49774077.8852043,302.0,-0.0,309.0,ASK
327,1712604315.773543,49774097.70680985,302.7,1.1980041671227546e-09,309.0,BID
328,1712604330.3063655,49774097.70680985,302.7,0.0,309.0,BID
329,1712604339.533236,49774117.5284154,302.2,-1.198003732683639e-09,309.0,ASK
330,1712604346.8231463,49774137.35657138,302.6,1.198399636086666e-09,309.0,BID
331,1712604360.235423,49774137.35657138,302.6,0.0,309.0,BID
332,1712604372.2934449,49774266.40964781,302.2,-7.799870442568908e-09,309.0,ASK
333,1712604374.173347,49774286.23780379,302.2,-1.1983987676400854e-09,309.0,ASK
334,1712604385.3333025,49774306.06595977,302.6,1.1983987676400854e-09,309.0,BID
335,1712604390.2058375,49774306.06595977,302.6,0.0,309.0,BID
336,1712604402.1405103,49794828.29905427,302.3,-1.240344441476345e-06,309.0,ASK
337,1712604402.1450863,49795490.55070989,302.0,-4.0025866391779255e-08,309.0,ASK
338,1712604402.1475017,49795821.78621833,301.9,-2.0019562190116683e-08,309.0,ASK
339,1712604402.149485,49796133.09044059,302.0,-1.881493402371936e-08,309.0,ASK
340,1712604402.151435,49822304.09044059,301.9,-1.5817505935339764e-06,309.0,ASK
341,1712604402.1533928,49835509.88829855,301.9,-7.981459860116233e-07,309.0,ASK
342,1712604402.1553595,49835543.00088133,302.0,-2.0012933195664475e-09,309.0,ASK
343,1712604410.7062,49835562.82903731,302.0,-1.198395074291419e-09,309.0,ASK
344,1712604417.463165,49835582.65719329,302.6,1.198395074291419e-09,309.0,BID
345,1712604420.2247658,49835582.65719329,302.6,0.0,309.0,BID
346,1712604443.1145525,49835614.37629738,302.6,1.9149307579878354e-09,309.0,BID
347,1712604445.5831213,49835634.20445336,302.0,-1.1970560597487907e-09,309.0,ASK
348,1712604450.2062483,49835634.20445336,302.0,-0.0,309.0,ASK
349,1712604455.3631527,49835654.03260934,302.6,1.1970549338070367e-09,309.0,BID
350,1712604473.8763008,49842096.57343303,301.8,-3.88945663142512e-07,309.0,ASK
351,1712604473.8813286,49868267.57343303,301.8,-1.5799817538887374e-06,309.0,ASK
352,1712604473.885743,49879978.04712107,302.0,-7.0697851654515e-07,309.0,ASK
353,1712604473.8896875,49880309.5022089,301.7,-2.0010431050013266e-08,309.0,ASK
354,1712604473.891692,49885082.43530966,301.7,-2.881489897876416e-07,309.0,ASK
355,1712604473.893738,49885413.78057142,301.8,-2.0003800688486343e-08,309.0,ASK
356,1712604473.8957834,49910425.22650127,301.7,-1.5099777695744915e-06,309.0,ASK
357,1712604476.6235044,49910445.05465725,301.7,-1.1970549333572343e-09,309.0,ASK
358,1712604480.313743,49910445.05465725,301.7,-0.0,309.0,ASK
359,1712604485.1734903,49910464.88281323,302.6,1.195425541657098e-09,309.0,BID
360,1712604502.361261,49910720.6334746,302.4,1.5419027024853825e-08,309.0,BID
361,1712604507.740271,49910950.79881851,302.4,1.3876506276741756e-08,309.0,BID
362,1712604510.3073509,49910950.79881851,302.4,0.0,309.0,BID
363,1712604513.4133832,49910970.62697449,301.7,-1.195414519541604e-09,309.0,ASK
364,1712604521.5235324,49910990.46824433,302.4,1.1962051369520506e-09,309.0,BID
365,1712604527.0034928,49911226.03702739,302.4,1.4202144859333381e-08,309.0,BID
366,1712604531.4833384,49911437.9676059,302.5,1.277702731657192e-08,309.0,BID
367,1712604540.2068295,49911437.9676059,302.5,0.0,309.0,BID
368,1712604546.1137977,49911457.80887574,301.6,-1.196194512600181e-09,309.0,ASK
369,1712604570.2058926,49911457.80887574,301.6,-0.0,309.0,ASK
370,1712604590.623821,49911477.65670901,302.3,1.196589778009231e-09,309.0,BID
371,1712604600.308402,49911477.65670901,302.3,0.0,309.0,BID
372,1712604614.8239925,49911497.50454228,301.6,-1.1968318560341803e-09,309.0,ASK
373,1712604630.206139,49911497.50454228,301.6,-0.0,309.0,ASK
374,1712604656.4339263,49911517.35237555,302.3,1.1968314235712659e-09,309.0,BID
375,1712604660.3169768,49911517.35237555,302.3,0.0,309.0,BID
376,1712604684.294001,49911537.20020882,301.6,-1.1968309905552526e-09,309.0,ASK
377,1712604690.3243616,49911537.20020882,301.6,-0.0,309.0,ASK
378,1712604694.7633922,49911557.04804209,302.3,1.1968305585422355e-09,309.0,BID
379,1712604717.7437232,49911576.89587536,301.6,-1.1968305585422355e-09,309.0,ASK
380,1712604720.2063649,49911576.89587536,301.6,-0.0,309.0,ASK
381,1712604723.6678543,49911596.74370863,302.3,1.196829693963728e-09,309.0,BID
382,1712604750.2239764,49911596.74370863,302.3,0.0,309.0,BID
383,1712604751.2256415,49911616.5915419,301.6,-1.1968292604996952e-09,309.0,ASK
384,1712604759.114193,49911636.43937517,302.3,1.1968292604996952e-09,309.0,BID
385,1712604772.3840468,49911655.48910911,302.3,1.1487036731935479e-09,309.0,BID
386,1712604772.3890443,49917590.78935863,302.3,3.57900074655076e-07,309.0,BID
387,1712604780.22404,49917590.78935863,302.3,0.0,309.0,BID
388,1712604789.8037715,49917610.6371919,301.6,-1.1966985053785434e-09,309.0,ASK
389,1712604794.2237651,49917630.48502517,302.3,1.1966985053785434e-09,309.0,BID
390,1712604810.216496,49917630.48502517,302.3,0.0,309.0,BID
391,1712604821.014478,49917650.33285844,301.7,-1.1966976409908623e-09,309.0,ASK
392,1712604840.3167078,49917650.33285844,301.7,-0.0,309.0,ASK
393,1712604862.7539113,49917670.18069171,302.3,1.1966972084816783e-09,309.0,BID
394,1712604870.315104,49917670.18069171,302.3,0.0,309.0,BID
395,1712604884.4340096,49917690.02852498,301.7,-1.1966967755627786e-09,309.0,ASK
396,1712604900.206472,49917690.02852498,301.7,-0.0,309.0,ASK
397,1712604925.443878,49917709.87635825,302.3,1.196758337343716e-09,309.0,BID
398,1712604926.6039,49917742.95608038,302.3,1.994597229804684e-09,309.0,BID
399,1712604930.205731,49917742.95608038,302.3,0.0,309.0,BID
400,1712604930.2679846,49917775.98117946,301.7,-1.9913017207496595e-09,309.0,ASK
401,1712604954.393913,49917795.82901273,301.7,-1.196757182776068e-09,309.0,ASK
402,1712604960.3075554,49917795.82901273,301.7,-0.0,309.0,ASK
403,1712604963.6439264,49917815.676846,302.3,1.1967560316913927e-09,309.0,BID
404,1712604983.8640256,49917835.52467927,301.7,-1.196756032140637e-09,309.0,ASK
405,1712604990.3187711,49917835.52467927,301.7,-0.0,309.0,ASK
406,1712604991.5440145,49917855.37251254,302.3,1.1967551666281183e-09,309.0,BID
407,1712604993.31408,49925216.33818214,302.3,4.43840573293696e-07,309.0,BID
408,1712604993.5745816,49925359.20729709,302.0,-8.614509662425199e-09,309.0,ASK
409,1712605002.2647386,49990780.62535475,302.6,3.944683483084284e-06,309.0,BID
410,1712605002.2693183,49991478.94551927,302.9,4.2106271931390094e-08,309.0,BID
411,1712605002.274918,50005355.96987477,303.0,8.367362003870398e-07,309.0,BID
412,1712605002.2767944,50007045.70840149,302.8,1.018853435918464e-07,309.0,BID
413,1712605002.2786276,50011621.60378713,302.9,2.759105425101957e-07,309.0,BID
414,1712605002.280509,50037792.60378713,302.8,1.5780200812034053e-06,309.0,BID
415,1712605002.2823586,50037825.60708746,303.0,1.9899839772704902e-09,309.0,BID
416,1712605020.277784,50037825.60708746,303.0,0.0,309.0,BID
417,1712605020.9031956,50037845.45492073,302.0,-1.1941400783379782e-09,309.0,ASK
418,1712605029.7253144,50037865.26343839,302.9,1.1917746641230952e-09,309.0,BID
419,1712605050.2168584,50037865.26343839,302.9,0.0,309.0,BID
420,1712605057.9141662,50037885.07195605,302.1,-1.191773804564916e-09,309.0,ASK
421,1712605063.6343255,50037904.87393624,303.0,1.1913804792683103e-09,309.0,BID
422,1712605080.306465,50037904.87393624,303.0,0.0,309.0,BID
423,1712605093.8446794,50037924.67591643,302.1,-1.1913796202560222e-09,309.0,ASK
424,1712605104.7640774,50037944.47789662,303.0,1.1913796202560222e-09,309.0,BID
425,1712605110.3167803,50037944.47789662,303.0,0.0,309.0,BID
426,1712605129.6342957,50064921.98944777,303.0,1.6230919326625711e-06,309.0,BID
427,1712605130.6145236,50064941.79142796,302.1,-1.191378761386536e-09,309.0,ASK
428,1712605138.8843286,50064961.59340815,303.0,1.191378761386536e-09,309.0,BID
429,1712605140.204486,50064961.59340815,303.0,0.0,309.0,BID
430,1712605148.154354,50076491.07938174,303.0,6.933257533266837e-07,309.0,BID
431,1712605166.3744757,50076510.88136193,302.1,-1.1907922750439335e-09,309.0,ASK
432,1712605170.2019167,50076510.88136193,302.1,-0.0,309.0,ASK
433,1712605176.3144732,50079788.0136408,302.1,-1.9702891981780042e-07,309.0,ASK
434,1712605180.324449,50079807.81562099,303.0,1.1905417404859423e-09,309.0,BID
435,1712605200.2446988,50079807.81562099,303.0,0.0,309.0,BID
436,1712605201.4245076,50079827.61760118,302.1,-1.1905098423803282e-09,309.0,ASK
437,1712605213.3044703,50079847.43266062,302.8,1.191296176563301e-09,309.0,BID
438,1712605230.2187998,50079847.43266062,302.8,0.0,309.0,BID
439,1712605244.1447008,50079867.24772006,302.1,-1.1912953188288852e-09,309.0,ASK
440,1712605254.904683,50079887.0627795,302.8,1.191295318380951e-09,309.0,BID
441,1712605260.3124683,50079887.0627795,302.8,0.0,309.0,BID
442,1712605268.3546093,50080576.00376642,302.1,-4.141958713153425e-08,309.0,ASK
443,1712605278.7847767,50080595.81882586,302.1,-1.1912944603647781e-09,309.0,ASK
444,1712605279.1495214,50080940.28931932,302.1,-2.070979356576713e-08,309.0,ASK
445,1712605289.1243055,50080960.10437876,302.8,1.191294459916844e-09,309.0,BID
446,1712605290.3080094,50080960.10437876,302.8,0.0,309.0,BID
447,1712605303.7753434,50081735.16298905,302.1,-4.65961273696765e-08,309.0,ASK
448,1712605313.8948689,50082122.69229419,302.1,-2.3298063684390324e-08,309.0,ASK
449,1712605316.024802,50082142.50735363,302.1,-1.1912712426074727e-09,309.0,ASK
450,1712605320.204522,50082142.50735363,302.1,-0.0,309.0,ASK
451,1712605350.2165763,50082142.50735363,302.1,-0.0,309.0,ASK
452,1712605361.9846928,50082162.33550961,302.6,1.1920330007071803e-09,309.0,BID
453,1712605380.308588,50082162.33550961,302.6,0.0,309.0,BID
454,1712605388.3547876,50082182.16366559,302.1,-1.192032570730082e-09,309.0,ASK
455,1712605410.3150144,50082182.16366559,302.1,-0.0,309.0,ASK
456,1712605429.6351745,50082201.99182157,302.6,1.192032141463764e-09,309.0,BID
457,1712605438.0645645,50083430.93023599,302.1,-7.388150927289226e-08,309.0,ASK
458,1712605440.199018,50083430.93023599,302.1,-0.0,309.0,ASK
459,1712605457.9965978,50083450.75839197,302.1,-1.192005106414999e-09,309.0,ASK
460,1712605469.5946765,50083470.58654795,302.6,1.192005106414999e-09,309.0,BID
461,1712605470.2308867,50083470.58654795,302.6,0.0,309.0,BID
462,1712605493.444863,50083490.41470393,302.1,-1.1920042472117962e-09,309.0,ASK
463,1712605500.2301967,50083490.41470393,302.1,-0.0,309.0,ASK
464,1712605503.794788,50083510.24285991,302.6,1.1920474375800542e-09,309.0,BID
465,1712605530.2193787,50083510.24285991,302.6,0.0,309.0,BID
466,1712605536.854889,50083530.07101589,302.1,-1.19204700759254e-09,309.0,ASK
467,1712605541.9047992,50083549.89917187,302.6,1.19204700759254e-09,309.0,BID
468,1712605553.4451656,50087034.28216042,302.6,2.094772866981334e-07,309.0,BID
469,1712605553.4508226,50088449.92832158,302.8,8.510709578625883e-08,309.0,BID
470,1712605553.4553647,50090158.34884393,302.6,1.0270836952697417e-07,309.0,BID
471,1712605560.3190303,50090158.34884393,302.6,0.0,309.0,BID
472,1712605575.7650487,50090178.17699991,302.4,-1.191902836647595e-09,309.0,ASK
473,1712605576.225495,50090350.30509328,302.4,-1.0346900789240431e-08,309.0,ASK
474,1712605583.1148634,50090370.12015272,302.8,1.191115582170552e-09,309.0,BID
475,1712605590.314597,50090370.12015272,302.8,0.0,309.0,BID
476,1712605607.8250158,50090389.93521216,302.1,-1.191110996388434e-09,309.0,ASK
477,1712605616.834947,50090409.7502716,302.8,1.1911109968362986e-09,309.0,BID
478,1712605620.2077646,50090409.7502716,302.8,0.0,309.0,BID
479,1712605643.9555986,50090429.56533104,302.1,-1.1911101381899564e-09,309.0,ASK
480,1712605649.575105,50090449.38039048,302.8,1.1911101381899564e-09,309.0,BID
481,1712605650.206962,50090449.38039048,302.8,0.0,309.0,BID
482,1712605679.505103,50090469.19544992,302.1,-1.1911092799927154e-09,309.0,ASK
483,1712605680.3147397,50090469.19544992,302.1,-0.0,309.0,ASK
484,1712605686.0054438,50090489.01050936,302.8,1.1911088513911175e-09,309.0,BID
485,1712605710.3252623,50090489.01050936,302.8,0.0,309.0,BID
486,1712605713.4755526,50090508.8255688,302.1,-1.1911084222445747e-09,309.0,ASK
487,1712605723.235032,50090528.64062824,302.8,1.191108421796711e-09,309.0,BID
488,1712605740.2165468,50090528.64062824,302.8,0.0,309.0,BID
489,1712605748.385424,50090548.45568768,302.1,-1.191107563601943e-09,309.0,ASK
490,1712605756.3051658,50090568.27074712,302.8,1.191107563601943e-09,309.0,BID
491,1712605770.2181113,50090568.27074712,302.8,0.0,309.0,BID
492,1712605779.4056344,50090588.08580656,302.1,-1.1911067058562756e-09,309.0,ASK
493,1712605789.6052206,50090607.900866,302.8,1.1911067054084123e-09,309.0,BID
494,1712605800.2380471,50090607.900866,302.8,0.0,309.0,BID
495,1712605809.8553343,50090627.71592544,302.1,-1.193752326351992e-09,309.0,ASK
496,1712605817.225123,50090647.5244431,302.9,1.193358218705549e-09,309.0,BID
497,1712605830.2177832,50090647.5244431,302.9,0.0,309.0,BID
498,1712605846.2855682,50090667.33296076,302.1,-1.1933573574301255e-09,309.0,ASK
499,1712605853.1854486,50090687.14147842,302.9,1.193357356981268e-09,309.0,BID
500,1712605860.3157015,50090687.14147842,302.9,0.0,309.0,BID
501,1712605877.1952868,50090706.94999608,302.1,-1.193356495400312e-09,309.0,ASK
502,1712605884.795302,50090726.75851374,302.9,1.1933564958491695e-09,309.0,BID
503,1712605890.3150115,50090726.75851374,302.9,0.0,309.0,BID
504,1712605909.7651763,50090746.5670314,302.1,-1.1933556338206003e-09,309.0,ASK
505,1712605915.1352456,50090766.37554906,302.9,1.193355634269457e-09,309.0,BID
506,1712605920.2184744,50090766.37554906,302.9,0.0,309.0,BID
507,1712605945.1851149,50090786.18406672,302.1,-1.1933547722421326e-09,309.0,ASK
508,1712605950.2234714,50090786.18406672,302.1,-0.0,309.0,ASK
509,1712605980.3075464,50090786.18406672,302.1,-0.0,309.0,ASK
510,1712605985.465562,50090805.99258438,302.9,1.193354342023003e-09,309.0,BID
511,1712606010.305158,50090805.99258438,302.9,0.0,309.0,BID
512,1712606010.9756734,50090825.80110204,302.2,-1.193353911113765e-09,309.0,ASK
513,1712606019.4654272,50090845.6096197,302.9,1.193353910664909e-09,309.0,BID
514,1712606019.7056782,50091860.2319757,302.9,6.11253995543875e-08,309.0,BID
515,1712606019.7104845,50091860.23197661,302.9,5.520933451197117e-17,309.0,BID
516,1712606040.2192965,50091860.23197661,302.9,0.0,309.0,BID
517,1712606043.2142482,50091880.04049427,302.4,-1.1933309545788241e-09,309.0,ASK
518,1712606051.4555044,50091899.84247446,303.0,1.1929371158192272e-09,309.0,BID
519,1712606070.1971295,50091899.84247446,303.0,0.0,309.0,BID
520,1712606073.4661176,50091919.64445465,302.4,-1.1929362541336627e-09,309.0,ASK
521,1712606077.3055596,50094195.58079504,302.4,-1.3710987216962486e-07,309.0,ASK
522,1712606100.2286837,50094195.58079504,302.4,-0.0,309.0,ASK
523,1712606115.4556274,50094215.38277523,303.0,1.1929478936556956e-09,309.0,BID
524,1712606130.2126117,50094215.38277523,303.0,0.0,309.0,BID
525,1712606133.4412491,50094235.18475542,302.5,-1.1929474624490743e-09,309.0,ASK
526,1712606143.085914,50094254.98673561,303.0,1.1929474624490743e-09,309.0,BID
527,1712606160.3156958,50094254.98673561,303.0,0.0,309.0,BID
528,1712606170.1657453,50094274.7887158,302.4,-1.1929466007483272e-09,309.0,ASK
529,1712606175.8058062,50094294.59069599,303.0,1.1929466007483272e-09,309.0,BID
530,1712606190.3207514,50094294.59069599,303.0,0.0,309.0,BID
531,1712606200.5461812,50094314.39267618,302.4,-1.192945739191138e-09,309.0,ASK
532,1712606220.2158256,50094314.39267618,302.4,-0.0,309.0,ASK
533,1712606236.235738,50094509.40257717,303.0,1.1748125406048425e-08,309.0,BID
534,1712606243.5956976,50094529.20455736,303.0,1.1929453088399455e-09,309.0,BID
535,1712606250.2156742,50094529.20455736,303.0,0.0,309.0,BID
536,1712606267.4357662,50094549.00653755,302.4,-1.192940631147438e-09,309.0,ASK
537,1712606280.3163378,50094549.00653755,302.4,-0.0,309.0,ASK
538,1712606295.0560515,50101737.84411378,302.4,-4.330805939321753e-07,309.0,ASK
539,1712606307.755942,50101757.64609397,303.0,1.192940200799931e-09,309.0,BID
540,1712606310.3356,50101757.64609397,303.0,0.0,309.0,BID
541,1712606326.9661307,50106002.81140187,302.9,2.557099509050703e-07,309.0,BID
542,1712606326.9713671,50132173.81140187,302.9,1.5764250953176652e-06,309.0,BID
543,1712606331.386439,50132193.61338206,302.4,-1.1927835584603675e-09,309.0,ASK
544,1712606340.2066448,50132193.61338206,302.4,-0.0,309.0,ASK
545,1712606370.2171535,50132193.61338206,302.4,-0.0,309.0,ASK
546,1712606375.3779094,50132213.41536225,303.0,1.1921215561897918e-09,309.0,BID
547,1712606400.263765,50132213.41536225,303.0,0.0,309.0,BID
548,1712606401.0561292,50136328.27212528,303.0,2.478235220931342e-07,309.0,BID
549,1712606401.156351,50136348.07410547,302.5,-1.19260444717873e-09,309.0,ASK
550,1712606410.5265727,50136367.87608566,303.0,1.19260444717873e-09,309.0,BID
551,1712606430.2114007,50136367.87608566,303.0,0.0,309.0,BID
552,1712606432.795799,50136387.67806585,302.5,-1.1925140395302008e-09,309.0,ASK
553,1712606433.138666,50136486.81884576,302.6,5.970451984723265e-09,309.0,BID
554,1712606436.2870767,50136617.14312256,303.0,7.848383257152233e-09,309.0,BID
555,1712606440.2301087,50136636.94510275,303.0,1.1925140395302008e-09,309.0,BID
556,1712606460.3160725,50136636.94510275,303.0,0.0,309.0,BID
557,1712606466.2958672,50136656.74708294,302.6,-1.192508188147541e-09,309.0,ASK
558,1712606473.646036,50136676.54906313,303.0,1.192508188147541e-09,309.0,BID
559,1712606490.30936,50136676.54906313,303.0,0.0,309.0,BID
560,1712606495.5560548,50136696.35104332,302.5,-1.192507326939071e-09,309.0,ASK
561,1712606503.4860897,50136716.15956098,302.9,1.1929010238072668e-09,309.0,BID
562,1712606520.2286968,50136716.15956098,302.9,0.0,309.0,BID
563,1712606532.165812,50136735.96807864,302.5,-1.1929001629066601e-09,309.0,ASK
564,1712606539.335925,50136755.7765963,302.9,1.192900162457974e-09,309.0,BID
565,1712606550.2314746,50136755.7765963,302.9,0.0,309.0,BID
566,1712606561.8992798,50136775.58511396,302.5,-1.192899300967859e-09,309.0,ASK
567,1712606575.356026,50137287.41567874,302.5,-3.082322127824166e-08,309.0,ASK
568,1712606580.2261212,50137287.41567874,302.5,-0.0,309.0,ASK
569,1712606591.4361768,50137617.55763978,302.9,1.9881462471707903e-08,309.0,BID
570,1712606591.555869,50138250.86765778,302.9,3.813853081956304e-08,309.0,BID
571,1712606603.9961455,50138270.67617544,302.9,1.192887747997371e-09,309.0,BID
572,1712606610.2061963,50138270.67617544,302.9,0.0,309.0,BID
573,1712606627.1855714,50138290.4846931,302.6,-1.192866353694148e-09,309.0,ASK
574,1712606636.8752174,50138310.29321076,302.9,1.1928663532454747e-09,309.0,BID
575,1712606640.3159745,50138310.29321076,302.9,0.0,309.0,BID
576,1712606659.5546267,50138330.10172842,302.6,-1.1928654916618991e-09,309.0,ASK
577,1712606666.5345693,50138335.73324453,302.9,3.3912892192281307e-10,309.0,BID
578,1712606666.544382,50139865.35286314,302.9,9.2113427666975e-08,309.0,BID
579,1712606669.2891424,50139885.15484333,303.0,1.1924718065204895e-09,309.0,BID
580,1712606670.3094752,50139885.15484333,303.0,0.0,309.0,BID
581,1712606689.6237214,50140958.58788783,302.9,-6.464009457318612e-08,309.0,ASK
582,1712606690.7737365,50140978.38986802,302.9,-1.1924375523692307e-09,309.0,ASK
583,1712606700.207708,50140978.38986802,302.9,-0.0,309.0,ASK
584,1712606705.8500736,50141677.2682452,302.9,-4.208449392813931e-08,309.0,ASK
585,1712606725.4926062,50142234.19821532,302.9,-3.353675934390066e-08,309.0,ASK
586,1712606730.194866,50142234.19821532,302.9,-0.0,309.0,ASK
587,1712606732.9026666,50142254.00019551,303.0,1.1923923448351355e-09,309.0,BID
588,1712606733.022236,50192254.00019551,303.0,3.0107906719312684e-06,309.0,BID
589,1712606733.109336,50242254.0001955,303.0,3.01079067193082e-06,309.0,BID
590,1712606737.4127138,50261701.0023955,303.0,1.1710170564157364e-06,309.0,BID
591,1712606737.4922493,50265759.33208659,303.0,2.443756235510909e-07,309.0,BID
592,1712606737.5020125,50314521.29172849,303.0,2.9362410646982006e-06,309.0,BID
593,1712606737.612379,50314956.35546096,303.1,2.619771654818053e-08,309.0,BID
594,1712606737.6226697,50315141.21141889,303.1,1.1131251875898073e-08,309.0,BID
595,1712606737.6273718,50315471.02672233,303.2,1.9860096780990805e-08,309.0,BID
596,1712606737.63168,50316918.28313514,303.1,8.714772215171615e-08,309.0,BID
597,1712606737.6995423,50317248.15621477,303.3,1.9863575821738183e-08,309.0,BID
598,1712606737.702731,50321520.65928133,303.3,2.572722475716105e-07,309.0,BID
599,1712606737.7051983,50321755.00812632,303.3,1.411150632948326e-08,309.0,BID
600,1712606737.762131,50321773.86213688,303.4,1.1353095824278587e-09,309.0,BID
601,1712606737.842101,50321791.07498029,303.4,-1.0364853675652223e-09,309.0,ASK
602,1712606749.9021945,50321890.86261567,303.0,-6.008793635435711e-09,309.0,ASK
603,1712606755.5620196,50321990.60485567,303.0,-6.0060601160460005e-09,309.0,ASK
604,1712606759.9118464,50322010.40683586,303.0,-1.1923923448351355e-09,309.0,ASK
605,1712606760.31591,50322010.40683586,303.0,-0.0,309.0,ASK
606,1712606768.4715211,50322030.17619335,303.5,1.1865358768215796e-09,309.0,BID
607,1712606771.141338,50322047.33790952,303.0,-1.0300280096139127e-09,309.0,ASK
608,1712606771.2216196,50322129.95051052,303.0,4.958320725510618e-09,309.0,BID
609,1712606772.002047,50322129.95051098,303.0,2.772490879340769e-17,309.0,BID
610,1712606772.0086656,50323780.11552749,303.0,9.90411547768634e-08,309.0,BID
611,1712606790.3112717,50323780.11552749,303.0,0.0,309.0,BID
612,1712606790.3236794,50323813.06445664,303.5,1.9774961513084503e-09,309.0,BID
613,1712606790.734604,50323832.83381413,303.0,-1.186497690516773e-09,309.0,ASK
614,1712606797.7308283,50323852.60317162,303.5,1.186497690516773e-09,309.0,BID
615,1712606820.2149203,50323852.60317162,303.5,0.0,309.0,BID
616,1712606824.5009685,50326113.11838829,303.5,1.3566918125039238e-07,309.0,BID
617,1712606824.5083606,50327322.22256291,303.5,7.256671939545573e-08,309.0,BID
618,1712606828.3402,50327341.9919204,303.0,-1.186496124601812e-09,309.0,ASK
619,1712606834.962339,50327361.76127789,303.5,1.186496125048973e-09,309.0,BID
620,1712606850.2023814,50327361.76127789,303.5,0.0,309.0,BID
621,1712606850.6767623,50327418.7135959,303.5,3.417884757326832e-09,309.0,BID
622,1712606856.0496373,50327438.48295339,303.0,-1.186420290006356e-09,309.0,ASK
623,1712606864.9995964,50329709.78551744,303.0,-1.36307892019725e-07,309.0,ASK
624,1712606866.149472,50329729.55487493,303.5,1.1864202895592238e-09,309.0,BID
625,1712606880.3011494,50329729.55487493,303.5,0.0,309.0,BID
626,1712606886.7997668,50333334.4259389,303.5,2.163301476516185e-07,309.0,BID
627,1712606886.806865,50337980.37995743,303.5,2.7880606573069934e-07,309.0,BID
628,1712606891.2392266,50338000.14931492,303.0,-1.1863692066565667e-09,309.0,ASK
629,1712606899.948988,50338019.92518835,303.4,1.186760231683847e-09,309.0,BID
630,1712606910.3019774,50338019.92518835,303.4,0.0,309.0,BID
631,1712606924.308478,50338039.70106178,302.9,-1.186581065805569e-09,309.0,ASK
632,1712606933.3384285,50338058.27160864,303.4,1.1142597251206236e-09,309.0,BID
633,1712606933.3609426,50338059.47693521,303.4,7.232134068494626e-11,309.0,BID
634,1712606940.202108,50338059.47693521,303.4,0.0,309.0,BID
635,1712606955.3678465,50338079.25280864,302.9,-1.1865802121511683e-09,309.0,ASK
636,1712606961.407658,50338311.39289989,302.9,-1.3928731881527498e-08,309.0,ASK
637,1712606964.7384183,50338329.91771463,303.4,1.11151493165474e-09,309.0,BID
638,1712606964.7462754,50338331.16877332,303.4,7.506528049642829e-11,309.0,BID
639,1712606965.8576334,50354838.26682548,302.9,-9.904490933353604e-07,309.0,ASK
640,1712606965.8672414,50364617.31374372,302.9,-5.86756565160388e-07,309.0,ASK
641,1712606970.200295,50364617.31374372,302.9,-0.0,309.0,ASK
642,1712606986.0902312,50364637.08961715,302.5,-1.186007757006975e-09,309.0,ASK
643,1712606994.7573185,50364656.89813481,302.9,1.187965512025548e-09,309.0,BID
644,1712607000.283046,50364656.89813481,302.9,0.0,309.0,BID
645,1712607005.3767056,50364689.91233091,302.9,1.980030146193966e-09,309.0,BID
646,1712607025.331625,50364709.72084857,302.5,-1.1880180876270099e-09,309.0,ASK
647,1712607029.9164417,50364729.52936623,302.9,1.188018088073859e-09,309.0,BID
648,1712607030.2052402,50364729.52936623,302.9,0.0,309.0,BID
649,1712607055.5662446,50364749.33788389,302.5,-1.188016520660208e-09,309.0,ASK
650,1712607060.3072731,50364749.33788389,302.5,-0.0,309.0,ASK
651,1712607064.7597942,50364769.14640155,302.9,1.188016093716928e-09,309.0,BID
652,1712607074.536206,50364869.14640155,302.9,5.997501248074897e-09,309.0,BID
653,1712607086.9954686,50364888.95491921,302.5,-1.1880160941637763e-09,309.0,ASK
654,1712607090.1557083,50367160.25748326,302.9,1.3622139962629262e-07,309.0,BID
655,1712607090.2994564,50367160.25748326,302.9,0.0,309.0,BID
656,1712607094.7053812,50367180.06600092,302.9,1.1879640645095935e-09,309.0,BID
657,1712607120.2030756,50367180.06600092,302.9,0.0,309.0,BID
658,1712607120.9751074,50367199.87451858,302.5,-1.187963636592683e-09,309.0,ASK
659,1712607129.7650676,50367219.68303624,302.9,1.187963636592683e-09,309.0,BID
660,1712607149.7543516,50367239.4915539,302.6,-1.1879636370395119e-09,309.0,ASK
661,1712607150.2068708,50367239.4915539,302.6,-0.0,309.0,ASK
662,1712607157.2148323,50369375.82288523,302.6,-1.281207026042602e-07,309.0,ASK
663,1712607157.3145187,50369395.63140289,302.9,1.1879623551721623e-09,309.0,BID
664,1712607166.551649,50371081.22787385,302.6,-1.0108909652717073e-07,309.0,ASK
665,1712607180.3161356,50371081.22787385,302.6,-0.0,309.0,ASK
666,1712607185.714172,50371101.03639151,302.6,-1.1878795381792455e-09,309.0,ASK
667,1712607210.3146,50371101.03639151,302.6,-0.0,309.0,ASK
668,1712607215.9059286,50378977.0815539,302.6,-4.7231144124939653e-07,309.0,ASK
669,1712607215.9134257,50379478.11195707,302.6,-3.004583987953799e-08,309.0,ASK
670,1712607215.9180937,50395799.60825739,302.5,-9.787690753430202e-07,309.0,ASK
671,1712607215.9213276,50424983.27283107,302.6,-1.7500888315823834e-06,309.0,ASK
672,1712607215.9245894,50430040.19772566,302.5,-3.032541632267071e-07,309.0,ASK
673,1712607240.2088015,50430040.19772566,302.5,-0.0,309.0,ASK
674,1712607259.113448,50430060.0127851,302.8,1.1870020263064447e-09,309.0,BID
675,1712607270.225983,50430060.0127851,302.8,0.0,309.0,BID
676,1712607286.3031783,50430079.82784454,302.6,-1.1870015996693284e-09,309.0,ASK
677,1712607292.5228777,50430099.64290398,302.8,1.1870016001156482e-09,309.0,BID
678,1712607300.2204485,50430099.64290398,302.8,0.0,309.0,BID
679,1712607320.3827767,50430119.45796342,302.6,-1.1870551780768455e-09,309.0,ASK
680,1712607328.8552032,50430139.27302286,302.8,1.1870551780768455e-09,309.0,BID
681,1712607330.206051,50430139.27302286,302.8,0.0,309.0,BID
682,1712607340.493907,50430157.056044,302.8,1.065321666998281e-09,309.0,BID
683,1712607341.9727156,50430975.6480982,302.8,-4.903912811277038e-08,309.0,ASK
684,1712607350.1327307,50431596.29590379,302.6,-3.718094635146639e-08,309.0,ASK
685,1712607350.9726949,50431596.2959038,302.6,-8.926790201078443e-19,309.0,ASK
686,1712607350.9806278,50431616.11096323,302.5,-1.1870543245619815e-09,309.0,ASK
687,1712607360.3123004,50431616.11096323,302.5,-0.0,309.0,ASK
688,1712607361.7264266,50431803.61096323,302.5,-1.1232200737218095e-08,309.0,ASK
689,1712607390.3016243,50431803.61096323,302.5,-0.0,309.0,ASK
690,1712607390.7584698,50431823.41948089,302.9,1.1866266168577715e-09,309.0,BID
691,1712607417.6815782,50431843.22799855,302.5,-1.1866266168577715e-09,309.0,ASK
692,1712607420.2081995,50431843.22799855,302.5,-0.0,309.0,ASK
693,1712607450.196338,50431843.22799855,302.5,-0.0,309.0,ASK
694,1712607479.6711996,50432504.38502334,302.9,3.9606495221575064e-08,309.0,BID
695,1712607480.311297,50432504.38502334,302.9,0.0,309.0,BID
696,1712607510.295488,50432504.38502334,302.9,0.0,309.0,BID
697,1712607522.801864,50433060.4830755,302.5,-3.3312556309591554e-08,309.0,ASK
698,1712607522.8098226,50434388.00485175,302.5,-7.952400435840127e-08,309.0,ASK
699,1712607522.8160634,50435445.60967979,302.4,-6.335487105288189e-08,309.0,ASK
700,1712607522.821904,50435857.60210561,302.5,-2.4680037685851106e-08,309.0,ASK
701,1712607522.8256445,50468071.80378991,302.4,-1.929762931933743e-06,309.0,ASK
702,1712607523.6674323,50468091.61230757,302.9,1.1866115288551271e-09,309.0,BID
703,1712607528.4613826,50471400.67915072,302.2,-1.982266888307612e-07,309.0,ASK
704,1712607528.4688904,50471561.78269555,302.1,-9.650763723740726e-09,309.0,ASK
705,1712607528.475241,50471888.49346913,302.4,-1.9571316604280463e-08,309.0,ASK
706,1712607540.2001944,50471888.49346913,302.4,-0.0,309.0,ASK
707,1712607547.3709495,50471908.30198679,302.4,-1.18576558636168e-09,309.0,ASK
708,1712607556.0602894,50471928.11050445,302.9,1.185765585915678e-09,309.0,BID
709,1712607570.217214,50471928.11050445,302.9,0.0,309.0,BID
710,1712607577.200977,50471947.91902211,302.6,-1.1857647352862634e-09,309.0,ASK
711,1712607587.180297,50471967.72753977,302.9,1.185764734840261e-09,309.0,BID
712,1712607600.2259097,50471967.72753977,302.9,0.0,309.0,BID
713,1712607612.2900531,50471987.53605743,302.6,-1.185831877647984e-09,309.0,ASK
714,1712607620.8799255,50472007.34457509,302.9,1.1858318780940114e-09,309.0,BID
715,1712607630.19759,50472007.34457509,302.9,0.0,309.0,BID
716,1712607642.929933,50472027.15309275,302.6,-1.1858310261961658e-09,309.0,ASK
717,1712607653.6197305,50472046.96161041,302.9,1.1858310261961658e-09,309.0,BID
718,1712607660.220144,50472046.96161041,302.9,0.0,309.0,BID
719,1712607673.1196475,50472066.77012807,302.6,-1.185830175191596e-09,309.0,ASK
720,1712607690.2037306,50472066.77012807,302.6,-0.0,309.0,ASK
721,1712607695.4031005,50472372.15328078,302.6,-1.8281652047991007e-08,309.0,ASK
722,1712607695.4073322,50472623.38847649,302.6,-1.5040104175581732e-08,309.0,ASK
723,1712607720.3242664,50472623.38847649,302.6,-0.0,309.0,ASK
724,1712607742.6693091,50474062.62833628,302.6,8.615870520230655e-08,309.0,BID
725,1712607742.708867,50474936.673341,302.6,5.232386067049011e-08,309.0,BID
726,1712607747.3291695,50474956.48185866,302.9,1.1858177928830775e-09,309.0,BID
727,1712607750.309376,50474956.48185866,302.9,0.0,309.0,BID
728,1712607776.9090717,50474976.29037632,302.6,-1.1857676771417011e-09,309.0,ASK
729,1712607780.1926043,50474976.29037632,302.6,-0.0,309.0,ASK
730,1712607782.028885,50474996.09889398,302.9,1.1857672516726414e-09,309.0,BID
731,1712607808.0418384,50475015.90741164,302.6,-1.1857672521186443e-09,309.0,ASK
732,1712607810.217445,50475015.90741164,302.6,-0.0,309.0,ASK
733,1712607817.54856,50475035.7159293,302.9,1.1857664003136256e-09,309.0,BID
734,1712607839.199,50475055.52444696,302.6,-1.1857664003136256e-09,309.0,ASK
735,1712607840.2886288,50475055.52444696,302.6,-0.0,309.0,ASK
736,1712607846.328871,50475075.33296462,302.9,1.185765549401834e-09,309.0,BID
737,1712607870.299826,50475075.33296462,302.9,0.0,309.0,BID
738,1712607872.3588955,50475095.14148228,302.6,-1.1857651230664883e-09,309.0,ASK
739,1712607880.9281762,50475114.94999994,302.9,1.18576512351249e-09,309.0,BID
740,1712607900.220698,50475114.94999994,302.9,0.0,309.0,BID
741,1712607904.8286748,50475134.7585176,302.6,-1.1860548927596355e-09,309.0,ASK
742,1712607930.212003,50475134.7585176,302.6,-0.0,309.0,ASK
743,1712607944.4279149,50475154.56703526,302.9,1.186054467084437e-09,309.0,BID
744,1712607960.293121,50475154.56703526,302.9,0.0,309.0,BID
745,1712607964.7979505,50475174.37555292,302.6,-1.1860540414336387e-09,309.0,ASK
746,1712607973.027833,50475194.18407058,302.9,1.186054040987528e-09,309.0,BID
747,1712607990.300012,50475194.18407058,302.9,0.0,309.0,BID
748,1712607999.0682588,50475213.99258824,302.6,-1.186053189216643e-09,309.0,ASK
749,1712608020.21784,50475213.99258824,302.6,-0.0,309.0,ASK
750,1712608039.0073805,50475233.8011059,302.9,1.1860527639887786e-09,309.0,BID
751,1712608048.5772336,50475332.84369421,302.9,5.930263819051672e-09,309.0,BID
752,1712608049.8673575,50475431.88628252,302.9,5.930263819051672e-09,309.0,BID
753,1712608050.2030723,50475431.88628252,302.9,0.0,309.0,BID
754,1712608067.1475155,50475451.69480018,302.6,-1.186048076953072e-09,309.0,ASK
755,1712608075.4373212,50475471.50331784,302.9,1.1860480765069635e-09,309.0,BID
756,1712608080.3008142,50475471.50331784,302.9,0.0,309.0,BID
757,1712608097.7475257,50475491.3118355,302.8,-1.186047224744646e-09,309.0,ASK
758,1712608104.7994523,50475511.12035316,302.9,1.186047225190754e-09,309.0,BID
759,1712608110.3102589,50475511.12035316,302.9,0.0,309.0,BID
760,1712608132.687201,50475530.92887082,302.8,-1.1860463727022107e-09,309.0,ASK
761,1712608133.0466964,50478877.95074854,302.8,-2.0040485745175802e-07,309.0,ASK
762,1712608140.2041514,50478877.95074854,302.8,-0.0,309.0,ASK
763,1712608140.6438053,50478897.7592662,302.9,1.185973978803935e-09,309.0,BID
764,1712608160.528917,50482207.0290288,302.9,1.981323335349189e-07,309.0,BID
765,1712608163.9168594,50482226.83754646,302.6,-1.185973978803935e-09,309.0,ASK
766,1712608170.1922848,50482226.83754646,302.6,-0.0,309.0,ASK
767,1712608171.056873,50482246.64606412,302.9,1.185901956142562e-09,309.0,BID
768,1712608175.696646,50485579.41265375,302.9,1.995270159235273e-07,309.0,BID
769,1712608198.3968503,50485599.22117141,302.6,-1.185901956142562e-09,309.0,ASK
770,1712608200.379995,50485599.22117141,302.6,-0.0,309.0,ASK
771,1712608228.356603,50485619.02968907,302.6,-1.185971034669572e-09,309.0,ASK
772,1712608230.3069725,50485619.02968907,302.6,-0.0,309.0,ASK
773,1712608237.446483,50485638.83820673,302.9,1.1859706086084862e-09,309.0,BID
774,1712608259.8465865,50485658.64672439,302.6,-1.1859706086084862e-09,309.0,ASK
775,1712608260.2029772,50485658.64672439,302.6,-0.0,309.0,ASK
776,1712608266.9533553,50485678.45524205,302.9,1.185969757403511e-09,309.0,BID
777,1712608290.2050087,50485678.45524205,302.9,0.0,309.0,BID
778,1712608293.0162716,50485698.26375971,302.6,-1.185969330921385e-09,309.0,ASK
779,1712608302.0978854,50485718.07227737,302.9,1.185969330921385e-09,309.0,BID
780,1712608320.297324,50485718.07227737,302.9,0.0,309.0,BID
781,1712608324.896142,50485737.88079503,302.6,-1.1859684797182456e-09,309.0,ASK
782,1712608333.866317,50485757.68931269,302.9,1.185968479272167e-09,309.0,BID
783,1712608350.2967088,50485757.68931269,302.9,0.0,309.0,BID
784,1712608358.2108011,50485777.49783035,302.6,-1.185967628070249e-09,309.0,ASK
785,1712608368.245808,50485797.30634801,302.9,1.185967627624171e-09,309.0,BID
786,1712608380.1967056,50485797.30634801,302.9,0.0,309.0,BID
787,1712608390.0759864,50485817.11486567,302.6,-1.1859667759773987e-09,309.0,ASK
788,1712608397.145865,50485982.13136732,302.9,9.879794734354489e-09,309.0,BID
789,1712608397.785565,50486001.93988498,302.9,1.1859667764234767e-09,309.0,BID
790,1712608410.2034144,50486001.93988498,302.9,0.0,309.0,BID
791,1712608428.765707,50486021.74840264,302.6,-1.1859623752354611e-09,309.0,ASK
792,1712608429.93564,50487671.63326542,302.9,9.878080755906769e-08,309.0,BID
793,1712608435.642559,50487691.44178308,302.9,1.1859623752354611e-09,309.0,BID
794,1712608440.2090476,50487691.44178308,302.9,0.0,309.0,BID
795,1712608460.875618,50487711.25030074,302.6,-1.1859260403226755e-09,309.0,ASK
796,1712608467.885839,50487731.0588184,302.9,1.1859260398766132e-09,309.0,BID
797,1712608470.2319646,50487731.0588184,302.9,0.0,309.0,BID
798,1712608496.5455751,50487750.86733606,302.6,-1.185925188289568e-09,309.0,ASK
799,1712608500.2234235,50487750.86733606,302.6,-0.0,309.0,ASK
800,1712608528.4152882,50487880.86733606,302.6,-7.78376403193516e-09,309.0,ASK
801,1712608530.2004266,50487880.86733606,302.6,-0.0,309.0,ASK
802,1712608535.775357,50487900.67585372,302.9,1.186034339717075e-09,309.0,BID
803,1712608553.2953465,50491247.69773144,302.8,2.0040282417706689e-07,309.0,BID
804,1712608553.3749475,50497900.67585372,302.8,3.983468449273513e-07,309.0,BID
805,1712608558.535583,50498253.13210991,302.9,2.110330667666178e-08,309.0,BID
806,1712608560.307359,50498253.13210991,302.9,0.0,309.0,BID
807,1712608562.4951744,50498272.94062757,302.6,-1.185811344078592e-09,309.0,ASK
808,1712608580.275645,50498467.7661549,302.6,-1.1662978746066138e-08,309.0,ASK
809,1712608580.2902162,50498721.38544037,302.6,-1.5182591196058997e-08,309.0,ASK
810,1712608590.3039012,50498721.38544037,302.6,-0.0,309.0,ASK
811,1712608601.644948,50498741.20049981,302.8,1.1861928977235223e-09,309.0,BID
812,1712608609.4552152,50499741.20049981,302.8,5.98632015924161e-08,309.0,BID
813,1712608620.189018,50499741.20049981,302.8,0.0,309.0,BID
814,1712608630.2950578,50499761.01555925,302.7,-1.186170970455615e-09,309.0,ASK
815,1712608636.414728,50499780.83061869,302.8,1.186170970455615e-09,309.0,BID
816,1712608650.1928878,50499780.83061869,302.8,0.0,309.0,BID
817,1712608663.7658744,50499800.64567813,302.7,-1.1861701189627827e-09,309.0,ASK
818,1712608670.3250873,50499820.46073757,302.8,1.1861701185167758e-09,309.0,BID
819,1712608680.314791,50499820.46073757,302.8,0.0,309.0,BID
1020,1712608700.5237694,50499840.27579701,302.7,-1.18616926657916e-09,309.0,ASK
820,1712608700.5237694,50499840.27579701,302.7,-1.1861692665791601e-09,309.0,ASK
1021,1712608705.4974282,50499860.09085645,302.8,1.18616926657916e-09,309.0,BID
821,1712608705.4974282,50499860.09085645,302.8,1.1861692665791601e-09,309.0,BID
822,1712608706.9567404,50505742.28732745,302.8,3.521200981302278e-07,309.0,BID
823,1712608707.0356147,50512511.86037075,302.8,4.052402424934601e-07,309.0,BID
824,1712608707.0411892,50513976.05314915,302.8,8.764952128911307e-08,309.0,BID
825,1712608707.1154563,50514076.05314915,302.9,5.9862009007330195e-09,309.0,BID
826,1712608707.1223314,50532607.80316242,302.9,1.109347786215929e-06,309.0,BID
827,1712608707.1962595,50532607.80316316,303.0,4.4600672280289366e-17,309.0,BID
1027,1712608707.1962595,50532607.80316316,303.0,4.460067228028937e-17,309.0,BID
828,1712608707.2089612,50535607.20868616,303.0,1.7955044043414448e-07,309.0,BID
829,1712608710.2952838,50535607.20868616,303.0,0.0,309.0,BID
830,1712608735.0954368,50535627.0237456,303.0,-1.185400148545604e-09,309.0,ASK
831,1712608740.0562837,50535646.80613926,303.3,1.183445977590904e-09,309.0,BID
832,1712608740.2107432,50535646.80613926,303.3,0.0,309.0,BID
833,1712608753.236082,50538827.44031362,303.0,-1.90275559200953e-07,309.0,ASK
834,1712608753.2418334,50547195.03539396,303.0,-5.005759058719762e-07,309.0,ASK
835,1712608753.2757962,50547195.03539483,303.0,5.2148913541463774e-17,309.0,BID
1035,1712608753.2757962,50547195.03539483,303.0,5.214891354146378e-17,309.0,BID
836,1712608753.2823088,50555565.76362383,303.0,5.007633406982349e-07,309.0,BID
837,1712608753.8574674,50555664.64299083,303.4,5.915275324606088e-09,309.0,BID
838,1712608766.845631,50555684.42538449,303.0,-1.1834451277407207e-09,309.0,ASK
839,1712608770.1859453,50555684.42538449,303.0,-0.0,309.0,ASK
840,1712608774.5268931,50555684.42538467,303.4,1.0693329082666492e-17,309.0,BID
841,1712608774.536287,50555704.19474198,303.5,1.1822358489670067e-09,309.0,BID
842,1712608797.0077095,50555723.96409947,303.0,-1.1822358596603359e-09,309.0,ASK
843,1712608800.2395508,50555723.96409947,303.0,-0.0,309.0,ASK
844,1712608807.286266,50555910.14000175,303.0,-1.1133736375333624e-08,309.0,ASK
845,1712608824.7468383,50556060.28682384,303.8,8.979116599954935e-09,309.0,BID
846,1712608824.7553213,50556205.26211233,303.5,8.669847295784064e-09,309.0,BID
847,1712608824.761961,50556239.44708728,303.8,2.0443381472003003e-09,309.0,BID
848,1712608829.246137,50556272.36347964,303.8,1.9684740636310357e-09,309.0,BID
849,1712608830.188652,50556272.36347964,303.8,0.0,309.0,BID
850,1712608839.2640872,50556292.11331505,303.8,1.1810726845946135e-09,309.0,BID
851,1712608850.5165734,50556728.78439381,303.1,-2.61136496781271e-08,309.0,ASK
852,1712608860.086495,50556748.53422922,303.2,-1.1810726841490566e-09,309.0,ASK
853,1712608860.2978086,50556748.53422922,303.2,-0.0,309.0,ASK
854,1712608890.290117,50556748.53422922,303.2,-0.0,309.0,ASK
855,1712608908.997121,50556768.28406463,303.8,1.181062489266856e-09,309.0,BID
856,1712608911.4933956,50559768.28406463,303.8,1.7940339219970133e-07,309.0,BID
857,1712608911.4974277,50561884.90228805,303.8,1.2657616309116072e-07,309.0,BID
858,1712608920.2117922,50561884.90228805,303.8,0.0,309.0,BID
859,1712608925.0569532,50577745.96510478,303.8,-9.484209887915596e-07,309.0,ASK
860,1712608929.7872906,50577910.54706659,303.8,-9.841269072649587e-09,309.0,ASK
861,1712608930.0072207,50577930.296902,303.3,-1.1809522882367982e-09,309.0,ASK
862,1712608937.9819,50577950.04023862,303.9,1.180563689432261e-09,309.0,BID
863,1712608949.2513115,50577982.94579965,303.9,1.967606149053768e-09,309.0,BID
864,1712608950.2061348,50577982.94579965,303.9,0.0,309.0,BID
865,1712608964.8176348,50578002.68913627,303.3,-1.1802185522369539e-09,309.0,ASK
866,1712608980.3014605,50578002.68913627,303.3,-0.0,309.0,ASK
867,1712608987.9176357,50578430.44124887,303.3,-2.5570186443700484e-08,309.0,ASK
868,1712609010.3157854,50578430.44124887,303.3,-0.0,309.0,ASK
869,1712609037.7079551,50578450.18458549,303.9,1.1802089767287203e-09,309.0,BID
870,1712609039.2775824,50578483.09014652,303.9,1.9670149612145344e-09,309.0,BID
871,1712609040.2046108,50578483.09014652,303.9,0.0,309.0,BID
872,1712609063.6579168,50578502.83348314,303.4,-1.180207847929127e-09,309.0,ASK
873,1712609070.2018766,50578502.83348314,303.4,-0.0,309.0,ASK
874,1712609100.2247972,50578502.83348314,303.4,-0.0,309.0,ASK
875,1712609102.408017,50578522.57681976,303.9,1.180531250008936e-09,309.0,BID
876,1712609130.205122,50578522.57681976,303.9,0.0,309.0,BID
877,1712609133.9980536,50578542.32015638,303.5,-1.1805308260321286e-09,309.0,ASK
878,1712609160.2286832,50578542.32015638,303.5,-0.0,309.0,ASK
879,1712609170.618319,50578562.063493,303.9,1.180530403058585e-09,309.0,BID
880,1712609190.2128258,50578562.063493,303.9,0.0,309.0,BID
881,1712609191.6883118,50578581.80682962,303.5,-1.1805299795278844e-09,309.0,ASK
882,1712609195.4413986,50592958.23246381,303.5,-8.596217441882484e-07,309.0,ASK
883,1712609199.9985514,50592977.97580043,303.9,1.1805299799733832e-09,309.0,BID
884,1712609207.018209,50597537.26730092,303.6,-2.726175623647292e-07,309.0,ASK
885,1712609220.3085108,50597537.26730092,303.6,-0.0,309.0,ASK
886,1712609225.1801398,50599537.26730092,303.6,-1.1954651765851684e-07,309.0,ASK
887,1712609231.4591403,50599557.01063754,303.5,-1.1801235698176991e-09,309.0,ASK
888,1712609250.2983906,50599557.01063754,303.5,-0.0,309.0,ASK
889,1712609258.9589524,50611056.20193814,303.9,6.8731894598699e-07,309.0,BID
890,1712609258.9664776,50611073.51913814,303.8,1.035067540297212e-09,309.0,BID
891,1712609258.972285,50613389.97049275,303.9,1.3845677159889358e-07,309.0,BID
892,1712609279.448502,50613422.87605378,303.9,1.966800528225619e-09,309.0,BID
893,1712609280.2145925,50613422.87605378,303.9,0.0,309.0,BID
894,1712609303.7584326,50613442.6193904,303.9,1.179783170369621e-09,309.0,BID
895,1712609304.8880837,50613607.14719559,303.9,9.831526422418146e-09,309.0,BID
896,1712609310.19258,50613607.14719559,303.9,0.0,309.0,BID
897,1712609327.0834937,50613626.89053221,303.3,-1.1797792224307747e-09,309.0,ASK
898,1712609329.9485304,50613791.4183374,303.9,9.831493522482531e-09,309.0,BID
899,1712609335.4584322,50613811.16167402,303.9,1.17977922287599e-09,309.0,BID
900,1712609340.3104386,50613811.16167402,303.9,0.0,309.0,BID
901,1712609346.498679,50614304.74508961,303.9,2.949437131756961e-08,309.0,BID
902,1712609365.2883778,50614324.48842623,303.3,-1.1797748523644218e-09,309.0,ASK
903,1712609370.285069,50614324.48842623,303.3,-0.0,309.0,ASK
904,1712609397.4587584,50614489.07038804,303.3,-9.834601596664274e-09,309.0,ASK
905,1712609400.2468357,50614489.07038804,303.3,-0.0,309.0,ASK
906,1712609430.1942475,50614489.07038804,303.3,-0.0,309.0,ASK
907,1712609434.828731,50614508.81372466,303.9,1.1816110802150807e-09,309.0,BID
908,1712609460.3038957,50614508.81372466,303.9,0.0,309.0,BID
909,1712609462.0687091,50614528.55706128,303.3,-1.1816106559086111e-09,309.0,ASK
910,1712609468.5672903,50614548.3003979,303.9,1.1816106563545175e-09,309.0,BID
911,1712609489.8792336,50615209.67605928,303.9,3.9582394008089744e-08,309.0,BID
912,1712609489.8869731,50633259.84920106,303.9,1.0802772265926112e-06,309.0,BID
913,1712609489.8944983,50634291.63702178,303.9,6.175103566285179e-08,309.0,BID
914,1712609490.3085911,50634291.63702178,303.9,0.0,309.0,BID
915,1712609495.7593267,50634311.3803584,303.3,-1.1811856547355567e-09,309.0,ASK
916,1712609504.5085788,50634331.1172005,304.0,1.180797107060937e-09,309.0,BID
917,1712609520.213068,50634331.1172005,304.0,0.0,309.0,BID
918,1712609528.5989494,50634350.8540426,303.3,-1.1807962597293035e-09,309.0,ASK
919,1712609535.118609,50634370.5908847,304.0,1.1807962601750494e-09,309.0,BID
920,1712609548.4486344,50634452.78660838,304.0,4.9175244255820125e-09,309.0,BID
921,1712609550.1972828,50634452.78660838,304.0,0.0,309.0,BID
922,1712609560.268652,50634472.52345048,303.3,-1.180793647784242e-09,309.0,ASK
923,1712609560.5890045,50634922.52345048,304.0,2.692209518231817e-08,309.0,BID
1123,1712609560.5890045,50634922.52345048,304.0,2.6922095182318172e-08,309.0,BID
924,1712609560.5986571,50636117.26029258,304.0,7.147737551317189e-08,309.0,BID
925,1712609567.5686858,50636136.99713468,304.0,1.180793647784242e-09,309.0,BID
926,1712609574.0586858,50637150.81640495,304.0,6.065364198228058e-08,309.0,BID
927,1712609574.062614,50638517.64070053,304.0,8.177283062871018e-08,309.0,BID
1128,1712609574.0662816,50638861.01851625,304.0,2.054322275200533e-08,309.0,BID
928,1712609574.0662816,50638861.01851625,304.0,2.0543222752005332e-08,309.0,BID
929,1712609580.2916117,50638861.01851625,304.0,0.0,309.0,BID
930,1712609591.7407007,50639141.20484713,304.0,1.6761329674425903e-08,309.0,BID
931,1712609591.750738,50645704.47422238,304.0,3.926284390683626e-07,309.0,BID
932,1712609591.756975,50650904.44504882,304.0,3.110730814257185e-07,309.0,BID
933,1712609596.1687052,50650924.18189092,303.5,-1.1806989876693151e-09,309.0,ASK
934,1712609602.618647,50650943.90575679,304.2,1.1799227221762807e-09,309.0,BID
935,1712609606.2487037,50651017.82916244,304.2,4.4222520383340145e-09,309.0,BID
936,1712609609.1993346,50651452.91298889,304.2,2.6027620363735682e-08,309.0,BID
937,1712609609.2792962,50653545.28666971,304.2,-1.2517015000849285e-07,309.0,ASK
938,1712609610.2970333,50653545.28666971,304.2,-0.0,309.0,ASK
939,1712609629.6892536,50653565.01053558,303.5,-1.1796076758445348e-09,309.0,ASK
940,1712609630.2489228,50653893.63360491,304.3,1.9653667161796586e-08,309.0,BID
941,1712609636.2687583,50653913.35098907,304.3,1.179220030162297e-09,309.0,BID
942,1712609640.1813817,50653913.35098907,304.3,0.0,309.0,BID
943,1712609658.328668,50653946.97767326,304.3,2.0110676767903917e-09,309.0,BID
944,1712609664.8939588,50653966.69505742,303.5,-1.179212131992387e-09,309.0,ASK
945,1712609670.1966476,50653966.69505742,303.5,-0.0,309.0,ASK
946,1712609673.4237568,50653986.41244158,304.3,1.1792109883242615e-09,309.0,BID
947,1712609679.9518073,50654288.88361808,304.3,1.8089485506339693e-08,309.0,BID
948,1712609692.1340823,50660798.55505742,304.3,3.893151357975216e-07,309.0,BID
949,1712609692.1401076,50660998.55505742,304.3,1.1961130125389605e-08,309.0,BID
950,1712609692.1687589,50662888.78945755,304.3,-1.130466981372618e-07,309.0,ASK
951,1712609692.188472,50670804.11926348,304.3,-4.73381448970248e-07,309.0,ASK
952,1712609696.3205054,50670823.83664764,303.5,-1.1792109883242615e-09,309.0,ASK
953,1712609700.288653,50670823.83664764,303.5,-0.0,309.0,ASK
954,1712609730.31735,50670823.83664764,303.5,-0.0,309.0,ASK
955,1712609733.929013,50670843.5540318,304.3,1.181371696327453e-09,309.0,BID
956,1712609759.5590165,50670863.27141596,303.6,-1.181371696327453e-09,309.0,ASK
957,1712609760.1927106,50670863.27141596,303.6,-0.0,309.0,ASK
958,1712609766.0299487,50670879.77141596,303.6,-9.88600659850135e-10,309.0,ASK
959,1712609769.319038,50670899.49528183,304.2,1.1817592010874148e-09,309.0,BID
960,1712609790.1990936,50670899.49528183,304.2,0.0,309.0,BID
961,1712609792.7590172,50670919.2191477,303.6,-1.1817584211173387e-09,309.0,ASK
962,1712609799.7991564,50670932.49528183,304.2,7.954415943618737e-10,309.0,BID
963,1712609799.8057094,50670938.94301357,304.2,3.8631682720186787e-10,309.0,BID
1163,1712609799.8057094,50670938.94301357,304.2,3.863168272018679e-10,309.0,BID
964,1712609800.8956645,50672582.59850337,304.2,9.847986848120364e-08,309.0,BID
965,1712609801.6715488,50675182.49528183,304.2,1.557732106245234e-07,309.0,BID
966,1712609801.8688192,50676582.59850337,304.2,-8.388739731235086e-08,309.0,ASK
967,1712609819.530952,50677503.631677,304.3,5.5183842580437866e-08,309.0,BID
968,1712609819.5371845,50677582.59850337,304.3,4.731309403780705e-09,309.0,BID
969,1712609820.3175066,50677582.59850337,304.3,0.0,309.0,BID
970,1712609828.096795,50677602.32236924,303.8,-1.1816144853643743e-09,309.0,ASK
971,1712609834.0477307,50677622.0397534,304.3,1.181226180199128e-09,309.0,BID
972,1712609850.298792,50677622.0397534,304.3,0.0,309.0,BID
973,1712609861.1287837,50677641.75713756,303.8,-1.1812253315813275e-09,309.0,ASK
974,1712609868.860782,50677661.47452172,304.3,1.1812253315813275e-09,309.0,BID
975,1712609880.2040868,50677661.47452172,304.3,0.0,309.0,BID
976,1712609891.739327,50677788.06696835,304.2,7.58387097033021e-09,309.0,BID
977,1712609894.4774256,50677807.78435251,303.8,-1.1812244831040907e-09,309.0,ASK
978,1712609902.0787046,50677827.50821838,304.2,1.1816127877114498e-09,309.0,BID
979,1712609910.198417,50677827.50821838,304.2,0.0,309.0,BID
980,1712609925.788741,50677827.52092967,303.8,-7.61502952577846e-13,309.0,ASK
981,1712609925.7933526,50677847.23208425,303.8,-1.1808477104637746e-09,309.0,ASK
982,1712609933.8409965,50677866.95595012,304.2,1.181609212970006e-09,309.0,BID
983,1712609940.2354903,50677866.95595012,304.2,0.0,309.0,BID
984,1712609960.1528423,50677870.52440295,304.2,2.13777245559608e-10,309.0,BID
985,1712609960.3085802,50678162.81393827,304.2,-1.751034822457952e-08,309.0,ASK
986,1712609962.139206,50678182.53780413,303.8,-1.1816083636344678e-09,309.0,ASK
987,1712609962.1476705,50678182.53780414,304.2,-8.926919712493192e-19,309.0,ASK
1188,1712609968.1622193,50678202.2551883,304.3,1.18122006092716e-09,309.0,BID
988,1712609968.1622193,50678202.2551883,304.3,1.1812200609271601e-09,309.0,BID
989,1712609970.2879486,50678202.2551883,304.3,0.0,309.0,BID
990,1712609994.6888306,50678221.97257246,303.8,-1.1812128436022807e-09,309.0,ASK
991,1712610000.330443,50678221.97257246,303.8,-0.0,309.0,ASK
992,1712610004.556761,50678241.68995662,304.3,1.181579620419372e-09,309.0,BID
993,1712610009.1486986,50678241.78724635,304.3,5.8301627006244214e-12,309.0,BID
994,1712610009.1585858,50678307.51186022,304.3,3.9385987353265505e-09,309.0,BID
995,1712610009.1631432,50679391.00084128,304.5,6.492892204208599e-08,309.0,BID
996,1712610025.924358,50679864.84736085,304.4,-2.8395622167532738e-08,309.0,ASK
997,1712610027.9685023,50679884.56474501,303.9,-1.181579620419372e-09,309.0,ASK
998,1712610030.2064068,50679884.56474501,303.9,-0.0,309.0,ASK
999,1712610035.008636,50679904.2691785,304.5,1.180767724933903e-09,309.0,BID
1000,1712610041.878933,50680282.11698274,304.5,2.264213748322749e-08,309.0,BID
1201,1712610041.8891883,50693039.85567224,304.5,7.644942491144688e-07,309.0,BID
1202,1712610044.4899535,50709546.18899684,304.5,-9.89124891781099e-07,309.0,ASK
1203,1712610044.5752184,50739059.83754317,304.5,-1.7685747555427288e-06,309.0,ASK
1204,1712610044.628435,50754561.56778699,304.5,-9.289250948903664e-07,309.0,ASK
1205,1712610051.0685585,50754889.32917669,304.7,1.9640761078604082e-08,309.0,BID
1206,1712610060.3087015,50754889.32917669,304.7,0.0,309.0,BID
1207,1712610065.5987215,50754909.03361018,304.0,-1.1791539297394122e-09,309.0,ASK
1208,1712610071.6288254,50754928.72511001,304.7,1.1783799526156928e-09,309.0,BID
1209,1712610090.2892373,50754928.72511001,304.7,0.0,309.0,BID
1210,1712610093.7314496,50754948.41660984,304.1,-1.1783791071108118e-09,309.0,ASK
1211,1712610102.5885985,50754968.10810967,304.7,1.1783791071108118e-09,309.0,BID
1212,1712610107.9547129,50755107.34342309,304.7,8.33212227265674e-09,309.0,BID
1213,1712610120.2455463,50755107.34342309,304.7,0.0,309.0,BID
1214,1712610123.318179,50755326.96372031,304.7,1.3142479206399681e-08,309.0,BID
1215,1712610123.3197303,50755696.74570846,304.7,2.2128428709863147e-08,309.0,BID
1216,1712610126.4784896,50755716.43720829,304.1,-1.1783752700913179e-09,309.0,ASK
1217,1712610136.02833,50755736.12870812,304.7,1.1783752700913179e-09,309.0,BID
1218,1712610150.2066605,50755736.12870812,304.7,0.0,309.0,BID
1219,1712610158.583585,50755755.82020795,304.2,-1.1783617612788668e-09,309.0,ASK
1220,1712610167.7449596,50755775.51170778,304.7,1.1783617608330156e-09,309.0,BID
1221,1712610180.300557,50755775.51170778,304.7,0.0,309.0,BID
1222,1712610191.788434,50755795.20320761,304.2,-1.178360915353784e-09,309.0,ASK
1223,1712610210.315416,50755795.20320761,304.2,-0.0,309.0,ASK
1224,1712610233.368332,50755814.89470744,304.7,1.178360492961757e-09,309.0,BID
1225,1712610240.1967125,50755814.89470744,304.7,0.0,309.0,BID
1226,1712610253.8238113,50755834.58620727,304.2,-1.1783600698757663e-09,309.0,ASK
1227,1712610261.553786,50755854.2777071,304.7,1.1783600698757663e-09,309.0,BID
1228,1712610270.1887395,50755854.2777071,304.7,0.0,309.0,BID
1229,1712610282.8837063,50755953.3762534,304.2,-5.930157030898817e-09,309.0,ASK
1230,1712610282.8864613,50757460.03021546,304.2,-9.015969375384161e-08,309.0,ASK
1231,1712610289.608287,50757479.72171529,304.2,-1.178359224398961e-09,309.0,ASK
1232,1712610296.1682763,50757499.42614878,304.5,1.1791331879080863e-09,309.0,BID
1233,1712610300.2995954,50757499.42614878,304.5,0.0,309.0,BID
1234,1712610318.5483348,50757519.13058227,304.3,-1.1798748478364e-09,309.0,ASK
1235,1712610323.8314586,50759121.70078208,304.3,-9.595973775593776e-08,309.0,ASK
1236,1712610328.5262165,50759141.40521557,304.5,1.179874847390269e-09,309.0,BID
1237,1712610330.3186011,50759141.40521557,304.5,0.0,309.0,BID
1238,1712610341.308448,50760087.21802257,304.5,5.663229828197173e-08,309.0,BID
1239,1712610341.3120732,50760087.21802347,304.5,5.3980199309501266e-17,309.0,BID
1240,1712610352.1985855,50760106.92245696,304.2,-1.1798395479407243e-09,309.0,ASK
1241,1712610360.2004037,50760106.92245696,304.2,-0.0,309.0,ASK
1242,1712610360.8400338,50760126.61395679,304.7,1.179044365995237e-09,309.0,BID
1243,1712610364.468224,50761610.78465079,304.2,-8.88659122010633e-08,309.0,ASK
1244,1712610364.4881396,50761610.78465131,304.2,-3.122766476218449e-17,309.0,ASK
1245,1712610373.5014763,50761856.51977191,304.2,-1.4713587689338773e-08,309.0,ASK
1246,1712610383.468215,50761876.21127174,304.0,-1.179044365995237e-09,309.0,ASK
1247,1712610390.2194266,50761876.21127174,304.0,-0.0,309.0,ASK
1248,1712610393.433385,50761895.91570523,304.5,1.179780758784174e-09,309.0,BID
1249,1712610416.6383836,50761915.62013872,304.0,-1.179780759230269e-09,309.0,ASK
1250,1712610420.2942998,50761915.62013872,304.0,-0.0,309.0,ASK
1251,1712610423.5833206,50761935.33752288,304.3,1.1805553182669176e-09,309.0,BID
1252,1712610425.125048,50764454.85277377,304.0,-1.5085302922657724e-07,309.0,ASK
1253,1712610425.1264875,50767674.85790277,304.0,-1.927940414979456e-07,309.0,ASK
1254,1712610425.3180714,50817674.85790277,304.0,2.993691528027125e-06,309.0,BID
1255,1712610425.4288125,50843715.09035123,304.0,1.559128465376155e-06,309.0,BID
1256,1712610425.5183618,50844586.73842336,304.0,5.2188908979193713e-08,309.0,BID
1257,1712610425.5213828,50847973.10188836,304.0,2.0275455231959525e-07,309.0,BID
1258,1712610437.7981665,50850988.68312216,303.9,-1.805543998340604e-07,309.0,ASK
1259,1712610437.8083,50876365.60176437,303.8,-1.5194133269326789e-06,309.0,ASK
1260,1712610437.8114789,50900182.02984063,303.9,-1.4259807791953258e-06,309.0,ASK
1261,1712610437.8150778,50904231.10077545,303.8,-2.4243338707886214e-07,309.0,ASK
1262,1712610450.2980237,50904231.10077545,303.8,-0.0,309.0,ASK
1263,1712610451.5984373,50904250.81815961,303.8,-1.1775057395838722e-09,309.0,ASK
1264,1712610464.8739724,50904264.01716781,303.8,-7.882337627814895e-10,309.0,ASK
1265,1712610465.008474,50904264.01716854,303.8,4.360436109683999e-17,309.0,BID
1266,1712610465.01219,50904920.50485054,303.8,3.920489692066409e-08,309.0,BID
1267,1712610480.1934,50904920.50485054,303.8,0.0,309.0,BID
1268,1712610484.968614,50921435.74049554,303.8,9.86263764750461e-07,309.0,BID
1269,1712610484.9719503,50921435.74049594,303.8,2.4026592333327258e-17,309.0,BID
1270,1712610489.3479173,50921455.4578801,304.3,1.177491011950946e-09,309.0,BID
1271,1712610510.2127442,50921455.4578801,304.3,0.0,309.0,BID
1272,1712610517.4782748,50921475.17526426,303.7,-1.1771378879564623e-09,309.0,ASK
1273,1712610522.4830055,50921494.87969775,304.5,1.1763647261332343e-09,309.0,BID
1274,1712610540.3117049,50921494.87969775,304.5,0.0,309.0,BID
1275,1712610551.7781065,50921514.58413124,303.8,-1.176363884654598e-09,309.0,ASK
1276,1712610556.627904,50921534.29503794,304.4,1.1767503380758383e-09,309.0,BID
1277,1712610570.3190775,50921534.29503794,304.4,0.0,309.0,BID
1278,1712610584.0734718,50921554.00594464,303.7,-1.1767494960149027e-09,309.0,ASK
1279,1712610590.5707538,50921573.71685134,304.4,1.1767494960149027e-09,309.0,BID
1280,1712610600.2188902,50921573.71685134,304.4,0.0,309.0,BID
1281,1712610605.487847,50921606.5683625,304.4,1.962045744111015e-09,309.0,BID
1282,1712610612.2487652,50921720.45068498,304.4,6.8015844105862394e-09,309.0,BID
1283,1712610612.2522666,50921902.07099062,304.4,1.0847213268686133e-08,309.0,BID
1284,1712610617.3761337,50921921.78189732,303.7,-1.177227446733599e-09,309.0,ASK
1285,1712610625.0179322,50921941.49280402,304.4,1.177227446733599e-09,309.0,BID
1286,1712610630.209528,50921941.49280402,304.4,0.0,309.0,BID
1287,1712610647.5637443,50921961.20371072,303.8,-1.1772195765348343e-09,309.0,ASK
1288,1712610656.827979,50921980.91461742,304.4,1.1772195765348343e-09,309.0,BID
1289,1712610660.2943342,50921980.91461742,304.4,0.0,309.0,BID
1290,1712610683.6290174,50922000.62552412,303.8,-1.1772187336639423e-09,309.0,ASK
1291,1712610684.089443,50924482.41047347,304.4,1.482226961892882e-07,309.0,BID
1292,1712610684.0926485,50925285.77664107,304.4,4.798042611206448e-08,309.0,BID
1293,1712610684.5877564,50925303.18465683,304.4,1.0396803444220171e-09,309.0,BID
1294,1712610690.3084862,50925303.18465683,304.4,0.0,309.0,BID
1295,1712610692.2577553,50925322.89556353,304.4,1.1771476358911743e-09,309.0,BID
1296,1712610707.0408075,50925651.41067522,304.4,1.9619127267077683e-08,309.0,BID
1297,1712610710.513161,50925671.12158192,304.0,-1.1771476358911743e-09,309.0,ASK
1298,1712610720.1032815,50925690.82601541,304.5,1.176761051994425e-09,309.0,BID
1299,1712610720.2090926,50925690.82601541,304.5,0.0,309.0,BID
1300,1712610740.5563068,50930767.04601541,304.5,3.0315288673731465e-07,309.0,BID
1301,1712610740.5633385,50931274.66944637,304.5,3.031537413095252e-08,309.0,BID
1302,1712610740.6077726,50932258.97051458,304.5,-5.8782659192526094e-08,309.0,ASK
1303,1712610743.7779002,50935543.04276416,304.5,-1.9612546002995169e-07,309.0,ASK
1304,1712610748.0660648,50935562.74719765,303.9,-1.1767527599323178e-09,309.0,ASK
1305,1712610750.1882515,50935562.74719765,303.9,-0.0,309.0,ASK
1306,1712610753.008334,50935582.44516219,304.6,1.1761552915184016e-09,309.0,BID
1307,1712610760.9586654,50938845.34752584,304.6,1.948262152979273e-07,309.0,BID
1308,1712610780.2526972,50938865.04549038,303.9,-1.176155291073531e-09,309.0,ASK
1309,1712610780.3194497,50938865.04549038,303.9,-0.0,309.0,ASK
1310,1712610786.8386922,50939144.03925269,304.6,1.6657573036513233e-08,309.0,BID
1311,1712610798.4428306,50939204.03925269,304.6,3.582353863040099e-09,309.0,BID
1312,1712610810.2919164,50939204.03925269,304.6,0.0,309.0,BID
1313,1712610840.203997,50939204.03925269,304.6,0.0,309.0,BID
1314,1712610850.5005856,50939223.73721723,304.6,1.1760774055479698e-09,309.0,BID
1315,1712610870.1825287,50939223.73721723,304.6,0.0,309.0,BID
1316,1712610879.4884973,50939243.43518177,304.0,-1.1760769837933338e-09,309.0,ASK
1317,1712610885.5494635,50939263.13314631,304.6,1.1760769842381746e-09,309.0,BID
1318,1712610885.9911163,50939558.68518177,304.0,-1.7646084488223512e-08,309.0,ASK
1319,1712610885.99402,50939874.56500824,303.9,-1.8859765582027863e-08,309.0,ASK
1320,1712610891.7698646,50940197.09843802,303.9,-1.9257022349149362e-08,309.0,ASK
1321,1712610891.7738404,50941708.86059405,303.9,-9.02605278629393e-08,309.0,ASK
1322,1712610900.232474,50941708.86059405,303.9,-0.0,309.0,ASK
1323,1712610908.2085304,50941728.55855859,303.9,-1.177099747858651e-09,309.0,ASK
1324,1712610911.6784947,50942428.65130257,303.9,-4.183574351924069e-08,309.0,ASK
1325,1712610914.468772,50951983.33341557,303.9,5.709632526914598e-07,309.0,BID
1326,1712610914.4996529,50954757.31068897,303.9,1.6576575423272785e-07,309.0,BID
1327,1712610914.5032144,50958793.40497497,303.9,2.411866239448971e-07,309.0,BID
1328,1712610930.2070708,50958793.40497497,303.9,0.0,309.0,BID
1329,1712610934.7789805,50959780.89674587,303.8,-5.899166814302072e-08,309.0,ASK
1330,1712610934.7824728,50964906.05689428,303.8,-3.061714087795992e-07,309.0,ASK
1331,1712610934.8991938,50968530.39011785,303.7,-2.165136652929491e-07,309.0,ASK
1332,1712610934.9034746,50987500.69445007,303.7,-1.1332650364447952e-06,309.0,ASK
1333,1712610935.5584464,51005509.33272539,303.6,-1.0758161679425148e-06,309.0,ASK
1334,1712610942.8887062,51005619.22275554,303.6,-6.564709075666567e-09,309.0,ASK
1335,1712610953.7294433,51005674.16777054,303.7,3.282354533827478e-09,309.0,BID
1336,1712610960.3125372,51005674.16777054,303.7,0.0,309.0,BID
1337,1712610961.5776346,51005740.04392338,303.6,-3.932024562284573e-09,309.0,ASK
1338,1712610974.6469967,51009107.47132851,303.6,-2.0099545432931816e-07,309.0,ASK
1339,1712610988.7091205,51009107.47132859,303.7,4.447112444986429e-18,309.0,BID
1340,1712610988.7130198,51009127.20168036,304.1,1.1776678580287251e-09,309.0,BID
1341,1712610990.3074744,51009127.20168036,304.1,0.0,309.0,BID
1342,1712611004.6852632,51011475.41492388,303.6,-1.4015169417753522e-07,309.0,ASK
1343,1712611011.5286686,51011495.14527573,303.6,-1.177594175566725e-09,309.0,ASK
1344,1712611016.052969,51021326.19213855,303.6,-5.867601152362642e-07,309.0,ASK
1345,1712611020.225464,51021326.19213855,303.6,-0.0,309.0,ASK
1346,1712611020.605373,51021345.9224904,304.1,1.177333928323727e-09,309.0,BID
1347,1712611038.4992845,51021365.65284225,303.6,-1.177333928323727e-09,309.0,ASK
1348,1712611047.9792666,51021385.39617887,303.9,1.1781087450888428e-09,309.0,BID
1349,1712611050.2096312,51021385.39617887,303.9,0.0,309.0,BID
1350,1712611071.8709412,51057287.50193753,303.6,-2.1423197190434247e-06,309.0,ASK
1351,1712611071.8751335,51060501.76062984,303.6,-1.9179849296109805e-07,309.0,ASK
1352,1712611071.877081,51061387.39617887,303.7,-5.2846886289330136e-08,309.0,ASK
1353,1712611071.9692805,51062046.15770719,303.6,-3.930905395230276e-08,309.0,ASK
1354,1712611071.9736829,51067793.27800917,303.6,-3.429372425507387e-07,309.0,ASK
1355,1712611074.4843085,51067813.02134579,303.3,-1.1781074803986195e-09,309.0,ASK
1356,1712611077.048828,51068142.29365399,303.7,1.9648055284972842e-08,309.0,BID
1357,1712611079.059037,51068471.56596219,303.7,1.9648055284972842e-08,309.0,BID
1358,1712611080.2994497,51068471.56596219,303.7,0.0,309.0,BID
1359,1712611081.0790138,51068491.32230068,303.7,1.177878552048616e-09,309.0,BID
1360,1712611089.0694287,51069481.10216532,303.7,5.901095864893605e-08,309.0,BID
1361,1712611089.1089742,51079777.64252776,303.7,6.138826816573356e-07,309.0,BID
1362,1712611090.7588675,51080103.51735776,303.7,1.9428750578673412e-08,309.0,BID
1363,1712611109.829099,51080123.27369625,303.3,-1.177878552048616e-09,309.0,ASK
1364,1712611110.2991772,51080123.27369625,303.3,-0.0,309.0,ASK
1365,1712611117.9190905,51080143.03654209,303.6,1.178017991469324e-09,309.0,BID
1366,1712611118.0188618,51080204.74240385,303.6,3.6781451384094095e-09,309.0,BID
1367,1712611140.2109716,51080204.74240385,303.6,0.0,309.0,BID
1368,1712611141.9393442,51080224.50524969,303.3,-1.178016254683293e-09,309.0,ASK
1369,1712611151.8589628,51080305.9739573,303.3,-4.8561559711850565e-09,309.0,ASK
1370,1712611170.1990018,51080305.9739573,303.3,-0.0,309.0,ASK
1371,1712611200.238088,51080305.9739573,303.3,-0.0,309.0,ASK
1372,1712611217.369635,51080305.9739577,303.7,2.398470027997093e-17,309.0,BID
1373,1712611217.372758,51080325.73029579,303.7,1.177760184684473e-09,309.0,BID
1374,1712611230.207821,51080325.73029579,303.7,0.0,309.0,BID
1375,1712611231.9687674,51080683.1951734,303.7,2.131000936341067e-08,309.0,BID
1376,1712611242.2693307,51080702.95151189,303.7,-1.1777597874012506e-09,309.0,ASK
1377,1712611249.9396763,51080722.7013473,303.8,1.1773721108369415e-09,309.0,BID
1378,1712611260.309537,51080722.7013473,303.8,0.0,309.0,BID
1379,1712611273.5594678,51080742.45118271,303.4,-1.1773636488640367e-09,309.0,ASK
1380,1712611282.010332,51080841.82183524,303.4,-5.923866788422363e-09,309.0,ASK
1381,1712611290.3092282,51080841.82183524,303.4,-0.0,309.0,ASK
1382,1712611314.109296,51080861.57167065,303.8,1.177361112223844e-09,309.0,BID
1383,1712611320.1551962,51090805.57167065,303.5,-5.927988085655597e-07,309.0,ASK
1384,1712611320.2052093,51090805.57167065,303.5,-0.0,309.0,ASK
1385,1712611339.29275,51090853.03064297,303.4,2.828695842055072e-09,309.0,BID
1386,1712611343.609336,51140853.03064297,303.4,2.9801486460605062e-06,309.0,BID
1387,1712611343.6290927,51140872.78047838,303.3,-1.177148905094337e-09,309.0,ASK
1388,1712611343.6894338,51148262.96337689,303.4,4.404768711824744e-07,309.0,BID
1389,1712611343.7909782,51148860.19551989,303.4,3.559681124689148e-08,309.0,BID
1390,1712611344.5092614,51156342.56401989,303.4,4.459714070921187e-07,309.0,BID
1391,1712611347.1007967,51161742.95874829,303.4,3.2187958076066e-07,309.0,BID
1392,1712611348.9806242,51161762.7085837,303.8,1.177148905094337e-09,309.0,BID
1393,1712611350.208003,51161762.7085837,303.8,0.0,309.0,BID
1394,1712611352.619316,51162006.1914934,303.5,-1.4493707575493342e-08,309.0,ASK
1395,1712611373.819291,51162025.94132881,303.5,-1.1756403742506387e-09,309.0,ASK
1396,1712611380.2996604,51162025.94132881,303.5,-0.0,309.0,ASK
1397,1712611380.7894187,51162042.46535778,303.8,9.836144361582891e-10,309.0,BID
1398,1712611380.7916446,51162045.69010275,303.9,1.9195716183884966e-10,309.0,BID
1399,1712611409.4394324,51162065.43887669,303.5,-1.1755715979971387e-09,309.0,ASK
1400,1712611410.3091197,51162065.43887669,303.5,-0.0,309.0,ASK
1401,1712611440.1985407,51162065.43887669,303.5,-0.0,309.0,ASK
1402,1712611449.0193543,51162085.18221331,303.9,1.175247095235586e-09,309.0,BID
1403,1712611470.2132936,51162085.18221331,303.9,0.0,309.0,BID
1404,1712611476.2403948,51162104.92554993,303.5,-1.1752466759308187e-09,309.0,ASK
1405,1712611482.5794744,51162124.66888655,303.9,1.175246675487313e-09,309.0,BID
1406,1712611492.5497591,51162144.93414731,303.9,1.2063148595915675e-09,309.0,BID
1407,1712611492.5539012,51171010.77312498,303.9,5.277500954137083e-07,309.0,BID
1408,1712611495.2995763,51171638.39063175,303.9,-3.7359712929235965e-08,309.0,ASK
1409,1712611500.2898836,51171638.39063175,303.9,-0.0,309.0,ASK
1410,1712611508.2898493,51171658.13396837,303.9,-1.1757778392900955e-09,309.0,ASK
1411,1712611513.229551,51171986.86506633,304.2,1.9576971590219054e-08,309.0,BID
1412,1712611517.4794369,51172006.5889322,304.2,1.1746182952090387e-09,309.0,BID
1413,1712611517.5993743,51172157.25510044,303.9,-8.9726445519205e-09,309.0,ASK
1414,1712611530.3091912,51172157.25510044,303.9,-0.0,309.0,ASK
1415,1712611543.229288,51172176.97896631,303.9,-1.174607257730966e-09,309.0,ASK
1416,1712611551.0416174,51172196.70283218,304.2,1.174607257287264e-09,309.0,BID
1417,1712611560.2035005,51172196.70283218,304.2,0.0,309.0,BID
1418,1712611573.9031825,51172216.42669805,304.0,-1.1746064187346514e-09,309.0,ASK
1419,1712611582.8895977,51172236.15056392,304.2,1.1746064182909507e-09,309.0,BID
1420,1712611587.1599252,51172857.0232671,304.0,-3.6974549869011226e-08,309.0,ASK
1421,1712611590.1949642,51172857.0232671,304.0,-0.0,309.0,ASK
1422,1712611598.72048,51173096.7380783,304.2,1.4275456528938446e-08,309.0,BID
1423,1712611598.7248006,51173698.28664486,304.2,3.5823320089143864e-08,309.0,BID
1424,1712611598.72972,51174087.00067866,304.3,2.314863342714933e-08,309.0,BID
1425,1712611606.3094134,51174106.72454453,304.0,-1.174592376883576e-09,309.0,ASK
1426,1712611613.4112413,51176206.72454453,304.3,1.250588503896225e-07,309.0,BID
1427,1712611614.3595295,51176226.44192869,304.3,1.174206378897975e-09,309.0,BID
1428,1712611620.2894416,51176226.44192869,304.3,0.0,309.0,BID
1429,1712611634.5296595,51176242.87308215,304.3,9.784455774633748e-10,309.0,BID
1430,1712611637.1193216,51176262.59046631,304.0,-1.1741346933109843e-09,309.0,ASK
1431,1712611644.1996272,51176282.30785047,304.3,1.1741346933109843e-09,309.0,BID
1432,1712611650.2997208,51176282.30785047,304.3,0.0,309.0,BID
1433,1712611654.9200363,51176416.85363664,304.3,8.011950988586082e-09,309.0,BID
1434,1712611654.9246075,51182065.70684207,304.3,3.363786879825469e-07,309.0,BID
1435,1712611662.2202942,51188543.70684207,304.3,-3.8575283539929497e-07,309.0,ASK
1436,1712611673.763297,51188563.42422623,304.3,-1.1741335051264792e-09,309.0,ASK
1437,1712611678.1407225,51188583.12865972,304.5,1.173362316626963e-09,309.0,BID
1438,1712611680.2143142,51188583.12865972,304.5,0.0,309.0,BID
1439,1712611688.5894194,51189350.679203,304.5,4.56960198531205e-08,309.0,BID
1440,1712611698.2958355,51195918.82370217,304.5,3.910336121283116e-07,309.0,BID
1441,1712611702.7793918,51195938.52813566,304.3,-1.1731008356920796e-09,309.0,ASK
1442,1712611710.205379,51195938.52813566,304.3,-0.0,309.0,ASK
1443,1712611712.5199542,51195958.23256915,304.5,1.1729444343787887e-09,309.0,BID
1444,1712611715.534754,51196024.39201341,304.3,-3.938268610964546e-09,309.0,ASK
1445,1712611734.5006087,51196044.0964469,304.3,-1.1729444343787887e-09,309.0,ASK
1446,1712611740.318003,51196044.0964469,304.3,-0.0,309.0,ASK
1447,1712611742.1496053,51196063.80088039,304.5,1.1729421906789872e-09,309.0,BID
1448,1712611752.2433736,51196393.94284143,304.3,-1.9652299839100344e-08,309.0,ASK
1449,1712611752.329322,51197369.29010093,304.3,-5.8059317059294976e-08,309.0,ASK
1450,1712611752.339231,51198076.96523369,304.3,-4.2125647565696644e-08,309.0,ASK
1451,1712611762.3695304,51198143.45459539,304.4,3.957900013742194e-09,309.0,BID
1452,1712611767.091494,51198444.22887868,304.4,-1.7904135482759906e-08,309.0,ASK
1453,1712611767.169309,51200704.22303336,304.4,-1.3453025668657516e-07,309.0,ASK
1454,1712611767.2492824,51218327.47516016,304.3,-1.0490560904134791e-06,309.0,ASK
1455,1712611770.3225253,51218327.47516016,304.3,-0.0,309.0,ASK
1456,1712611770.7630746,51218327.47516017,304.3,-4.433303883541744e-19,309.0,ASK
1457,1712611770.7651982,51218347.17959365,304.0,-1.1724689151332055e-09,309.0,ASK
1458,1712611795.0897162,51219662.31150138,304.0,-7.825402756248297e-08,309.0,ASK
1459,1712611796.649378,51219991.91643575,304.0,-1.961241565777109e-08,309.0,ASK
1460,1712611796.7991176,51221468.23413051,304.0,8.78450328049196e-08,309.0,BID
1461,1712611800.4030948,51221468.23413051,304.0,0.0,309.0,BID
1462,1712611810.2697003,51221487.95799638,304.2,1.1742491825105484e-09,309.0,BID
1463,1712611830.3135417,51221487.95799638,304.2,0.0,309.0,BID
1464,1712611832.990242,51221580.0027038,304.2,5.479827561247692e-09,309.0,BID
1465,1712611834.5497503,51221599.72656967,303.9,-1.174248762617573e-09,309.0,ASK
1466,1712611842.719475,51221619.45043554,304.2,1.174248763061138e-09,309.0,BID
1467,1712611852.529832,51223128.45043554,303.9,-8.983742815778326e-08,309.0,ASK
1468,1712611852.5405028,51223386.64855959,303.7,-1.5371673571845312e-08,309.0,ASK
1469,1712611852.544678,51225045.20274571,303.9,-9.874104873519069e-08,309.0,ASK
1470,1712611852.548935,51226541.58642455,303.9,-8.908632289207629e-08,309.0,ASK
1471,1712611860.23726,51226541.58642455,303.9,-0.0,309.0,ASK
1472,1712611863.279595,51226561.31029042,303.8,-1.1741414088324434e-09,309.0,ASK
1473,1712611871.919686,51226581.03415629,304.2,1.1741414092759687e-09,309.0,BID
1474,1712611882.7597394,51227216.25112905,304.2,3.781381177269024e-08,309.0,BID
1475,1712611882.7651503,51227517.02541233,304.2,1.7904783123779645e-08,309.0,BID
1476,1712611882.7994337,51229539.61403794,304.2,-1.2040261652641576e-07,309.0,ASK
1477,1712611890.1968212,51229539.61403794,304.2,-0.0,309.0,ASK
1478,1712611897.5894616,51229559.33790381,303.7,-1.174077668657463e-09,309.0,ASK
1479,1712611920.3279328,51229559.33790381,303.7,-0.0,309.0,ASK
1480,1712611941.2601762,51229579.05528797,304.3,1.173691421316703e-09,309.0,BID
1481,1712611950.299695,51229579.05528797,304.3,0.0,309.0,BID
1482,1712611955.8395212,51229743.36682263,304.3,9.780758350770294e-09,309.0,BID
1483,1712611959.0396292,51240695.85860975,304.3,6.51954689191747e-07,309.0,BID
1484,1712611965.481357,51240715.57599391,303.7,-1.1736910021279151e-09,309.0,ASK
1485,1712611970.0097554,51241417.93661983,303.7,-4.180850462836283e-08,309.0,ASK
1486,1712611970.0154862,51248389.40212519,303.7,-4.149813316544817e-07,309.0,ASK
1487,1712611973.8049507,51248409.13247704,304.1,1.1744629129410862e-09,309.0,BID
1488,1712611974.3398082,51248699.23825705,303.5,-1.7268748273653366e-08,309.0,ASK
1489,1712611974.3453915,51249856.65008857,303.5,-6.889574405096799e-08,309.0,ASK
1490,1712611980.2007334,51249856.65008857,303.5,-0.0,309.0,ASK
1491,1712611985.5992477,51249858.72754864,303.5,-1.2361689274170302e-10,309.0,ASK
1492,1712611988.3293333,51249970.14292711,303.5,6.629645074477255e-09,309.0,BID
1493,1712611988.3692403,51251584.45349699,303.7,-9.605771002989308e-08,309.0,ASK
1494,1712611996.2191727,51251604.18384884,303.3,-1.1740320928274927e-09,309.0,ASK
1495,1712612003.6893578,51251623.94018733,303.7,1.1755783978686123e-09,309.0,BID
1496,1712612010.211793,51251623.94018733,303.7,0.0,309.0,BID
1497,1712612014.2794929,51252202.705793,303.7,3.4437687747870254e-08,309.0,BID
1498,1712612031.266151,51258518.90232101,303.7,3.758260713035794e-07,309.0,BID
1499,1712612031.2684493,51262080.87503896,303.7,2.1194435713652202e-07,309.0,BID
1500,1712612032.3091333,51262100.63137745,303.4,-1.1755408568872955e-09,309.0,ASK
1501,1712612039.5857155,51262120.38771594,303.7,1.1755408568872955e-09,309.0,BID
1502,1712612040.3000734,51262120.38771594,303.7,0.0,309.0,BID
1503,1712612058.36754,51262140.14405443,303.5,-1.1753179241666687e-09,309.0,ASK
1504,1712612067.849672,51262159.10828442,303.9,1.1281948548713395e-09,309.0,BID
1505,1712612067.8545527,51262159.88790413,303.7,4.638010319237118e-11,309.0,BID
1506,1712612068.1716056,51262200.88790413,303.5,-2.4391177002981463e-09,309.0,ASK
1507,1712612070.309512,51262200.88790413,303.5,-0.0,309.0,ASK
1508,1712612075.2692726,51262436.30122678,303.9,1.400487725164683e-08,309.0,BID
1509,1712612075.27893,51262529.94351452,303.9,5.570834864317149e-09,309.0,BID
1510,1712612097.68946,51262549.68736422,303.6,-1.174573250321985e-09,309.0,ASK
1511,1712612100.212484,51262549.68736422,303.6,-0.0,309.0,ASK
