,time,acc_trade_volume,trade_price,dev,high,ask_bid
0,1712601588.5072691,895846.69018879,2425.0,0.0,2430.0,BID
1,1712601600.4165976,895846.69018879,2425.0,0.0,2430.0,BID
2,1712601630.426302,895846.69018879,2425.0,0.0,2430.0,BID
3,1712601639.9265406,895848.95823002,2425.0,1.008732606421732e-09,2430.0,BID
4,1712601660.646197,895848.95823002,2425.0,0.0,2430.0,BID
5,1712601678.9060545,895851.43245682,2420.0,-1.100432880398548e-09,2430.0,ASK
6,1712601690.6460106,895851.43245682,2420.0,-0.0,2430.0,ASK
7,1712601710.0057416,895853.90668362,2425.0,1.1004299498494667e-09,2430.0,BID
8,1712601720.41651,895853.90668362,2425.0,0.0,2430.0,BID
9,1712601738.3563094,895885.28738465,2425.0,1.3956752514116644e-08,2430.0,BID
10,1712601748.795817,895885.69975578,2419.0,-1.8340450077773547e-10,2430.0,ASK
11,1712601748.797331,895887.76161145,2420.0,-9.170225125871132e-10,2430.0,ASK
12,1712601750.3957422,895887.76161145,2420.0,-0.0,2430.0,ASK
13,1712601760.2164176,895890.23924032,2419.0,-1.1018998760115735e-09,2430.0,ASK
14,1712601760.2180717,895936.13998126,2418.0,-2.0413880933493546e-08,2430.0,ASK
15,1712601780.5266364,895938.61420806,2425.0,1.100386840418016e-09,2430.0,BID
16,1712601780.6357374,895938.61420806,2425.0,0.0,2430.0,BID
17,1712601810.6763062,895938.61420806,2425.0,0.0,2430.0,BID
18,1712601820.255901,895941.08843486,2419.0,-1.1003266584355224e-09,2430.0,ASK
19,1712601839.9061992,895943.55757066,2430.0,1.0980626125457003e-09,2430.0,BID
20,1712601840.405816,895943.55757066,2430.0,0.0,2430.0,BID
21,1712601870.4255428,895943.55757066,2430.0,0.0,2430.0,BID
22,1712601881.1352985,895946.02670646,2419.0,-1.0980567599225667e-09,2430.0,ASK
23,1712601900.4153075,895946.02670646,2419.0,-0.0,2430.0,ASK
24,1712601903.0652587,895948.49584226,2430.0,1.0980538432209434e-09,2430.0,BID
25,1712601930.433758,895948.49584226,2430.0,0.0,2430.0,BID
26,1712601952.1449804,895950.96497806,2419.0,-1.0980509133754822e-09,2430.0,ASK
27,1712601960.6352484,895950.96497806,2419.0,-0.0,2430.0,ASK
28,1712601979.194922,895953.43411386,2430.0,1.098047996756689e-09,2430.0,BID
29,1712601990.655429,895953.43411386,2430.0,0.0,2430.0,BID
30,1712602013.345034,895955.90324966,2419.0,-1.0980450668906571e-09,2430.0,ASK
31,1712602020.591716,895955.90324966,2419.0,-0.0,2430.0,ASK
32,1712602037.664647,895958.17129089,2419.0,-1.0086139729751166e-09,2430.0,ASK
33,1712602042.5648372,895960.64449781,2426.0,1.0998526061801316e-09,2430.0,BID
34,1712602050.3851187,895960.64449781,2426.0,0.0,2430.0,BID
35,1712602080.6472538,895960.64449781,2426.0,0.0,2430.0,BID
36,1712602082.4146855,895963.11770473,2419.0,-1.0998469880223728e-09,2430.0,ASK
37,1712602110.654973,895963.11770473,2419.0,-0.0,2430.0,ASK
38,1712602112.164675,895965.59091165,2426.0,1.0998440618544003e-09,2430.0,BID
39,1712602140.4045398,895965.59091165,2426.0,0.0,2430.0,BID
40,1712602149.1342945,895968.06411857,2419.0,-1.0998411272344443e-09,2430.0,ASK
41,1712602170.4146223,895968.06411857,2419.0,-0.0,2430.0,ASK
42,1712602180.0143826,895970.53732549,2426.0,1.0998382011494275e-09,2430.0,BID
43,1712602200.444555,895970.53732549,2426.0,0.0,2430.0,BID
44,1712602215.26404,895973.01053241,2419.0,-1.099835266508977e-09,2430.0,ASK
45,1712602230.4261494,895973.01053241,2419.0,-0.0,2430.0,ASK
46,1712602260.45462,895973.01053241,2419.0,-0.0,2430.0,ASK
47,1712602278.9640222,895975.48373933,2426.0,1.099832340403375e-09,2430.0,BID
48,1712602281.1938665,896022.12217629,2420.0,-2.0740060550701705e-08,2430.0,ASK
49,1712602290.4342377,896022.12217629,2420.0,-0.0,2430.0,ASK
50,1712602317.714007,896024.59538321,2420.0,-1.0997742072848143e-09,2430.0,ASK
51,1712602320.6345143,896024.59538321,2420.0,-0.0,2430.0,ASK
52,1712602350.673793,896024.59538321,2420.0,-0.0,2430.0,ASK
53,1712602352.3938916,896027.06859013,2426.0,1.0997712802946015e-09,2430.0,BID
54,1712602380.3936243,896027.06859013,2426.0,0.0,2430.0,BID
55,1712602385.7737763,896029.54179705,2420.0,-1.0997683461147927e-09,2430.0,ASK
56,1712602409.603779,896032.01500397,2426.0,1.099768346063026e-09,2430.0,BID
57,1712602410.408066,896032.01500397,2426.0,0.0,2430.0,BID
58,1712602440.6236737,896032.01500397,2426.0,0.0,2430.0,BID
59,1712602456.9536428,896034.48821089,2420.0,-1.0997624849037118e-09,2430.0,ASK
60,1712602470.7394302,896034.48821089,2420.0,-0.0,2430.0,ASK
61,1712602481.3635252,896036.96141781,2426.0,1.099759557975895e-09,2430.0,BID
62,1712602486.9234006,896042.20240357,2430.0,2.3305062492917387e-09,2430.0,BID
63,1712602486.924564,896078.17289186,2426.0,1.5994977202549948e-08,2430.0,BID
64,1712602500.5250688,896078.17289186,2426.0,0.0,2430.0,BID
65,1712602523.733672,896080.64609878,2420.0,-1.099707723294623e-09,2430.0,ASK
66,1712602530.5100954,896080.64609878,2420.0,-0.0,2430.0,ASK
67,1712602548.5042522,896083.11523458,2430.0,1.097894584140464e-09,2430.0,BID
68,1712602560.743484,896083.11523458,2430.0,0.0,2430.0,BID
69,1712602590.7375698,896083.11523458,2430.0,0.0,2430.0,BID
70,1712602592.9983966,896085.58437038,2420.0,-1.0978916550930601e-09,2430.0,ASK
71,1712602620.5328496,896085.58437038,2420.0,-0.0,2430.0,ASK
72,1712602650.4887164,896085.58437038,2420.0,-0.0,2430.0,ASK
73,1712602660.37715,896088.05350618,2430.0,1.097888738063118e-09,2430.0,BID
74,1712602680.7466402,896088.05350618,2430.0,0.0,2430.0,BID
75,1712602698.418447,896090.52264198,2420.0,-1.0978858090986703e-09,2430.0,ASK
76,1712602710.7057352,896090.52264198,2420.0,-0.0,2430.0,ASK
77,1712602728.0589442,896092.99177778,2430.0,1.0978828921515555e-09,2430.0,BID
78,1712602740.4838123,896092.99177778,2430.0,0.0,2430.0,BID
79,1712602760.2194982,896095.46091358,2420.0,-1.0978799631665367e-09,2430.0,ASK
80,1712602770.5126543,896095.46091358,2420.0,-0.0,2430.0,ASK
81,1712602782.3895683,896097.93004938,2430.0,1.0978770462504859e-09,2430.0,BID
82,1712602800.6312351,896097.93004938,2430.0,0.0,2430.0,BID
83,1712602802.6103718,896134.81504938,2430.0,1.6400553930806023e-08,2430.0,BID
84,1712602803.099818,896138.91364938,2430.0,1.822402340827805e-09,2430.0,BID
85,1712602829.2246468,896141.38278518,2420.0,-1.097877046250481e-09,2430.0,ASK
86,1712602830.5055506,896141.38278518,2420.0,-0.0,2430.0,ASK
87,1712602860.739418,896141.38278518,2420.0,-0.0,2430.0,ASK
88,1712602888.7416348,896142.1241396,2430.0,3.296205087165476e-10,2430.0,BID
89,1712602888.751174,896143.85192098,2430.0,7.682050070904663e-10,2430.0,BID
90,1712602890.723756,896143.85192098,2430.0,0.0,2430.0,BID
91,1712602920.4891407,896143.85192098,2430.0,0.0,2430.0,BID
92,1712602938.493801,896146.32105678,2420.0,-1.097822587128129e-09,2430.0,ASK
93,1712602950.539948,896146.32105678,2420.0,-0.0,2430.0,ASK
94,1712602968.4561894,896148.7942637,2426.0,1.0996297595169222e-09,2430.0,BID
95,1712602980.7279816,896148.7942637,2426.0,0.0,2430.0,BID
96,1712603010.2459364,896151.26747062,2420.0,-1.099626826040463e-09,2430.0,ASK
97,1712603010.7498238,896151.26747062,2420.0,-0.0,2430.0,ASK
98,1712603038.8635285,896153.74067754,2426.0,1.099623899834691e-09,2430.0,BID
99,1712603040.5157976,896153.74067754,2426.0,0.0,2430.0,BID
100,1712603070.5933206,896153.74067754,2426.0,0.0,2430.0,BID
101,1712603079.9639478,896156.21388446,2420.0,-1.0996209664412551e-09,2430.0,ASK
102,1712603100.7148678,896156.21388446,2420.0,-0.0,2430.0,ASK
103,1712603100.7195518,896158.68709138,2426.0,1.105353571998685e-09,2430.0,BID
104,1712603130.753043,896158.68709138,2426.0,0.0,2430.0,BID
105,1712603146.0247295,896161.1602983,2420.0,-1.105350607904018e-09,2430.0,ASK
106,1712603160.4982395,896161.1602983,2420.0,-0.0,2430.0,ASK
107,1712603167.254836,896163.63350522,2426.0,1.1053476511560083e-09,2430.0,BID
108,1712603190.483312,896163.63350522,2426.0,0.0,2430.0,BID
109,1712603216.5154257,896166.10671214,2420.0,-1.1053446871451251e-09,2430.0,ASK
110,1712603220.7302346,896166.10671214,2420.0,-0.0,2430.0,ASK
111,1712603227.315649,896170.0157337,2420.0,-1.7470453524578601e-09,2430.0,ASK
112,1712603227.3251345,896203.05706427,2420.0,-1.4767046465600714e-08,2430.0,ASK
113,1712603227.3262482,896206.55978658,2419.0,-1.5654594477831795e-09,2430.0,ASK
114,1712603236.8953738,896209.0329935,2426.0,1.105341730376761e-09,2430.0,BID
115,1712603250.7686098,896209.0329935,2426.0,0.0,2430.0,BID
116,1712603280.5146716,896209.0329935,2426.0,0.0,2430.0,BID
117,1712603284.8655872,896211.50620042,2419.0,-1.1052904089714007e-09,2430.0,ASK
118,1712603310.5037737,896211.50620042,2419.0,-0.0,2430.0,ASK
119,1712603314.2461877,896213.97940734,2426.0,1.105287453819126e-09,2430.0,BID
120,1712603340.7831843,896213.97940734,2426.0,0.0,2430.0,BID
121,1712603340.8463635,896373.98411088,2426.0,7.150664011418721e-08,2430.0,BID
122,1712603340.8489816,896652.94566843,2426.0,1.2466885822796132e-07,2430.0,BID
123,1712603352.446678,896655.41887535,2419.0,-1.10528449007905e-09,2430.0,ASK
124,1712603370.733743,896655.41887535,2419.0,-0.0,2430.0,ASK
125,1712603374.4263048,896657.88902767,2429.0,1.103391300977367e-09,2430.0,BID
126,1712603395.7167175,896664.9621419,2429.0,3.1594864207290993e-09,2430.0,BID
127,1712603395.856295,896666.12369214,2429.0,-5.188523882117761e-10,2430.0,ASK
128,1712603400.549746,896666.12369214,2429.0,-0.0,2430.0,ASK
129,1712603420.087056,896668.59384446,2419.0,-1.1033784854321772e-09,2430.0,ASK
130,1712603430.5070996,896668.59384446,2419.0,-0.0,2430.0,ASK
131,1712603446.5866716,896671.06298026,2430.0,1.102921478053498e-09,2430.0,BID
132,1712603460.7145617,896671.06298026,2430.0,0.0,2430.0,BID
133,1712603480.1571474,896673.53211606,2419.0,-1.1029185221224586e-09,2430.0,ASK
134,1712603490.7805862,896673.53211606,2419.0,-0.0,2430.0,ASK
135,1712603510.7770624,896676.00125186,2430.0,1.102915579587913e-09,2430.0,BID
136,1712603520.5052657,896676.00125186,2430.0,0.0,2430.0,BID
137,1712603544.9900866,896711.03268352,2419.0,-1.564782633794429e-08,2430.0,ASK
138,1712603546.698919,896713.50181932,2419.0,-1.1029126236884907e-09,2430.0,ASK
139,1712603550.5180595,896713.50181932,2419.0,-0.0,2430.0,ASK
140,1712603567.6673768,896715.97095512,2430.0,1.102867935438336e-09,2430.0,BID
141,1712603577.3976085,896723.0703049,2430.0,3.171006323191021e-09,2430.0,BID
142,1712603580.5580723,896723.0703049,2430.0,0.0,2430.0,BID
143,1712603610.4952936,896723.0703049,2430.0,0.0,2430.0,BID
144,1712603613.427985,896725.5394407,2419.0,-1.10285648170641e-09,2430.0,ASK
145,1712603640.7444832,896725.5394407,2419.0,-0.0,2430.0,ASK
146,1712603644.0176013,896728.0085765,2430.0,1.1028535395028978e-09,2430.0,BID
147,1712603670.7445447,896728.0085765,2430.0,0.0,2430.0,BID
148,1712603677.928195,896730.4777123,2419.0,-1.1028505839360094e-09,2430.0,ASK
149,1712603700.5655146,896730.4777123,2419.0,-0.0,2430.0,ASK
150,1712603701.388009,896732.9468481,2430.0,1.1028476417639647e-09,2430.0,BID
151,1712603730.498629,896732.9468481,2430.0,0.0,2430.0,BID
152,1712603760.7536905,896732.9468481,2430.0,0.0,2430.0,BID
153,1712603784.5582387,896735.4159839,2419.0,-1.10284468617669e-09,2430.0,ASK
154,1712603790.787393,896735.4159839,2419.0,-0.0,2430.0,ASK
155,1712603813.7784116,896835.4159839,2429.0,4.466509067973992e-08,2430.0,BID
156,1712603813.8463726,897041.9481849,2429.0,-9.224779485952328e-08,2430.0,ASK
157,1712603813.8484707,897041.94818506,2429.0,-7.14958874562783e-17,2430.0,ASK
158,1712603820.5237756,897041.94818506,2429.0,-0.0,2430.0,ASK
159,1712603850.4087007,897044.41833738,2429.0,1.1029289820462623e-09,2430.0,BID
160,1712603850.528924,897044.41833738,2429.0,0.0,2430.0,BID
161,1712603880.775128,897044.41833738,2429.0,0.0,2430.0,BID
162,1712603886.3829718,897046.8884897,2419.0,-1.1029260272914454e-09,2430.0,ASK
163,1712603909.0687504,897049.3576255,2430.0,1.1024721498343367e-09,2430.0,BID
164,1712603910.7373328,897049.3576255,2430.0,0.0,2430.0,BID
165,1712603940.4894004,897049.3576255,2430.0,0.0,2430.0,BID
166,1712603947.949009,897135.53331565,2430.0,3.8477345147233386e-08,2430.0,BID
167,1712603947.951487,897149.3576255,2430.0,6.172538225045283e-09,2430.0,BID
168,1712603956.628898,897151.8267613,2419.0,-1.102466255015364e-09,2430.0,ASK
169,1712603970.485359,897151.8267613,2419.0,-0.0,2430.0,ASK
170,1712603989.0888753,897154.2958971,2430.0,1.1023437117833943e-09,2430.0,BID
171,1712604000.544162,897154.2958971,2430.0,0.0,2430.0,BID
172,1712604026.3588085,897156.7650329,2419.0,-1.102447544956043e-09,2430.0,ASK
173,1712604030.5062823,897156.7650329,2419.0,-0.0,2430.0,ASK
174,1712604056.959532,897159.2341687,2430.0,1.1024446048820696e-09,2430.0,BID
175,1712604060.77304,897159.2341687,2430.0,0.0,2430.0,BID
176,1712604090.7940395,897159.2341687,2430.0,0.0,2430.0,BID
177,1712604094.3692324,897161.7033045,2419.0,-1.1024416515585798e-09,2430.0,ASK
178,1712604120.5257614,897161.7033045,2419.0,-0.0,2430.0,ASK
179,1712604123.8592978,897164.1724403,2430.0,1.1024387115680179e-09,2430.0,BID
180,1712604150.5284102,897164.1724403,2430.0,0.0,2430.0,BID
181,1712604157.1591432,897166.6415761,2419.0,-1.102435758224125e-09,2430.0,ASK
182,1712604180.7351289,897166.6415761,2419.0,-0.0,2430.0,ASK
183,1712604190.634117,897169.1107119,2430.0,1.102432818264996e-09,2430.0,BID
184,1712604210.7834225,897169.1107119,2430.0,0.0,2430.0,BID
185,1712604223.3295524,897171.5798477,2419.0,-1.1024298649007015e-09,2430.0,ASK
186,1712604240.489894,897171.5798477,2419.0,-0.0,2430.0,ASK
187,1712604253.1495404,897174.0489835,2430.0,1.102426925024981e-09,2430.0,BID
188,1712604270.5254135,897174.0489835,2430.0,0.0,2430.0,BID
189,1712604291.7322736,897176.5181193,2419.0,-1.1024239717442395e-09,2430.0,ASK
190,1712604300.7444196,897176.5181193,2419.0,-0.0,2430.0,ASK
191,1712604323.047638,897178.9872551,2430.0,1.102421031847973e-09,2430.0,BID
192,1712604330.7418137,897178.9872551,2430.0,0.0,2430.0,BID
193,1712604360.5634918,897178.9872551,2430.0,0.0,2430.0,BID
194,1712604361.5902405,897181.4563909,2419.0,-1.1024180785468283e-09,2430.0,ASK
195,1712604390.52117,897181.4563909,2419.0,-0.0,2430.0,ASK
196,1712604391.8307426,897183.92654322,2429.0,1.102868992668145e-09,2430.0,BID
197,1712604420.5115466,897183.92654322,2429.0,0.0,2430.0,BID
198,1712604432.2802,897186.39669554,2419.0,-1.10286603828672e-09,2430.0,ASK
199,1712604450.5200071,897186.39669554,2419.0,-0.0,2430.0,ASK
200,1712604462.5198298,897188.86684786,2429.0,1.1028630959802403e-09,2430.0,BID
201,1712604480.732828,897188.86684786,2429.0,0.0,2430.0,BID
202,1712604498.8999856,897191.33700018,2419.0,-1.102860141578431e-09,2430.0,ASK
203,1712604510.7404373,897191.33700018,2419.0,-0.0,2430.0,ASK
204,1712604528.0633712,897193.8071525,2429.0,1.1028571993553903e-09,2430.0,BID
205,1712604540.5486338,897193.8071525,2429.0,0.0,2430.0,BID
206,1712604549.639957,897195.86767123,2429.0,9.199642507158671e-10,2430.0,BID
207,1712604557.5101242,897311.05317795,2430.0,5.1427122132840336e-08,2430.0,BID
208,1712604557.51318,897375.82327123,2430.0,2.8918043532716608e-08,2430.0,BID
209,1712604567.0302525,897378.29342355,2419.0,-1.1028542449851736e-09,2430.0,ASK
210,1712604570.515654,897378.29342355,2419.0,-0.0,2430.0,ASK
211,1712604596.5003598,897380.76255935,2430.0,1.102179805586019e-09,2430.0,BID
212,1712604600.6344154,897380.76255935,2430.0,0.0,2430.0,BID
213,1712604630.5493495,897380.76255935,2430.0,0.0,2430.0,BID
214,1712604636.6599214,897383.23169515,2419.0,-1.1125853851381367e-09,2430.0,ASK
215,1712604657.690318,897385.70083095,2430.0,1.1125853851381367e-09,2430.0,BID
216,1712604660.764601,897385.70083095,2430.0,0.0,2430.0,BID
217,1712604690.7787504,897385.70083095,2430.0,0.0,2430.0,BID
218,1712604703.1802394,897388.16996675,2419.0,-1.1125793828016488e-09,2430.0,ASK
219,1712604720.4940147,897388.16996675,2419.0,-0.0,2430.0,ASK
220,1712604724.780198,897390.63910255,2430.0,1.1125763885444191e-09,2430.0,BID
221,1712604750.5394697,897390.63910255,2430.0,0.0,2430.0,BID
222,1712604776.0504277,897393.10823835,2419.0,-1.1125733806348359e-09,2430.0,ASK
223,1712604780.563866,897393.10823835,2419.0,-0.0,2430.0,ASK
224,1712604796.2583437,897476.60283835,2430.0,3.7621915886403846e-08,2430.0,BID
225,1712604810.5177786,897476.60283835,2430.0,0.0,2430.0,BID
226,1712604825.360295,897576.84695497,2430.0,4.516496840754876e-08,2430.0,BID
227,1712604829.6109278,897579.31609077,2430.0,1.1124686830211803e-09,2430.0,BID
228,1712604840.7958655,897579.31609077,2430.0,0.0,2430.0,BID
229,1712604870.73495,897579.31609077,2430.0,0.0,2430.0,BID
230,1712604900.495519,897579.31609077,2430.0,0.0,2430.0,BID
231,1712604904.4807255,897581.78522657,2419.0,-1.1123435953954867e-09,2430.0,ASK
232,1712604926.780723,897584.25436237,2430.0,1.1123435953954867e-09,2430.0,BID
233,1712604930.4970975,897584.25436237,2430.0,0.0,2430.0,BID
234,1712604960.7436671,897584.25436237,2430.0,0.0,2430.0,BID
235,1712604990.7367284,897584.25436237,2430.0,0.0,2430.0,BID
236,1712605007.3206751,897586.72349817,2419.0,-1.112337595720026e-09,2430.0,ASK
237,1712605020.611631,897586.72349817,2419.0,-0.0,2430.0,ASK
238,1712605031.2706568,897589.19263397,2430.0,1.112334602659206e-09,2430.0,BID
239,1712605050.5334084,897589.19263397,2430.0,0.0,2430.0,BID
240,1712605077.651311,897591.66176977,2420.0,-1.112331596109286e-09,2430.0,ASK
241,1712605080.7222347,897591.66176977,2420.0,-0.0,2430.0,ASK
242,1712605110.748196,897591.66176977,2420.0,-0.0,2430.0,ASK
243,1712605111.901414,897594.13090557,2430.0,1.1123286018959232e-09,2430.0,BID
244,1712605140.5080757,897594.13090557,2430.0,0.0,2430.0,BID
245,1712605151.7212386,897596.60004137,2420.0,-1.1123255953259972e-09,2430.0,ASK
246,1712605170.513312,897596.60004137,2420.0,-0.0,2430.0,ASK
247,1712605187.141323,897599.06917717,2430.0,1.112322601144941e-09,2430.0,BID
248,1712605200.559253,897599.06917717,2430.0,0.0,2430.0,BID
249,1712605225.7010598,897601.53831297,2420.0,-1.1126734898017995e-09,2430.0,ASK
250,1712605230.5176828,897601.53831297,2420.0,-0.0,2430.0,ASK
251,1712605260.7850542,897601.53831297,2420.0,-0.0,2430.0,ASK
252,1712605262.4910398,897604.00744877,2430.0,1.1126704937999736e-09,2430.0,BID
253,1712605290.743436,897604.00744877,2430.0,0.0,2430.0,BID
254,1712605300.5815248,897606.47658457,2420.0,-1.112667485381532e-09,2430.0,ASK
255,1712605320.517777,897606.47658457,2420.0,-0.0,2430.0,ASK
256,1712605334.201331,897608.94572037,2430.0,1.1126644893595816e-09,2430.0,BID
257,1712605350.5297756,897608.94572037,2430.0,0.0,2430.0,BID
258,1712605370.9512649,897611.41485617,2420.0,-1.1126614809211495e-09,2430.0,ASK
259,1712605380.727424,897611.41485617,2420.0,-0.0,2430.0,ASK
260,1712605396.271041,897613.88399197,2430.0,1.1126584849839942e-09,2430.0,BID
261,1712605405.9715009,898108.04839526,2430.0,2.226836678207893e-07,2430.0,BID
262,1712605410.7758336,898108.04839526,2430.0,0.0,2430.0,BID
263,1712605440.5111945,898108.04839526,2430.0,0.0,2430.0,BID
264,1712605440.6117418,898110.51753106,2420.0,-1.112053722287377e-09,2430.0,ASK
265,1712605470.5113142,898110.51753106,2420.0,-0.0,2430.0,ASK
266,1712605476.271526,898112.98666686,2430.0,1.1120507295173755e-09,2430.0,BID
267,1712605500.527366,898112.98666686,2430.0,0.0,2430.0,BID
268,1712605520.5513685,898115.45580266,2420.0,-1.112047724501842e-09,2430.0,ASK
269,1712605530.5413616,898115.45580266,2420.0,-0.0,2430.0,ASK
270,1712605543.4213731,898117.92493846,2430.0,1.1120447318165531e-09,2430.0,BID
271,1712605560.7656684,898117.92493846,2430.0,0.0,2430.0,BID
272,1712605590.7579134,898117.92493846,2430.0,0.0,2430.0,BID
273,1712605594.0119154,898120.39407426,2420.0,-1.1120417267810038e-09,2430.0,ASK
274,1712605620.520892,898120.39407426,2420.0,-0.0,2430.0,ASK
275,1712605623.7415335,898122.86321006,2430.0,1.1120387341279962e-09,2430.0,BID
276,1712605650.534799,898122.86321006,2430.0,0.0,2430.0,BID
277,1712605665.591441,898125.33234586,2420.0,-1.1120357290724311e-09,2430.0,ASK
278,1712605680.7624917,898125.33234586,2420.0,-0.0,2430.0,ASK
279,1712605687.4314394,898127.80148166,2430.0,1.1120327365041347e-09,2430.0,BID
280,1712605710.7840722,898127.80148166,2430.0,0.0,2430.0,BID
281,1712605733.911715,898130.27061746,2420.0,-1.112029731533414e-09,2430.0,ASK
282,1712605740.5121267,898130.27061746,2420.0,-0.0,2430.0,ASK
283,1712605770.5168867,898130.27061746,2420.0,-0.0,2430.0,ASK
284,1712605800.5508862,898130.27061746,2420.0,-0.0,2430.0,ASK
285,1712605818.7216206,898132.73975326,2430.0,1.112026738944967e-09,2430.0,BID
286,1712605830.548545,898132.73975326,2430.0,0.0,2430.0,BID
287,1712605860.7345564,898132.73975326,2430.0,0.0,2430.0,BID
288,1712605864.9617944,898135.20888906,2420.0,-1.1120237339542303e-09,2430.0,ASK
289,1712605869.781812,898177.04989324,2420.0,-1.8843916848293127e-08,2430.0,ASK
290,1712605890.5919173,898179.51902904,2430.0,1.1120237340066601e-09,2430.0,BID
291,1712605890.7823937,898179.51902904,2430.0,0.0,2430.0,BID
292,1712605920.5344062,898179.51902904,2430.0,0.0,2430.0,BID
293,1712605931.4119134,898181.98816484,2420.0,-1.1119670285876595e-09,2430.0,ASK
294,1712605950.562312,898181.98816484,2420.0,-0.0,2430.0,ASK
295,1712605980.7231886,898181.98816484,2420.0,-0.0,2430.0,ASK
296,1712605991.8845303,898184.45730064,2430.0,1.1119640362842563e-09,2430.0,BID
297,1712606010.741897,898184.45730064,2430.0,0.0,2430.0,BID
298,1712606030.5820818,898186.92643644,2420.0,-1.1119610317372383e-09,2430.0,ASK
299,1712606040.5183337,898186.92643644,2420.0,-0.0,2430.0,ASK
300,1712606057.8169954,898189.39557224,2430.0,1.1119580395185367e-09,2430.0,BID
301,1712606070.5037792,898189.39557224,2430.0,0.0,2430.0,BID
302,1712606096.1723282,898191.86470804,2420.0,-1.111955034951499e-09,2430.0,ASK
303,1712606100.5262778,898191.86470804,2420.0,-0.0,2430.0,ASK
304,1712606122.3652294,898194.33384384,2430.0,1.111952042765071e-09,2430.0,BID
305,1712606130.544673,898194.33384384,2430.0,0.0,2430.0,BID
306,1712606156.5621848,898196.80297964,2420.0,-1.111949038178014e-09,2430.0,ASK
307,1712606160.7481728,898196.80297964,2420.0,-0.0,2430.0,ASK
308,1712606190.7424483,898196.80297964,2420.0,-0.0,2430.0,ASK
309,1712606209.532516,898199.27211544,2430.0,1.1119460460762862e-09,2430.0,BID
310,1712606220.5446355,898199.27211544,2430.0,0.0,2430.0,BID
311,1712606250.506808,898199.27211544,2430.0,0.0,2430.0,BID
312,1712606251.882399,898201.74125124,2420.0,-1.1119430415740615e-09,2430.0,ASK
313,1712606280.771242,898201.74125124,2420.0,-0.0,2430.0,ASK
314,1712606281.3626192,898204.21038704,2430.0,1.11194004945218e-09,2430.0,BID
315,1712606308.6947389,898212.44505151,2430.0,3.708363556935707e-09,2430.0,BID
316,1712606308.6987453,899257.11131958,2430.0,4.704505364856552e-07,2430.0,BID
317,1712606308.702283,899358.27656382,2430.0,4.555832315168117e-08,2430.0,BID
318,1712606310.7838912,899358.27656382,2430.0,0.0,2430.0,BID
319,1712606317.4623966,899360.74569962,2420.0,-1.1105345404278503e-09,2430.0,ASK
320,1712606321.3825946,899360.74570016,2429.0,-2.428966974777345e-16,2430.0,ASK
321,1712606321.3862634,899434.45153916,2429.0,-3.3150416449247994e-08,2430.0,ASK
322,1712606340.5037355,899434.45153916,2429.0,-0.0,2430.0,ASK
323,1712606355.6990194,899525.02379111,2429.0,4.073297440427855e-08,2430.0,BID
324,1712606370.5060697,899525.02379111,2429.0,0.0,2430.0,BID
325,1712606376.942448,899527.49292691,2430.0,1.1103322839829556e-09,2430.0,BID
326,1712606400.6568654,899527.49292691,2430.0,0.0,2430.0,BID
327,1712606421.3026762,899529.96206271,2419.0,-1.110329288142881e-09,2430.0,ASK
328,1712606430.5246758,899529.96206271,2419.0,-0.0,2430.0,ASK
329,1712606460.767437,899529.96206271,2419.0,-0.0,2430.0,ASK
330,1712606480.312774,899532.43221503,2429.0,1.1107834168719955e-09,2430.0,BID
331,1712606490.7469566,899532.43221503,2429.0,0.0,2430.0,BID
332,1712606517.5026407,899534.90236735,2419.0,-1.1107804198832095e-09,2430.0,ASK
333,1712606520.5503302,899534.90236735,2419.0,-0.0,2430.0,ASK
334,1712606550.5711973,899534.90236735,2419.0,-0.0,2430.0,ASK
335,1712606570.0425484,899537.37251967,2429.0,1.1107774353012104e-09,2430.0,BID
336,1712606580.5269566,899537.37251967,2429.0,0.0,2430.0,BID
337,1712606610.5261595,899537.37251967,2429.0,0.0,2430.0,BID
338,1712606614.0878088,899539.84267199,2419.0,-1.110774438292352e-09,2430.0,ASK
339,1712606640.7661555,899539.84267199,2419.0,-0.0,2430.0,ASK
340,1712606642.7817142,899542.31282431,2429.0,1.110771453690148e-09,2430.0,BID
341,1712606670.7374055,899542.31282431,2429.0,0.0,2430.0,BID
342,1712606679.1525235,899544.78297663,2419.0,-1.1107684567659168e-09,2430.0,ASK
343,1712606699.4699976,899547.25312895,2429.0,1.1107684567659168e-09,2430.0,BID
344,1712606700.5268674,899547.25312895,2429.0,0.0,2430.0,BID
345,1712606730.5080554,899547.25312895,2429.0,0.0,2430.0,BID
346,1712606749.1793897,899549.72328127,2419.0,-1.110782680662531e-09,2430.0,ASK
347,1712606760.7524712,899549.72328127,2419.0,-0.0,2430.0,ASK
348,1712606774.3889806,899552.19343359,2429.0,1.1107796960160327e-09,2430.0,BID
349,1712606790.760851,899552.19343359,2429.0,0.0,2430.0,BID
350,1712606815.777105,899554.66358591,2419.0,-1.110776699047325e-09,2430.0,ASK
351,1712606820.470177,899554.66358591,2419.0,-0.0,2430.0,ASK
352,1712606841.4564338,899557.13373823,2429.0,1.1107737144329714e-09,2430.0,BID
353,1712606850.495176,899557.13373823,2429.0,0.0,2430.0,BID
354,1712606877.3858926,899559.60389055,2419.0,-1.1107707174965414e-09,2430.0,ASK
355,1712606880.759012,899559.60389055,2419.0,-0.0,2430.0,ASK
356,1712606906.705075,899562.07404287,2429.0,1.110767732914332e-09,2430.0,BID
357,1712606910.7425566,899562.07404287,2429.0,0.0,2430.0,BID
358,1712606940.56748,899562.07404287,2429.0,0.0,2430.0,BID
359,1712606944.217735,899564.54419519,2419.0,-1.1107647360101783e-09,2430.0,ASK
360,1712606970.6336825,899564.54419519,2419.0,-0.0,2430.0,ASK
361,1712606971.0139432,899567.01434751,2429.0,1.110761751460113e-09,2430.0,BID
362,1712607000.63641,899567.01434751,2429.0,0.0,2430.0,BID
363,1712607011.3333776,899569.48449983,2419.0,-1.110808704616674e-09,2430.0,ASK
364,1712607030.513473,899569.48449983,2419.0,-0.0,2430.0,ASK
365,1712607060.7367404,899569.48449983,2419.0,-0.0,2430.0,ASK
366,1712607070.5425758,899571.95465215,2429.0,1.110805719777972e-09,2430.0,BID
367,1712607090.7280347,899571.95465215,2429.0,0.0,2430.0,BID
368,1712607108.3119678,899574.42480447,2419.0,-1.1108027226688344e-09,2430.0,ASK
369,1712607120.4900022,899574.42480447,2419.0,-0.0,2430.0,ASK
370,1712607135.9616373,899576.89495679,2429.0,1.1107997379146307e-09,2430.0,BID
371,1712607150.5237467,899576.89495679,2429.0,0.0,2430.0,BID
372,1712607170.971062,899579.36510911,2419.0,-1.110796740837773e-09,2430.0,ASK
373,1712607180.753088,899579.36510911,2419.0,-0.0,2430.0,ASK
374,1712607210.7380276,899579.36510911,2419.0,-0.0,2430.0,ASK
375,1712607234.6502333,899581.83526143,2429.0,1.1107937561157154e-09,2430.0,BID
376,1712607240.4911134,899581.83526143,2429.0,0.0,2430.0,BID
377,1712607270.541059,899581.83526143,2429.0,0.0,2430.0,BID
378,1712607272.6198976,899584.30541375,2419.0,-1.110790759071137e-09,2430.0,ASK
379,1712607293.9531343,899586.77556607,2429.0,1.110790759071137e-09,2430.0,BID
380,1712607300.5079465,899586.77556607,2429.0,0.0,2430.0,BID
381,1712607330.489493,899586.77556607,2429.0,0.0,2430.0,BID
382,1712607337.7190695,899589.24571839,2419.0,-1.1107847773689258e-09,2430.0,ASK
383,1712607360.781577,899589.24571839,2419.0,-0.0,2430.0,ASK
384,1712607366.0188603,899591.71688807,2428.0,1.1112392806863108e-09,2430.0,BID
385,1712607390.7446198,899591.71688807,2428.0,0.0,2430.0,BID
386,1712607396.9747846,899594.34804333,2428.0,1.1831786434616907e-09,2430.0,BID
387,1712607404.3782878,899596.81921301,2419.0,-1.11123628247195e-09,2430.0,ASK
388,1712607420.5115848,899596.81921301,2419.0,-0.0,2430.0,ASK
389,1712607432.0684063,899599.29140089,2427.0,1.111687964998637e-09,2430.0,BID
390,1712607450.5063508,899599.29140089,2427.0,0.0,2430.0,BID
391,1712607470.447932,899601.76358877,2419.0,-1.1116849655984603e-09,2430.0,ASK
392,1712607473.4382966,899906.6599146,2419.0,-1.3710473392369885e-07,2430.0,ASK
393,1712607473.443715,900839.58974096,2419.0,-4.1951668411999924e-07,2430.0,ASK
394,1712607480.7658236,900839.58974096,2419.0,-0.0,2430.0,ASK
395,1712607497.6578066,900841.23786623,2427.0,7.401247738097115e-10,2430.0,BID
396,1712607497.6628716,900842.06158944,2428.0,3.699099611101408e-10,2430.0,BID
397,1712607510.7103975,900842.06158944,2428.0,0.0,2430.0,BID
398,1712607534.467243,900844.53343792,2419.0,-1.1100317440757243e-09,2430.0,ASK
399,1712607537.3173225,900852.77067021,2428.0,3.699089729398778e-09,2430.0,BID
400,1712607540.5199192,900852.77067021,2428.0,0.0,2430.0,BID
401,1712607562.8469405,900855.24183989,2428.0,1.1097139691420307e-09,2430.0,BID
402,1712607570.5408623,900855.24183989,2428.0,0.0,2430.0,BID
403,1712607598.4266942,900857.71300957,2419.0,-1.1097109791528404e-09,2430.0,ASK
404,1712607600.5489848,900857.71300957,2419.0,-0.0,2430.0,ASK
405,1712607627.4667337,900860.18417925,2428.0,1.110094236254981e-09,2430.0,BID
406,1712607630.4667914,900860.18417925,2428.0,0.0,2430.0,BID
407,1712607660.529346,900860.18417925,2428.0,0.0,2430.0,BID
408,1712607661.0865848,900862.65534893,2419.0,-1.110091244216275e-09,2430.0,ASK
409,1712607690.5358806,900862.65534893,2419.0,-0.0,2430.0,ASK
410,1712607720.7527409,900862.65534893,2419.0,-0.0,2430.0,ASK
411,1712607748.4658563,900865.12651861,2428.0,1.1100882632843623e-09,2430.0,BID
412,1712607750.728299,900865.12651861,2428.0,0.0,2430.0,BID
413,1712607780.5018106,900865.12651861,2428.0,0.0,2430.0,BID
414,1712607796.415573,900867.59768829,2419.0,-1.1100852712778543e-09,2430.0,ASK
415,1712607810.5120072,900867.59768829,2419.0,-0.0,2430.0,ASK
416,1712607823.4052286,900870.06885797,2428.0,1.110082290325724e-09,2430.0,BID
417,1712607840.7071297,900870.06885797,2428.0,0.0,2430.0,BID
418,1712607860.0953274,900872.54002765,2419.0,-1.1100792984037087e-09,2430.0,ASK
419,1712607870.7374215,900872.54002765,2419.0,-0.0,2430.0,ASK
420,1712607887.2868476,900875.01119733,2428.0,1.1100763175359515e-09,2430.0,BID
421,1712607900.536094,900875.01119733,2428.0,0.0,2430.0,BID
422,1712607922.3646207,900877.48236701,2419.0,-1.1103882874473615e-09,2430.0,ASK
423,1712607930.547991,900877.48236701,2419.0,-0.0,2430.0,ASK
424,1712607931.1150637,901177.48236701,2419.0,-1.348007763978951e-07,2430.0,ASK
425,1712607951.2445874,901179.95353669,2428.0,1.1103853049199343e-09,2430.0,BID
426,1712607960.7230313,901179.95353669,2428.0,0.0,2430.0,BID
427,1712607984.447518,901182.42470637,2419.0,-1.1100203534342252e-09,2430.0,ASK
428,1712607990.7540488,901182.42470637,2419.0,-0.0,2430.0,ASK
429,1712608020.518413,901182.42470637,2419.0,-0.0,2430.0,ASK
430,1712608050.511624,901182.42470637,2419.0,-0.0,2430.0,ASK
431,1712608080.7702243,901182.42470637,2419.0,-0.0,2430.0,ASK
432,1712608081.674126,901184.89587605,2428.0,1.1100173728830255e-09,2430.0,BID
433,1712608110.7374346,901184.89587605,2428.0,0.0,2430.0,BID
434,1712608119.4838471,901187.36704573,2419.0,-1.110014381258645e-09,2430.0,ASK
435,1712608140.5191195,901187.36704573,2419.0,-0.0,2430.0,ASK
436,1712608146.8639293,901189.83821541,2428.0,1.1100114007395175e-09,2430.0,BID
437,1712608170.511574,901189.83821541,2428.0,0.0,2430.0,BID
438,1712608185.4533043,901192.30938509,2421.0,-1.1100084091473283e-09,2430.0,ASK
439,1712608185.5733469,901338.07881846,2421.0,-6.547721030504416e-08,2430.0,ASK
440,1712608185.673459,901411.22718783,2421.0,3.285703356310696e-08,2430.0,BID
441,1712608200.8286853,901411.22718783,2421.0,0.0,2430.0,BID
442,1712608202.4432528,901417.5797848,2428.0,2.852794309104029e-09,2430.0,BID
443,1712608202.44718,901452.12688783,2428.0,1.5514250217141852e-08,2430.0,BID
444,1712608230.7344463,901452.12688783,2428.0,0.0,2430.0,BID
445,1712608243.404778,901454.59805751,2428.0,1.1096917470050872e-09,2430.0,BID
446,1712608260.5294187,901454.59805751,2428.0,0.0,2430.0,BID
447,1712608281.8727877,901457.06922719,2419.0,-1.1096887571356452e-09,2430.0,ASK
448,1712608286.4231112,901481.79533448,2419.0,-1.1103358660249133e-08,2430.0,ASK
449,1712608287.8330257,901524.54540791,2419.0,-1.91970936823161e-08,2430.0,ASK
450,1712608290.5336983,901524.54540791,2419.0,-0.0,2430.0,ASK
451,1712608308.3028347,901527.01759579,2427.0,1.1100616402107895e-09,2430.0,BID
452,1712608320.7499294,901527.01759579,2427.0,0.0,2430.0,BID
453,1712608345.7028787,901529.48978367,2419.0,-1.1100586496322963e-09,2430.0,ASK
454,1712608350.7738988,901529.48978367,2419.0,-0.0,2430.0,ASK
455,1712608354.8627715,901548.81624655,2419.0,-8.677920416980848e-09,2430.0,ASK
456,1712608354.8686786,901550.86482039,2419.0,-9.198455435343463e-10,2430.0,ASK
457,1712608374.9327295,901553.33700827,2427.0,1.1100556688231606e-09,2430.0,BID
458,1712608380.4919598,901553.33700827,2427.0,0.0,2430.0,BID
459,1712608410.5047407,901553.33700827,2427.0,0.0,2430.0,BID
460,1712608415.6122131,901555.80919615,2419.0,-1.1100269068561736e-09,2430.0,ASK
461,1712608440.550786,901555.80919615,2419.0,-0.0,2430.0,ASK
462,1712608441.0936077,901563.66569172,2427.0,3.527603273816345e-09,2430.0,BID
463,1712608441.702062,901584.15533082,2427.0,9.199943833136725e-09,2430.0,BID
464,1712608442.2222264,901586.6275187,2427.0,1.110023926217509e-09,2430.0,BID
465,1712608470.525853,901586.6275187,2427.0,0.0,2430.0,BID
466,1712608481.3323066,901589.09970658,2419.0,-1.1099866487169308e-09,2430.0,ASK
467,1712608500.5677755,901589.09970658,2419.0,-0.0,2430.0,ASK
468,1712608530.5260355,901589.09970658,2419.0,-0.0,2430.0,ASK
469,1712608536.5218985,901591.57189446,2427.0,1.1099836682944627e-09,2430.0,BID
470,1712608560.7384808,901591.57189446,2427.0,0.0,2430.0,BID
471,1712608584.391662,901594.04408234,2419.0,-1.1099806780838116e-09,2430.0,ASK
472,1712608590.703307,901594.04408234,2419.0,-0.0,2430.0,ASK
473,1712608591.1316724,901615.41911906,2419.0,-9.597091806852102e-09,2430.0,ASK
474,1712608602.2914848,901617.89130694,2427.0,1.1099776977456752e-09,2430.0,BID
475,1712608620.4867525,901617.89130694,2427.0,0.0,2430.0,BID
476,1712608650.495855,901617.89130694,2427.0,0.0,2430.0,BID
477,1712608652.8759422,901620.36349482,2419.0,-1.1099489397667511e-09,2430.0,ASK
478,1712608671.0714593,901621.2710691,2427.0,4.0747756999583215e-10,2430.0,BID
479,1712608671.0812037,901622.8356827,2427.0,7.024713698231864e-10,2430.0,BID
480,1712608680.7551272,901622.8356827,2427.0,0.0,2430.0,BID
481,1712608710.7507422,901622.8356827,2427.0,0.0,2430.0,BID
482,1712608725.3420577,901625.30787058,2419.0,-1.109942969591563e-09,2430.0,ASK
483,1712608740.4850445,901625.30787058,2419.0,-0.0,2430.0,ASK
484,1712608741.2225287,901627.78005846,2427.0,1.10993998945592e-09,2430.0,BID
485,1712608770.4979572,901627.78005846,2427.0,0.0,2430.0,BID
486,1712608786.6027966,901630.25224634,2419.0,-1.109936999532866e-09,2430.0,ASK
487,1712608800.5626132,901630.25224634,2419.0,-0.0,2430.0,ASK
488,1712608805.0706248,901632.72443422,2427.0,1.109934019377015e-09,2430.0,BID
489,1712608830.5071871,901632.72443422,2427.0,0.0,2430.0,BID
490,1712608848.557513,901635.1966221,2419.0,-1.1099310294338583e-09,2430.0,ASK
491,1712608860.7637284,901635.1966221,2419.0,-0.0,2430.0,ASK
492,1712608869.9932847,901637.66880998,2427.0,1.1099280494145984e-09,2430.0,BID
493,1712608890.7179742,901637.66880998,2427.0,0.0,2430.0,BID
494,1712608918.543569,901640.14099786,2419.0,-1.1099250594513394e-09,2430.0,ASK
495,1712608920.5232067,901640.14099786,2419.0,-0.0,2430.0,ASK
496,1712608950.5060897,901640.14099786,2419.0,-0.0,2430.0,ASK
497,1712608979.7146654,901642.61318574,2427.0,1.109922079411871e-09,2430.0,BID
498,1712608980.7873635,901642.61318574,2427.0,0.0,2430.0,BID
499,1712609010.7607632,901642.61318574,2427.0,0.0,2430.0,BID
500,1712609019.1742525,901645.08537362,2419.0,-1.109919089585308e-09,2430.0,ASK
501,1712609032.0542943,901855.12594182,2419.0,-9.430029089259977e-08,2430.0,ASK
502,1712609038.9040914,901857.5971115,2428.0,1.1094619561678011e-09,2430.0,BID
503,1712609040.5033145,901857.5971115,2428.0,0.0,2430.0,BID
504,1712609070.5245926,901857.5971115,2428.0,0.0,2430.0,BID
505,1712609078.5143943,901938.43579945,2428.0,3.628504884242506e-08,2430.0,BID
506,1712609078.5180357,902750.86409212,2428.0,3.646645069092769e-07,2430.0,BID
507,1712609082.85473,902753.3352618,2428.0,-1.1092029671783987e-09,2430.0,ASK
508,1712609093.4652264,902806.66015663,2429.0,2.3935277309540992e-08,2430.0,BID
509,1712609093.470009,902887.66015663,2429.0,3.635745496083018e-08,2430.0,BID
510,1712609093.4746857,907081.66015663,2430.0,1.8825082235274293e-06,2430.0,BID
511,1712609093.4787154,909274.10392738,2431.0,9.840947611012172e-07,2431.0,BID
512,1712609093.4809222,909276.18767738,2431.0,9.353067502998924e-10,2431.0,BID
513,1712609093.4829905,909289.18767738,2430.0,5.8351470924789186e-09,2431.0,BID
514,1712609093.4850683,910054.07403268,2431.0,3.433249532465698e-07,2431.0,BID
515,1712609100.5555518,910054.07403268,2431.0,0.0,2431.0,BID
516,1712609103.5049152,910054.39605001,2431.0,1.4325906799643822e-10,2431.0,BID
517,1712609103.5099933,910056.54303596,2430.0,9.551510977030875e-10,2431.0,BID
518,1712609130.5422518,910056.54303596,2430.0,0.0,2431.0,BID
519,1712609149.7249198,910059.01203924,2419.0,-1.098407233691316e-09,2431.0,ASK
520,1712609160.5492108,910059.01203924,2419.0,-0.0,2431.0,ASK
521,1712609176.9645574,910061.48219156,2429.0,1.0989154973943126e-09,2431.0,BID
522,1712609190.5111182,910061.48219156,2429.0,0.0,2431.0,BID
523,1712609217.7594063,910063.95234388,2419.0,-1.09891256410465e-09,2431.0,ASK
524,1712609220.7391567,910063.95234388,2419.0,-0.0,2431.0,ASK
525,1712609246.11494,910066.4224962,2429.0,1.098909642906671e-09,2431.0,BID
526,1712609250.7384722,910066.4224962,2429.0,0.0,2431.0,BID
527,1712609279.0659204,910068.89264852,2420.0,-1.0989067096482635e-09,2431.0,ASK
528,1712609280.5127091,910068.89264852,2420.0,-0.0,2431.0,ASK
529,1712609310.2381582,910071.36280084,2429.0,1.09890378732561e-09,2431.0,BID
530,1712609310.50953,910071.36280084,2429.0,0.0,2431.0,BID
531,1712609310.5167005,910073.50359952,2429.0,9.523807413200659e-10,2431.0,BID
532,1712609340.7658806,910073.50359952,2429.0,0.0,2431.0,BID
533,1712609349.1250029,910075.97375184,2420.0,-1.098898311929141e-09,2431.0,ASK
534,1712609370.7353475,910075.97375184,2420.0,-0.0,2431.0,ASK
535,1712609378.6953042,910078.44390416,2429.0,1.098895389651152e-09,2431.0,BID
536,1712609400.531521,910078.44390416,2429.0,0.0,2431.0,BID
537,1712609414.4458125,910080.91405648,2420.0,-1.0988924564170452e-09,2431.0,ASK
538,1712609430.506722,910080.91405648,2420.0,-0.0,2431.0,ASK
539,1712609435.9553685,910083.3842088,2429.0,1.09888953411841e-09,2431.0,BID
540,1712609460.7343445,910083.3842088,2429.0,0.0,2431.0,BID
541,1712609479.70524,910085.85436112,2420.0,-1.0988866009673514e-09,2431.0,ASK
542,1712609490.7669387,910085.85436112,2420.0,-0.0,2431.0,ASK
543,1712609502.1484065,910532.84565275,2421.0,-1.988506663811411e-07,2431.0,ASK
544,1712609510.6754522,910585.85436112,2421.0,2.358170546219724e-08,2431.0,BID
545,1712609510.6794095,910590.57461489,2429.0,2.099874483530153e-09,2431.0,BID
546,1712609510.7203844,910706.92125014,2429.0,-5.175851606925803e-08,2431.0,ASK
547,1712609510.735137,910817.23577551,2429.0,-4.907504305365152e-08,2431.0,ASK
548,1712609511.1161566,910819.70491131,2430.0,1.098431464806737e-09,2431.0,BID
549,1712609520.515326,910819.70491131,2430.0,0.0,2431.0,BID
550,1712609546.5251288,910822.17404711,2421.0,-1.0975630693162506e-09,2431.0,ASK
551,1712609550.494695,910822.17404711,2421.0,-0.0,2431.0,ASK
552,1712609568.716056,910824.64318291,2430.0,1.097560152879202e-09,2431.0,BID
553,1712609580.7277658,910824.64318291,2430.0,0.0,2431.0,BID
554,1712609603.6852524,910828.75840924,2430.0,1.8292620411925915e-09,2431.0,BID
555,1712609610.7407465,910828.75840924,2430.0,0.0,2431.0,BID
556,1712609616.4854703,910831.22754504,2421.0,-1.0975523468268631e-09,2431.0,ASK
557,1712609637.54537,910833.69668084,2430.0,1.0975523468786107e-09,2431.0,BID
558,1712609640.4831133,910833.69668084,2430.0,0.0,2431.0,BID
559,1712609670.5024636,910833.69668084,2430.0,0.0,2431.0,BID
560,1712609683.2855694,910836.16581664,2423.0,-1.0975465032925047e-09,2431.0,ASK
561,1712609700.7543466,910836.16581664,2423.0,-0.0,2431.0,ASK
562,1712609709.3552048,910838.63495244,2430.0,1.098031665266753e-09,2431.0,BID
563,1712609730.7611048,910838.63495244,2430.0,0.0,2431.0,BID
564,1712609743.9754157,910841.10408824,2423.0,-1.0980287354361027e-09,2431.0,ASK
565,1712609760.4951923,910841.10408824,2423.0,-0.0,2431.0,ASK
566,1712609775.52568,910843.57322404,2430.0,1.0980258141642523e-09,2431.0,BID
567,1712609790.5152638,910843.57322404,2430.0,0.0,2431.0,BID
568,1712609813.3952048,910846.04235984,2423.0,-1.0980228844165964e-09,2431.0,ASK
569,1712609820.7341907,910846.04235984,2423.0,-0.0,2431.0,ASK
570,1712609835.0952363,910848.51149564,2430.0,1.098019963124109e-09,2431.0,BID
571,1712609850.745741,910848.51149564,2430.0,0.0,2431.0,BID
572,1712609880.5451035,910848.51149564,2430.0,0.0,2431.0,BID
573,1712609881.4757645,910850.98063144,2423.0,-1.098017033355907e-09,2431.0,ASK
574,1712609910.5025113,910850.98063144,2423.0,-0.0,2431.0,ASK
575,1712609935.2151432,910853.44976724,2430.0,1.0980141121463227e-09,2431.0,BID
576,1712609940.577243,910853.44976724,2430.0,0.0,2431.0,BID
577,1712609970.50765,910853.44976724,2430.0,0.0,2431.0,BID
578,1712609981.435142,910855.91890304,2423.0,-1.098011182461113e-09,2431.0,ASK
579,1712610000.561515,910855.91890304,2423.0,-0.0,2431.0,ASK
580,1712610010.3759708,910858.38803884,2430.0,1.0980082612308914e-09,2431.0,BID
581,1712610030.5349426,910858.38803884,2430.0,0.0,2431.0,BID
582,1712610052.3051577,910860.85717464,2424.0,-1.098005331576904e-09,2431.0,ASK
583,1712610060.7781038,910860.85717464,2424.0,-0.0,2431.0,ASK
584,1712610077.5581496,910863.32631044,2430.0,1.098002409120436e-09,2431.0,BID
585,1712610090.7336056,910863.32631044,2430.0,0.0,2431.0,BID
586,1712610112.2587447,910865.79544624,2426.0,-1.0979994795494464e-09,2431.0,ASK
587,1712610120.5230026,910865.79544624,2426.0,-0.0,2431.0,ASK
588,1712610142.5454762,910868.26559856,2429.0,1.098448589609458e-09,2431.0,BID
589,1712610150.5066705,910868.26559856,2429.0,0.0,2431.0,BID
590,1712610178.3560138,910870.73575088,2427.0,-1.098445658811858e-09,2431.0,ASK
591,1712610180.701732,910870.73575088,2427.0,-0.0,2431.0,ASK
592,1712610207.3953474,910873.2059032,2429.0,1.0984427304430511e-09,2431.0,BID
593,1712610210.7321784,910873.2059032,2429.0,0.0,2431.0,BID
594,1712610217.1451733,910889.90531381,2427.0,-7.425978186338457e-09,2431.0,ASK
595,1712610223.9998963,910894.02223435,2429.0,1.830733002429236e-09,2431.0,BID
596,1712610240.494859,910894.02223435,2429.0,0.0,2431.0,BID
597,1712610240.673884,910896.49238667,2427.0,-1.0984151186190524e-09,2431.0,ASK
598,1712610262.1452446,910898.01913562,2430.0,6.789071732362e-10,2431.0,BID
599,1712610262.1507592,910898.96191044,2429.0,4.1922844489714015e-10,2431.0,BID
600,1712610270.4890616,910898.96191044,2429.0,0.0,2431.0,BID
601,1712610300.755488,910898.96191044,2429.0,0.0,2431.0,BID
602,1712610307.725149,910901.43143421,2427.0,-1.1000704990320643e-09,2431.0,ASK
603,1712610330.7829862,910901.43143421,2427.0,-0.0,2431.0,ASK
604,1712610332.6150515,910908.49814835,2430.0,3.1479198903137663e-09,2431.0,BID
605,1712610334.315185,910910.96728415,2430.0,1.0998947378420918e-09,2431.0,BID
606,1712610360.543514,910910.96728415,2430.0,0.0,2431.0,BID
607,1712610366.5051725,911696.61250422,2430.0,3.499678404913756e-07,2431.0,BID
608,1712610366.5113237,912063.23065863,2430.0,1.6331107286871648e-07,2431.0,BID
609,1712610366.9289093,912072.96282825,2430.0,4.3352219274007185e-09,2431.0,BID
610,1712610373.0451744,912075.43196405,2427.0,-1.099883384689174e-09,2431.0,ASK
611,1712610390.5113423,912075.43196405,2427.0,-0.0,2431.0,ASK
612,1712610400.0648952,912077.90109985,2430.0,1.098498757968215e-09,2431.0,BID
613,1712610420.7461925,912077.90109985,2430.0,0.0,2431.0,BID
614,1712610438.734648,912080.37023565,2427.0,-1.0984958257479983e-09,2431.0,ASK
615,1712610450.7495103,912080.37023565,2427.0,-0.0,2431.0,ASK
616,1712610458.6846516,912082.83937145,2430.0,1.0984928971117032e-09,2431.0,BID
617,1712610480.504884,912082.83937145,2430.0,0.0,2431.0,BID
618,1712610503.5945232,912085.30850725,2427.0,-1.098489964870983e-09,2431.0,ASK
619,1712610510.5435936,912085.30850725,2427.0,-0.0,2431.0,ASK
620,1712610540.7425525,912085.30850725,2427.0,-0.0,2431.0,ASK
621,1712610570.7491324,912085.30850725,2427.0,-0.0,2431.0,ASK
622,1712610592.0045614,912087.77764305,2430.0,1.0984870362141466e-09,2431.0,BID
623,1712610600.534354,912087.77764305,2430.0,0.0,2431.0,BID
624,1712610630.510491,912087.77764305,2430.0,0.0,2431.0,BID
625,1712610636.114354,912090.24677885,2427.0,-1.098493436356105e-09,2431.0,ASK
626,1712610658.4343264,912092.71591465,2430.0,1.098493436356105e-09,2431.0,BID
627,1712610660.7302442,912092.71591465,2430.0,0.0,2431.0,BID
628,1712610690.798965,912092.71591465,2430.0,0.0,2431.0,BID
629,1712610699.1200895,912095.18505045,2427.0,-1.098487575504586e-09,2431.0,ASK
630,1712610711.014737,912099.57842672,2427.0,-1.9545580469953232e-09,2431.0,ASK
631,1712610719.7312436,912103.42567674,2427.0,1.711593322165431e-09,2431.0,BID
632,1712610720.5185287,912103.42567674,2427.0,0.0,2431.0,BID
633,1712610721.2572403,912105.89481254,2430.0,1.0984748729842267e-09,2431.0,BID
634,1712610750.4801736,912105.89481254,2430.0,0.0,2431.0,BID
635,1712610768.506338,912108.36394834,2427.0,-1.0984719407879396e-09,2431.0,ASK
636,1712610780.756048,912108.36394834,2427.0,-0.0,2431.0,ASK
637,1712610788.7424788,912110.83308414,2430.0,1.09846901233079e-09,2431.0,BID
638,1712610804.874696,912234.07269622,2430.0,5.4826832513665526e-08,2431.0,BID
639,1712610804.8799994,912516.04693811,2430.0,1.2544468675567496e-07,2431.0,BID
640,1712610810.7253053,912516.04693811,2430.0,0.0,2431.0,BID
641,1712610818.8838005,912557.19920148,2430.0,1.8299751655730432e-08,2431.0,BID
642,1712610830.3047483,912559.66833728,2426.0,-1.097985098377834e-09,2431.0,ASK
643,1712610840.527648,912559.66833728,2426.0,-0.0,2431.0,ASK
644,1712610851.4956653,912562.13747308,2430.0,1.097933350412409e-09,2431.0,BID
645,1712610853.4049692,912662.13747308,2426.0,-4.446630073777396e-08,2431.0,ASK
646,1712610853.408426,912677.19920148,2426.0,-6.6973934466782065e-09,2431.0,ASK
647,1712610870.4795732,912677.19920148,2426.0,-0.0,2431.0,ASK
648,1712610895.284873,912679.66833728,2425.0,-1.0977941599349171e-09,2431.0,ASK
649,1712610900.5957534,912679.66833728,2425.0,-0.0,2431.0,ASK
650,1712610918.131872,912682.1415442,2426.0,1.099789469395704e-09,2431.0,BID
651,1712610924.5750875,912706.3515442,2426.0,1.0765740156663548e-08,2431.0,BID
652,1712610930.549961,912706.3515442,2426.0,0.0,2431.0,BID
653,1712610960.7445562,912706.3515442,2426.0,0.0,2431.0,BID
654,1712610965.18529,912708.82475112,2425.0,-1.0997578120149124e-09,2431.0,ASK
655,1712610987.7940214,912712.94846246,2426.0,1.833685537615221e-09,2431.0,BID
656,1712610990.7873776,912712.94846246,2426.0,0.0,2431.0,BID
657,1712610993.5253167,912717.0721738,2426.0,1.833672490239991e-09,2431.0,BID
658,1712610994.3455102,912719.54538072,2426.0,1.099749986868441e-09,2431.0,BID
659,1712611017.885451,912723.66739226,2426.0,1.832916647679625e-09,2431.0,BID
660,1712611020.530995,912723.66739226,2426.0,0.0,2431.0,BID
661,1712611025.7755291,912726.14059918,2425.0,-1.099737270402065e-09,2431.0,ASK
662,1712611048.8757253,912728.6138061,2426.0,1.099737270402065e-09,2431.0,BID
663,1712611050.537024,912728.6138061,2426.0,0.0,2431.0,BID
664,1712611055.0419228,912731.2236893,2426.0,1.160505613758431e-09,2431.0,BID
665,1712611080.7132676,912731.2236893,2426.0,0.0,2431.0,BID
666,1712611095.9856353,912733.69689622,2425.0,-1.0997283073665715e-09,2431.0,ASK
667,1712611110.7508454,912733.69689622,2425.0,-0.0,2431.0,ASK
668,1712611123.6858814,913276.97691609,2425.0,-2.415725180640748e-07,2431.0,ASK
669,1712611123.6912496,913483.1624831,2425.0,-9.168157265010666e-08,2431.0,ASK
670,1712611123.8078735,913485.6367099,2425.0,1.100178869981232e-09,2431.0,BID
671,1712611140.5094104,913485.6367099,2425.0,0.0,2431.0,BID
672,1712611161.9756126,913488.1109367,2424.0,-1.0992875576218823e-09,2431.0,ASK
673,1712611170.535156,913488.1109367,2424.0,-0.0,2431.0,ASK
674,1712611185.97596,913495.6109367,2424.0,-3.332206535318589e-09,2431.0,ASK
675,1712611188.9054885,913498.0851635,2425.0,1.0992846283877703e-09,2431.0,BID
676,1712611200.552276,913498.0851635,2425.0,0.0,2431.0,BID
677,1712611226.72229,913500.5593903,2424.0,-1.0993216605105063e-09,2431.0,ASK
678,1712611230.5033596,913500.5593903,2424.0,-0.0,2431.0,ASK
679,1712611251.3664374,913685.6418009,2424.0,-8.223359345075999e-08,2431.0,ASK
680,1712611251.371838,913891.91242796,2424.0,-9.1647687273422e-08,2431.0,ASK
681,1712611251.3761113,913933.16655337,2424.0,-1.8329537453794746e-08,2431.0,ASK
682,1712611255.7661283,913935.64180089,2424.0,1.0997722451938866e-09,2431.0,BID
683,1712611260.7555184,913935.64180089,2424.0,0.0,2431.0,BID
684,1712611290.7737966,913935.64180089,2424.0,0.0,2431.0,BID
685,1712611294.8359723,913938.11704841,2423.0,-1.0992571499238896e-09,2431.0,ASK
686,1712611297.5086012,914144.47280573,2423.0,-9.164256900654925e-08,2431.0,ASK
687,1712611297.5128348,914231.47280573,2422.0,-3.863669037936245e-08,2431.0,ASK
688,1712611297.5185592,915055.7613303,2423.0,-3.660664426100563e-07,2431.0,ASK
689,1712611297.5218236,915262.20228818,2422.0,-9.168040656584416e-08,2431.0,ASK
690,1712611298.8158123,915272.91203219,2422.0,4.756196130537522e-09,2431.0,BID
691,1712611315.1582744,915275.38932368,2422.0,1.100164876743429e-09,2431.0,BID
692,1712611320.5222366,915275.38932368,2422.0,0.0,2431.0,BID
693,1712611350.5177112,915275.38932368,2422.0,0.0,2431.0,BID
694,1712611352.08117,915470.45105208,2421.0,-8.650219869910062e-08,2431.0,ASK
695,1712611352.086333,915554.45105208,2421.0,-3.725069366668314e-08,2431.0,ASK
696,1712611352.0896623,916380.48431643,2420.0,-3.663132391523006e-07,2431.0,ASK
697,1712611352.0929008,917206.58923175,2421.0,-3.663450135371949e-07,2431.0,ASK
698,1712611352.0961163,917247.91154579,2420.0,-1.832481978457016e-08,2431.0,ASK
699,1712611352.0993636,917289.21679155,2421.0,-1.8317250674206192e-08,2431.0,ASK
700,1712611362.255798,917291.69408304,2419.0,-1.0985812668483023e-09,2431.0,ASK
701,1712611379.587264,919357.80978551,2420.0,9.162409894360944e-07,2431.0,BID
702,1712611379.665815,919422.57653814,2420.0,2.8721505500074023e-08,2431.0,BID
703,1712611379.693025,919819.27075254,2420.0,1.7591826976143674e-07,2431.0,BID
704,1712611380.7189891,919819.27075254,2420.0,0.0,2431.0,BID
705,1712611381.5957806,919821.75009138,2420.0,1.0941531258212687e-09,2431.0,BID
706,1712611410.7660224,919821.75009138,2420.0,0.0,2431.0,BID
707,1712611430.1557815,919824.22943022,2419.0,-1.094150228674968e-09,2431.0,ASK
708,1712611434.67599,919924.22943022,2420.0,4.413072594285793e-08,2431.0,BID
709,1712611434.7758176,920432.78978022,2420.0,2.244313743125583e-07,2431.0,BID
710,1712611434.8757305,920532.78978022,2420.0,4.413072594285793e-08,2431.0,BID
711,1712611437.0701106,920613.78978022,2429.0,3.5745888013714925e-08,2431.0,BID
712,1712611437.0738828,920613.78978029,2420.0,3.0876330905195336e-17,2431.0,BID
713,1712611437.0772288,920615.1276403,2430.0,5.904073345043586e-10,2431.0,BID
714,1712611440.5838313,920615.1276403,2430.0,0.0,2431.0,BID
715,1712611450.1460054,920617.5967761,2430.0,1.088724722947196e-09,2431.0,BID
716,1712611454.2257864,920658.74903947,2430.0,1.8145412065084014e-08,2431.0,BID
717,1712611470.5124576,920658.74903947,2430.0,0.0,2431.0,BID
718,1712611497.9560556,920661.21817527,2419.0,-1.0886738394724398e-09,2431.0,ASK
719,1712611500.7293034,920661.21817527,2419.0,-0.0,2431.0,ASK
720,1712611523.806269,920663.68832759,2429.0,1.089119168045546e-09,2431.0,BID
721,1712611530.7787397,920663.68832759,2429.0,0.0,2431.0,BID
722,1712611560.5299206,920663.68832759,2429.0,0.0,2431.0,BID
723,1712611562.495944,920666.15847991,2419.0,-1.0891162868205831e-09,2431.0,ASK
724,1712611588.6061597,920668.62863223,2429.0,1.0891162868205831e-09,2431.0,BID
725,1712611590.5063412,920668.62863223,2429.0,0.0,2431.0,BID
726,1712611620.718475,920668.62863223,2429.0,0.0,2431.0,BID
727,1712611623.8003085,920671.09878455,2419.0,-1.089110536278006e-09,2431.0,ASK
728,1712611645.1977603,920673.56995423,2428.0,1.0895590987024415e-09,2431.0,BID
729,1712611650.7377186,920673.56995423,2428.0,0.0,2431.0,BID
730,1712611680.5162945,920673.56995423,2428.0,0.0,2431.0,BID
731,1712611690.8360798,920676.04112391,2419.0,-1.0895533458521914e-09,2431.0,ASK
732,1712611710.5179183,920676.04112391,2419.0,-0.0,2431.0,ASK
733,1712611718.0178375,920680.81275718,2427.0,2.1038358207700874e-09,2431.0,BID
734,1712611718.175973,920717.38052035,2427.0,-1.6122900837066128e-08,2431.0,ASK
735,1712611718.7571614,920719.85270823,2427.0,1.0899994034579212e-09,2431.0,BID
736,1712611740.7480671,920719.85270823,2427.0,0.0,2431.0,BID
737,1712611757.5504556,920722.32489611,2419.0,-1.089948304757076e-09,2431.0,ASK
738,1712611770.726732,920722.32489611,2419.0,-0.0,2431.0,ASK
739,1712611783.7459407,920724.79810303,2426.0,1.0903947083650212e-09,2431.0,BID
740,1712611800.8533435,920724.79810303,2426.0,0.0,2431.0,BID
741,1712611820.2462006,920727.27130995,2419.0,-1.090414755493282e-09,2431.0,ASK
742,1712611830.7185135,920727.27130995,2419.0,-0.0,2431.0,ASK
743,1712611837.3660572,920729.56973631,2426.0,1.0133529007605826e-09,2431.0,BID
744,1712611837.4460082,920731.40524959,2426.0,-8.092592127563554e-10,2431.0,ASK
745,1712611849.3300047,920733.87845651,2426.0,1.0904118792480466e-09,2431.0,BID
746,1712611860.55083,920733.87845651,2426.0,0.0,2431.0,BID
747,1712611870.985897,920738.00046805,2428.0,1.8173402919029475e-09,2431.0,BID
748,1712611877.4058952,920773.33249685,2428.0,1.55774235249018e-08,2431.0,BID
749,1712611877.410555,920779.18662949,2428.0,2.5810095429118598e-09,2431.0,BID
750,1712611890.5131269,920779.18662949,2428.0,0.0,2431.0,BID
751,1712611895.176376,920800.74339068,2419.0,-9.503629551978995e-09,2431.0,ASK
752,1712611895.1830676,921213.96653117,2419.0,-1.821757737582443e-07,2431.0,ASK
753,1712611895.2459638,921989.38974017,2419.0,3.418572418819721e-07,2431.0,BID
754,1712611895.256048,922030.2652045,2419.0,1.8020576808044573e-08,2431.0,BID
755,1712611895.2660806,922441.7436775,2419.0,1.814066102754201e-07,2431.0,BID
756,1712611895.2757745,922655.9493175,2419.0,9.44358492704595e-08,2431.0,BID
757,1712611895.336091,922660.08325714,2419.0,1.8225108392929622e-09,2431.0,BID
758,1712611896.562877,922821.88323267,2419.0,7.133200648274409e-08,2431.0,BID
759,1712611910.9458942,922826.01717231,2419.0,1.8225108392929622e-09,2431.0,BID
760,1712611913.7360811,922830.97789988,2419.0,2.1870130080240548e-09,2431.0,BID
761,1712611919.8365695,922833.4511068,2418.0,-1.0903512900441971e-09,2431.0,ASK
762,1712611920.7795763,922833.4511068,2418.0,-0.0,2431.0,ASK
763,1712611947.360003,922835.93147058,2419.0,1.09111611071709e-09,2431.0,BID
764,1712611950.7271428,922835.93147058,2419.0,0.0,2431.0,BID
765,1712611951.9563024,922864.51988237,2419.0,1.2576056223329269e-08,2431.0,BID
766,1712611980.543238,922864.51988237,2419.0,0.0,2431.0,BID
767,1712611980.6156948,922905.21927397,2419.0,-1.7903137480527593e-08,2431.0,ASK
768,1712611984.183834,922907.69963775,2418.0,-1.091080038552482e-09,2431.0,ASK
769,1712612004.7158055,922910.18000153,2419.0,1.0910800385012723e-09,2431.0,BID
770,1712612010.536352,922910.18000153,2419.0,0.0,2431.0,BID
771,1712612011.941576,923539.18722848,2419.0,2.766787245692773e-07,2431.0,BID
772,1712612014.7661405,923543.32116812,2428.0,1.818378387465565e-09,2431.0,BID
773,1712612040.7578902,923543.32116812,2428.0,0.0,2431.0,BID
774,1712612048.9192014,923545.8015319,2419.0,-1.0902924996951659e-09,2431.0,ASK
775,1712612068.8569686,923548.27270158,2428.0,1.0862510529234118e-09,2431.0,BID
776,1712612070.7236464,923548.27270158,2428.0,0.0,2431.0,BID
777,1712612079.0857277,923552.39131772,2428.0,1.810408874847557e-09,2431.0,BID
778,1712612100.5254085,923552.39131772,2428.0,0.0,2431.0,BID
779,1712612117.6758282,923554.8624874,2419.0,-1.0868442975728702e-09,2431.0,ASK
780,1712612130.5343273,923554.8624874,2419.0,-0.0,2431.0,ASK
781,1712612139.3311946,923567.96961116,2419.0,-5.7646244931204795e-09,2431.0,ASK
782,1712612139.33935,923766.89065291,2419.0,-8.748716579338357e-08,2431.0,ASK
783,1712612142.906213,923769.37101669,2419.0,1.0908850835695223e-09,2431.0,BID
784,1712612160.7125547,923769.37101669,2419.0,0.0,2431.0,BID
785,1712612183.0557303,923771.85138047,2418.0,-1.0906361840560454e-09,2431.0,ASK
786,1712612190.7528682,923771.85138047,2418.0,-0.0,2431.0,ASK
787,1712612200.376191,924114.06127037,2418.0,-1.504720828579489e-07,2431.0,ASK
788,1712612200.3848083,924339.41776333,2418.0,-9.90908266595073e-08,2431.0,ASK
789,1712612200.39228,924435.96066725,2418.0,-4.245059031529003e-08,2431.0,ASK
790,1712612211.6958337,925550.30434325,2418.0,4.899847108342699e-07,2431.0,BID
791,1712612211.7960978,925869.60502925,2418.0,1.403987456190372e-07,2431.0,BID
792,1712612212.7763653,926983.94870525,2418.0,4.899847108342699e-07,2431.0,BID
793,1712612220.4924204,926983.94870525,2418.0,0.0,2431.0,BID
794,1712612239.071497,926983.94870614,2418.0,3.900051660624866e-16,2431.0,BID
795,1712612245.045728,926986.42089402,2427.0,1.083338555849921e-09,2431.0,BID
796,1712612250.501297,926986.42089402,2427.0,0.0,2431.0,BID
797,1712612280.771377,926986.42089402,2427.0,0.0,2431.0,BID
798,1712612282.595827,926988.8930819,2419.0,-1.083335707474759e-09,2431.0,ASK
799,1712612303.4258473,926991.36526978,2427.0,1.0833357075257734e-09,2431.0,BID
800,1712612310.7326808,926991.36526978,2427.0,0.0,2431.0,BID
801,1712612329.155966,927016.24284336,2420.0,-1.0901526743348258e-08,2431.0,ASK
802,1712612340.5376048,927016.24284336,2420.0,-0.0,2431.0,ASK
1003,1712612349.2092931,927018.71503124,2420.0,-1.0833014408323432e-09,2431.0,ASK
803,1712612349.2092931,927018.71503124,2420.0,-1.083301440832343e-09,2431.0,ASK
804,1712612370.5037246,927018.71503124,2420.0,-0.0,2431.0,ASK
805,1712612376.7357433,927021.18721912,2427.0,1.0832986008681202e-09,2431.0,BID
806,1712612393.1359348,927025.30753226,2427.0,1.8054976710552566e-09,2431.0,BID
807,1712612400.576199,927025.30753226,2427.0,0.0,2431.0,BID
808,1712612412.6557178,927027.77972014,2420.0,-1.0849283297970083e-09,2431.0,ASK
809,1712612430.5190833,927027.77972014,2420.0,-0.0,2431.0,ASK
810,1712612436.3055203,927030.25190802,2427.0,1.0849254812452547e-09,2431.0,BID
811,1712612453.8658774,927054.24284336,2427.0,1.052847855145502e-08,2431.0,BID
812,1712612453.9659705,927071.45503936,2427.0,-7.553612805834145e-09,2431.0,ASK
813,1712612453.9725995,927071.45503945,2427.0,-3.949190407927959e-17,2431.0,ASK
814,1712612460.754514,927071.45503945,2427.0,-0.0,2431.0,ASK
815,1712612482.0357802,927073.92722733,2420.0,-1.0848750147007435e-09,2431.0,ASK
816,1712612490.7328796,927073.92722733,2420.0,-0.0,2431.0,ASK
817,1712612505.2601209,927076.39941521,2427.0,1.084872166428945e-09,2431.0,BID
818,1712612520.5015924,927076.39941521,2427.0,0.0,2431.0,BID
819,1712612526.6161575,927097.29369017,2420.0,-9.169027096307874e-09,2431.0,ASK
820,1712612547.9136868,927099.76587805,2420.0,-1.0848693099845983e-09,2431.0,ASK
821,1712612550.547586,927099.76587805,2420.0,-0.0,2431.0,ASK
822,1712612570.806078,927102.23806593,2427.0,1.0848423902398003e-09,2431.0,BID
823,1712612580.7707596,927102.23806593,2427.0,0.0,2431.0,BID
824,1712612604.2558918,927121.35173973,2427.0,8.38741632276622e-09,2431.0,BID
825,1712612610.751485,927121.35173973,2427.0,0.0,2431.0,BID
826,1712612612.7856236,927496.96406475,2427.0,1.6482194105993961e-07,2431.0,BID
827,1712612612.8255062,927658.76404029,2427.0,-7.099923047130079e-08,2431.0,ASK
828,1712612617.2654634,927661.23622817,2427.0,-1.084817451126798e-09,2431.0,ASK
829,1712612635.7854254,927867.25188536,2427.0,-9.04014544916367e-08,2431.0,ASK
830,1712612636.1689205,927946.49582136,2427.0,-3.477292537741024e-08,2431.0,ASK
831,1712612640.5177827,927946.49582136,2427.0,-0.0,2431.0,ASK
832,1712612643.2554924,927948.96699104,2428.0,1.0834185814463895e-09,2431.0,BID
833,1712612666.2355874,927990.15315248,2428.0,1.805697640414069e-08,2431.0,BID
834,1712612670.5396876,927990.15315248,2428.0,0.0,2431.0,BID
835,1712612674.685958,927990.15315311,2427.0,-2.7616027570528073e-16,2431.0,ASK
836,1712612674.6925082,927994.27176862,2420.0,-1.8056134504246603e-09,2431.0,ASK
837,1712612680.585594,927996.7429383,2420.0,-1.083368234205502e-09,2431.0,ASK
838,1712612700.5437746,927996.7429383,2420.0,-0.0,2431.0,ASK
839,1712612730.4918325,927996.7429383,2420.0,-0.0,2431.0,ASK
840,1712612760.7628286,927996.7429383,2420.0,-0.0,2431.0,ASK
841,1712612780.2356093,928000.3823871,2428.0,1.603220882644476e-09,2431.0,BID
1041,1712612780.2356093,928000.3823871,2428.0,1.6032208826444761e-09,2431.0,BID
842,1712612790.7756383,928000.3823871,2428.0,0.0,2431.0,BID
843,1712612820.5252185,928000.3823871,2428.0,0.0,2431.0,BID
844,1712612831.8055737,928002.85355678,2428.0,1.0885756693965975e-09,2431.0,BID
845,1712612850.543739,928002.85355678,2428.0,0.0,2431.0,BID
846,1712612880.76045,928002.85355678,2428.0,0.0,2431.0,BID
847,1712612881.7959263,928003.26160765,2423.0,-1.7975013146913642e-10,2431.0,ASK
848,1712612881.801588,928005.32472646,2424.0,-9.08822660762379e-10,2431.0,ASK
849,1712612907.2965667,928007.79589614,2428.0,1.0885727922315155e-09,2431.0,BID
850,1712612910.7798617,928007.79589614,2428.0,0.0,2431.0,BID
851,1712612940.5445237,928007.79589614,2428.0,0.0,2431.0,BID
852,1712612944.8858004,928008.61114641,2422.0,-3.5912328592843936e-10,2431.0,ASK
853,1712612944.8961542,928010.26706582,2423.0,-7.294437569541197e-10,2431.0,ASK
854,1712612970.532083,928010.26706582,2423.0,-0.0,2431.0,ASK
855,1712612972.286031,928012.7382355,2428.0,1.088564172027583e-09,2431.0,BID
856,1712613000.5688343,928012.7382355,2428.0,0.0,2431.0,BID
857,1712613009.2260067,928013.98780769,2422.0,-5.504421377582805e-10,2431.0,ASK
858,1712613009.2360728,928015.20940518,2422.0,-5.381191572162774e-10,2431.0,ASK
859,1712613030.5187583,928015.20940518,2422.0,-0.0,2431.0,ASK
860,1712613036.249751,928017.68057486,2428.0,1.0885584249952163e-09,2431.0,BID
861,1712613060.7255733,928017.68057486,2428.0,0.0,2431.0,BID
862,1712613076.1064978,928020.15174454,2422.0,-1.0885555479212894e-09,2431.0,ASK
863,1712613090.753904,928020.15174454,2422.0,-0.0,2431.0,ASK
864,1712613102.2062824,928022.62291422,2428.0,1.0885526779722516e-09,2431.0,BID
865,1712613120.4894764,928022.62291422,2428.0,0.0,2431.0,BID
866,1712613139.5160842,928024.65803192,2421.0,-8.96468981924311e-10,2431.0,ASK
867,1712613139.526143,928025.0940839,2422.0,-1.9208081900439208e-10,2431.0,ASK
868,1712613150.5046237,928025.0940839,2422.0,-0.0,2431.0,ASK
869,1712613166.6163812,928027.56525358,2428.0,1.0885469319858147e-09,2431.0,BID
870,1712613174.3100884,928027.59581122,2421.0,-1.3460599470079388e-11,2431.0,ASK
871,1712613174.3184054,928032.09471103,2421.0,-1.981759336529787e-09,2431.0,ASK
872,1712613179.0139935,928035.67317831,2421.0,-1.576310040703979e-09,2431.0,ASK
873,1712613179.018305,928036.1742785,2421.0,-2.2073396207366715e-10,2431.0,ASK
874,1712613180.7390182,928036.1742785,2421.0,-0.0,2431.0,ASK
875,1712613210.7418602,928036.1742785,2421.0,-0.0,2431.0,ASK
876,1712613234.4063568,928038.64544818,2421.0,-1.088534061090557e-09,2431.0,ASK
877,1712613240.4886017,928038.64544818,2421.0,-0.0,2431.0,ASK
878,1712613244.476695,928042.77597275,2421.0,-1.8194642286061277e-09,2431.0,ASK
879,1712613244.4829292,928074.72633579,2421.0,-1.4073888596218132e-08,2431.0,ASK
880,1712613246.526374,929770.34775267,2421.0,7.469081616592438e-07,2431.0,BID
881,1712613246.6464646,930166.87811235,2421.0,1.7466856636883849e-07,2431.0,BID
882,1712613246.706524,930893.03036035,2421.0,3.198644669376883e-07,2431.0,BID
883,1712613262.2965808,930895.50867509,2421.0,1.09167853628166e-09,2431.0,BID
884,1712613262.416181,930906.67372909,2421.0,4.91812020946172e-09,2431.0,BID
885,1712613263.9674122,931704.83069457,2421.0,3.515819898636992e-07,2431.0,BID
886,1712613263.9757335,931788.83069457,2427.0,3.7001352397885576e-08,2431.0,BID
887,1712613263.9797528,931818.27579433,2430.0,1.2970339435876273e-08,2431.0,BID
888,1712613263.98369,932388.58343096,2430.0,2.512161171208148e-07,2431.0,BID
889,1712613263.9876473,932497.69626743,2428.0,4.806336325428327e-08,2431.0,BID
890,1712613263.9915843,932966.60111312,2429.0,2.06548969481572e-07,2431.0,BID
891,1712613270.5107932,932966.60111312,2429.0,0.0,2431.0,BID
892,1712613299.235278,932969.07942786,2420.0,-1.0859664425760083e-09,2431.0,ASK
893,1712613300.7856436,932969.07942786,2420.0,-0.0,2431.0,ASK
894,1712613327.6145432,932971.54856366,2430.0,1.0829602158992756e-09,2431.0,BID
895,1712613330.7727518,932971.54856366,2430.0,0.0,2431.0,BID
896,1712613359.8764374,932974.01769946,2421.0,-1.0829573659959e-09,2431.0,ASK
897,1712613360.5255551,932974.01769946,2421.0,-0.0,2431.0,ASK
898,1712613390.52612,932974.01769946,2421.0,-0.0,2431.0,ASK
899,1712613420.759233,932974.01769946,2421.0,-0.0,2431.0,ASK
900,1712613450.7233276,932974.01769946,2421.0,-0.0,2431.0,ASK
901,1712613454.5163927,932976.48683526,2430.0,1.0829545266115795e-09,2431.0,BID
902,1712613480.54834,932976.48683526,2430.0,0.0,2431.0,BID
903,1712613489.7368784,932978.61001668,2421.0,-9.312176668949663e-10,2431.0,ASK
904,1712613489.7451077,932978.95597106,2421.0,-1.5173400989424065e-10,2431.0,ASK
905,1712613510.4922037,932978.95597106,2421.0,-0.0,2431.0,ASK
906,1712613540.75306,932978.95597106,2421.0,-0.0,2431.0,ASK
907,1712613550.578558,932981.42714074,2428.0,1.0838408856106255e-09,2431.0,BID
908,1712613566.7068532,933472.86965665,2429.0,2.1554387623797826e-07,2431.0,BID
909,1712613566.715674,933475.39848697,2428.0,1.109130512466809e-09,2431.0,BID
1109,1712613566.715674,933475.39848697,2428.0,1.1091305124668092e-09,2431.0,BID
910,1712613570.77664,933475.39848697,2428.0,0.0,2431.0,BID
911,1712613590.3366888,933477.86965665,2421.0,-1.0832679661879435e-09,2431.0,ASK
912,1712613600.9582448,933477.86965665,2421.0,-0.0,2431.0,ASK
913,1712613617.2669215,933480.33980897,2429.0,1.082883712402609e-09,2431.0,BID
914,1712613630.7658737,933480.33980897,2429.0,0.0,2431.0,BID
915,1712613642.4974656,933482.80996129,2429.0,1.082880864074501e-09,2431.0,BID
916,1712613655.2766886,933485.28011361,2421.0,-1.082880864074501e-09,2431.0,ASK
917,1712613660.5863712,933485.28011361,2421.0,-0.0,2431.0,ASK
918,1712613681.5867653,933487.75026593,2429.0,1.0828751768441864e-09,2431.0,BID
919,1712613690.5256448,933487.75026593,2429.0,0.0,2431.0,BID
920,1712613718.4991348,933490.22041825,2421.0,-1.0828723285609804e-09,2431.0,ASK
921,1712613720.8053231,933490.22041825,2421.0,-0.0,2431.0,ASK
922,1712613736.060894,933494.79949568,2428.0,2.007383593208232e-09,2431.0,BID
1122,1712613736.060894,933494.79949568,2428.0,2.0073835932082322e-09,2431.0,BID
923,1712613736.136808,933502.57626668,2428.0,-3.409193828222642e-09,2431.0,ASK
924,1712613738.3665798,933505.04743636,2428.0,1.0833154816528027e-09,2431.0,BID
925,1712613750.7530472,933505.04743636,2428.0,0.0,2431.0,BID
926,1712613780.5479064,933505.04743636,2428.0,0.0,2431.0,BID
927,1712613783.646613,933509.62651379,2428.0,2.007351913651271e-09,2431.0,BID
928,1712613787.476498,933512.09768347,2428.0,-1.083298385319377e-09,2431.0,ASK
929,1712613809.3061728,933516.6767609,2428.0,-2.007351913651271e-09,2431.0,ASK
930,1712613810.5106325,933516.6767609,2428.0,-0.0,2431.0,ASK
931,1712613815.1472151,933519.14691322,2429.0,1.082838997103351e-09,2431.0,BID
932,1712613840.7395046,933519.14691322,2429.0,0.0,2431.0,BID
933,1712613854.797126,933521.61706554,2428.0,-1.0828361489594363e-09,2431.0,ASK
934,1712613864.8764942,933565.61706554,2428.0,-1.928819942342188e-08,2431.0,ASK
935,1712613870.7751417,933565.61706554,2428.0,-0.0,2431.0,ASK
936,1712613882.446559,934331.24081767,2428.0,-3.356084826562575e-07,2431.0,ASK
937,1712613883.3668249,934333.71198735,2428.0,1.0832285497756675e-09,2431.0,BID
938,1712613900.5292666,934333.71198735,2428.0,0.0,2431.0,BID
939,1712613914.7367947,934374.89814879,2428.0,1.8049949679963788e-08,2431.0,BID
940,1712613918.7767627,934395.49122951,2428.0,9.024974840007404e-09,2431.0,BID
941,1712613923.6466887,934397.96239919,2424.0,-1.082996977945846e-09,2431.0,ASK
942,1712613930.4972975,934397.96239919,2424.0,-0.0,2431.0,ASK
943,1712613951.8465252,934400.43356887,2428.0,1.0829229460256883e-09,2431.0,BID
944,1712613956.8671353,934405.01732734,2423.0,-2.00870756321719e-09,2431.0,ASK
945,1712613956.8714,934407.12843747,2424.0,-9.251366346202575e-10,2431.0,ASK
946,1712613956.8754988,934466.14476389,2422.0,-2.5862300993499545e-08,2431.0,ASK
947,1712613956.8796291,934470.73041491,2422.0,-2.0095369218299874e-09,2431.0,ASK
948,1712613960.7606006,934470.73041491,2422.0,-0.0,2431.0,ASK
949,1712613986.086468,934473.20158459,2422.0,-1.0828393025824055e-09,2431.0,ASK
950,1712613990.0865183,934477.78254875,2427.0,2.0073279776531435e-09,2431.0,BID
951,1712613990.187124,934485.56252402,2427.0,-3.409099368426772e-09,2431.0,ASK
952,1712613990.7689753,934485.56252402,2427.0,-0.0,2431.0,ASK
953,1712614016.0564575,934488.0347119,2427.0,1.083268385317242e-09,2431.0,BID
954,1712614020.553692,934488.0347119,2427.0,0.0,2431.0,BID
955,1712614050.5327115,934488.0347119,2427.0,0.0,2431.0,BID
956,1712614053.3467455,934490.50689978,2423.0,-1.083265537261071e-09,2431.0,ASK
957,1712614073.4566174,934492.97908766,2427.0,1.083265537261071e-09,2431.0,BID
958,1712614080.7320397,934492.97908766,2427.0,0.0,2431.0,BID
959,1712614109.852348,934499.277946,2422.0,-2.760024984598498e-09,2431.0,ASK
960,1712614109.8563387,934501.38951659,2423.0,-9.252450635829635e-10,2431.0,ASK
961,1712614110.793143,934501.38951659,2423.0,-0.0,2431.0,ASK
962,1712614121.0172305,934503.86170447,2422.0,-1.0832501761950556e-09,2431.0,ASK
963,1712614121.0268896,934505.92186104,2427.0,9.027084816588472e-10,2431.0,BID
964,1712614140.512477,934505.92186104,2427.0,0.0,2431.0,BID
965,1712614145.5235054,934514.62698393,2422.0,-3.814346223863229e-09,2431.0,ASK
966,1712614146.6071875,934517.09917181,2427.0,1.083244960906329e-09,2431.0,BID
967,1712614170.5713627,934517.09917181,2427.0,0.0,2431.0,BID
968,1712614174.2266788,934584.41090929,2422.0,-2.949380818706788e-08,2431.0,ASK
1168,1712614174.2266788,934584.41090929,2422.0,-2.9493808187067882e-08,2431.0,ASK
969,1712614178.650349,934617.37341444,2427.0,1.4443094780437828e-08,2431.0,BID
970,1712614184.947267,934619.84560232,2422.0,-1.0832321058280638e-09,2431.0,ASK
971,1712614200.593861,934619.84560232,2422.0,-0.0,2431.0,ASK
972,1712614230.4974086,934619.84560232,2422.0,-0.0,2431.0,ASK
973,1712614248.1268692,934621.40637696,2427.0,6.838059363590742e-10,2431.0,BID
1173,1712614248.1268692,934621.40637696,2427.0,6.838059363590743e-10,2431.0,BID
974,1712614248.134811,934622.31741483,2428.0,3.99143532832004e-10,2431.0,BID
975,1712614259.7792804,934630.55464712,2428.0,3.608892786241037e-09,2431.0,BID
976,1712614260.8229694,934630.55464712,2428.0,0.0,2431.0,BID
977,1712614280.616876,934633.02645963,2425.0,-1.0829371333869498e-09,2431.0,ASK
978,1712614290.7766497,934633.02645963,2425.0,-0.0,2431.0,ASK
979,1712614320.501311,934633.02645963,2425.0,-0.0,2431.0,ASK
980,1712614342.026929,934635.49762931,2428.0,1.0826526569865087e-09,2431.0,BID
981,1712614350.5389824,934635.49762931,2428.0,0.0,2431.0,BID
982,1712614368.2013245,934655.86624545,2428.0,8.923741090554667e-09,2431.0,BID
983,1712614374.793304,934659.53785617,2425.0,-1.608577785811459e-09,2431.0,ASK
984,1712614378.7865052,934662.00902585,2425.0,-1.0826498110458987e-09,2431.0,ASK
985,1712614380.7366664,934662.00902585,2425.0,-0.0,2431.0,ASK
986,1712614408.2465746,934664.48019553,2428.0,1.082619288684195e-09,2431.0,BID
987,1712614408.3279057,934666.76902948,2427.0,-1.0027380163255023e-09,2431.0,ASK
988,1712614410.725019,934666.76902948,2427.0,-0.0,2431.0,ASK
989,1712614440.626763,934666.76902948,2427.0,-0.0,2431.0,ASK
990,1712614444.4767244,934668.86630895,2426.0,-9.188133588107723e-10,2431.0,ASK
991,1712614444.4853485,934669.24019916,2425.0,-1.6380044936630167e-10,2431.0,ASK
992,1712614461.4268818,934671.30161713,2426.0,-9.031025174124359e-10,2431.0,ASK
993,1712614461.4395466,934677.13096586,2425.0,-2.553824401071513e-09,2431.0,ASK
994,1712614461.4482532,934769.24019916,2426.0,-4.03528453115107e-08,2431.0,ASK
995,1712614470.5197177,934769.24019916,2426.0,-0.0,2431.0,ASK
996,1712614471.9065206,934771.71136884,2428.0,1.08249591769936e-09,2431.0,BID
997,1712614500.5650532,934771.71136884,2428.0,0.0,2431.0,BID
998,1712614509.8103,934774.18253852,2427.0,-1.0824930725827212e-09,2431.0,ASK
999,1712614509.926568,934774.45343723,2427.0,-1.1866687234163319e-10,2431.0,ASK
1000,1712614510.8493602,934815.63959867,2427.0,1.8041551256373007e-08,2431.0,BID
1201,1712614516.3906088,934839.82563326,2428.0,1.0594664991537741e-08,2431.0,BID
1202,1712614530.548901,934839.82563326,2428.0,0.0,2431.0,BID
1203,1712614538.9964497,934842.29680294,2428.0,1.0824146777182787e-09,2431.0,BID
1204,1712614545.0064883,934871.93850294,2428.0,1.298357268306279e-08,2431.0,BID
1205,1712614545.5865204,934900.39450294,2428.0,1.2464215759178873e-08,2431.0,BID
1206,1712614560.774996,934900.39450294,2428.0,0.0,2431.0,BID
1207,1712614573.271866,934902.45713169,2426.0,-9.034085542812803e-10,2431.0,ASK
1208,1712614573.27335,934902.86567262,2426.0,-1.7893640382591151e-10,2431.0,ASK
1209,1712614590.795366,934902.86567262,2426.0,-0.0,2431.0,ASK
1210,1712614601.6569507,934905.3368423,2428.0,1.0823421161269583e-09,2431.0,BID
1211,1712614620.5283244,934905.3368423,2428.0,0.0,2431.0,BID
1212,1712614628.0424397,934939.41139783,2428.0,1.4924199628311285e-08,2431.0,BID
1213,1712614642.8373024,934941.88256751,2428.0,-1.082339271818733e-09,2431.0,ASK
1214,1712614650.5254383,934941.88256751,2428.0,-0.0,2431.0,ASK
1215,1712614651.8370457,934987.70916519,2428.0,-2.0070656901324703e-08,2431.0,ASK
1216,1712614670.1886182,934990.18033487,2428.0,1.0822972095536995e-09,2431.0,BID
1217,1712614680.738116,934990.18033487,2428.0,0.0,2431.0,BID
1218,1712614702.3790271,934992.65150455,2426.0,-1.0822416263027911e-09,2431.0,ASK
1219,1712614710.748992,934992.65150455,2426.0,-0.0,2431.0,ASK
1220,1712614721.816384,935013.24458527,2428.0,9.018656563842686e-09,2431.0,BID
1221,1712614732.3263862,935015.71575495,2428.0,1.0822387848651806e-09,2431.0,BID
1222,1712614736.5164623,935023.95298723,2428.0,3.6074626220803836e-09,2431.0,BID
1223,1712614740.542124,935023.95298723,2428.0,0.0,2431.0,BID
1224,1712614766.1765084,935026.42415691,2427.0,-1.082202764943982e-09,2431.0,ASK
1225,1712614770.545741,935026.42415691,2427.0,-0.0,2431.0,ASK
1226,1712614785.4465334,935034.6613892,2428.0,3.6073330853272676e-09,2431.0,BID
1227,1712614796.646284,935856.59252784,2427.0,-3.599484979785284e-07,2431.0,ASK
1228,1712614800.6118574,935856.59252784,2427.0,-0.0,2431.0,ASK
1229,1712614825.6173503,935859.06471572,2427.0,1.0824782765185492e-09,2431.0,BID
1230,1712614830.5288656,935859.06471572,2427.0,0.0,2431.0,BID
1231,1712614860.7316854,935859.06471572,2427.0,0.0,2431.0,BID
1232,1712614889.340994,936683.12734447,2427.0,3.608251451400336e-07,2431.0,BID
1233,1712614890.8068376,936683.12734447,2427.0,0.0,2431.0,BID
1234,1712614891.993394,936685.59953235,2426.0,-1.0815283138499403e-09,2431.0,ASK
1235,1712614911.918579,936693.81338998,2427.0,3.5933836844776222e-09,2431.0,BID
1236,1712614920.522911,936693.81338998,2427.0,0.0,2431.0,BID
1237,1712614920.680671,936696.28557786,2427.0,1.081516044126243e-09,2431.0,BID
1238,1712614950.5154848,936696.28557786,2427.0,0.0,2431.0,BID
1239,1712614962.899515,936698.75776574,2426.0,-1.081513205378656e-09,2431.0,ASK
1240,1712614980.8004332,936698.75776574,2426.0,-0.0,2431.0,ASK
1241,1712614989.9860718,936701.22995362,2427.0,1.0815103677137794e-09,2431.0,BID
1242,1712614994.7502923,936874.06277906,2427.0,7.560933944775936e-08,2431.0,BID
1243,1712615007.4102702,937310.82214968,2427.0,1.910695345408555e-07,2431.0,BID
1244,1712615010.745481,937310.82214968,2427.0,0.0,2431.0,BID
1245,1712615019.3506825,937495.10166216,2427.0,8.05645771934313e-08,2431.0,BID
1246,1712615022.180886,937907.13297653,2427.0,1.8013466709312836e-07,2431.0,BID
1247,1712615023.6706688,937915.26446908,2427.0,3.554981508402177e-09,2431.0,BID
1248,1712615027.140812,937917.73665696,2426.0,-1.080807999822438e-09,2431.0,ASK
1249,1712615040.545549,937917.73665696,2426.0,-0.0,2431.0,ASK
1250,1712615055.0211232,937920.20884484,2427.0,1.0801124430029403e-09,2431.0,BID
1251,1712615070.5552506,937920.20884484,2427.0,0.0,2431.0,BID
1252,1712615073.721424,938020.20884484,2427.0,4.3690433899591664e-08,2431.0,BID
1253,1712615092.171818,938022.68103272,2426.0,-1.0801096116189323e-09,2431.0,ASK
1254,1712615100.740781,938022.68103272,2426.0,-0.0,2431.0,ASK
1255,1712615122.132068,938025.1532206,2427.0,1.079992262817458e-09,2431.0,BID
1256,1712615130.140921,938029.27353374,2427.0,1.799987107628507e-09,2431.0,BID
1257,1712615130.7688396,938029.27353374,2427.0,0.0,2431.0,BID
1258,1712615144.174763,938071.28223374,2427.0,1.8351660981896145e-08,2431.0,BID
1259,1712615144.8124511,938123.26793374,2427.0,2.2710151523561773e-08,2431.0,BID
1260,1712615154.1131566,938125.74012162,2426.0,-1.0799847140375754e-09,2431.0,ASK
1261,1712615160.5671744,938125.74012162,2426.0,-0.0,2431.0,ASK
1262,1712615170.063188,938133.74240537,2427.0,3.4954707019847793e-09,2431.0,BID
1263,1712615170.0672655,939093.8973874,2427.0,4.194044742610901e-07,2431.0,BID
1264,1712615170.0707746,942976.04290467,2428.0,1.6957566540280804e-06,2431.0,BID
1265,1712615170.073597,942980.16321782,2427.0,1.7997904534227875e-09,2431.0,BID
1266,1712615185.1729667,942982.6343875,2428.0,1.0794295086219328e-09,2431.0,BID
1267,1712615185.2728765,942986.75300365,2428.0,1.799049188308287e-09,2431.0,BID
1268,1712615185.282627,943010.1649801,2428.0,1.0226565354759317e-08,2431.0,BID
1269,1712615188.7976432,945069.29240032,2427.0,-8.994456824959928e-07,2431.0,ASK
1270,1712615188.8014612,945197.90809913,2426.0,-5.618051309499793e-08,2431.0,ASK
1271,1712615188.805183,945265.51354212,2425.0,-2.9530675573277352e-08,2431.0,ASK
1272,1712615188.8081248,945746.6480779,2426.0,-2.101639639478284e-07,2431.0,ASK
1273,1712615188.809793,945796.09183558,2427.0,-2.1597485388645792e-08,2431.0,ASK
1274,1712615188.811502,945817.98463666,2428.0,-9.562975664255026e-09,2431.0,ASK
1275,1712615188.8131852,945836.82261925,2424.0,-8.228603019511061e-09,2431.0,ASK
1276,1712615188.8148923,946237.6345793,2426.0,-1.75078328528662e-07,2431.0,ASK
1277,1712615188.816607,946320.14283012,2424.0,-3.6040358280746766e-08,2431.0,ASK
1278,1712615188.818322,948045.42781649,2425.0,-7.536202552728894e-07,2431.0,ASK
1279,1712615188.820165,948047.4909353,2424.0,-9.01189158072006e-10,2431.0,ASK
1280,1712615190.5110729,948047.4909353,2424.0,-0.0,2431.0,ASK
1281,1712615212.9331694,948049.96108763,2429.0,1.067754502142149e-09,2431.0,BID
1282,1712615212.9361906,948059.84169693,2429.0,4.271017999913213e-09,2431.0,BID
1283,1712615219.7837198,948062.31286661,2424.0,-1.0681942645142439e-09,2431.0,ASK
1284,1712615220.7631106,948062.31286661,2424.0,-0.0,2431.0,ASK
1285,1712615249.5835533,948064.78301893,2429.0,1.0677378868225664e-09,2431.0,BID
1286,1712615250.795751,948064.78301893,2429.0,0.0,2431.0,BID
1287,1712615279.7039793,948068.89993948,2429.0,1.779558536569052e-09,2431.0,BID
1288,1712615279.7083888,948071.13107738,2429.0,9.644199950030138e-10,2431.0,BID
1289,1712615280.5529828,948071.13107738,2429.0,0.0,2431.0,BID
1290,1712615282.3540928,948086.78301838,2429.0,-6.765581029814966e-09,2431.0,ASK
1291,1712615282.4336317,948086.78301893,2429.0,-2.377151876439456e-16,2431.0,ASK
1292,1712615283.754316,948089.25317125,2425.0,-1.0677280010744503e-09,2431.0,ASK
1293,1712615305.094102,948091.72332357,2429.0,1.0677280010744503e-09,2431.0,BID
1294,1712615310.5158274,948091.72332357,2429.0,0.0,2431.0,BID
1295,1712615330.1843824,948095.88132772,2425.0,-1.7972662889630499e-09,2431.0,ASK
1296,1712615335.2527723,948099.99824826,2429.0,1.779508204872751e-09,2431.0,BID
1297,1712615340.547294,948099.99824826,2429.0,0.0,2431.0,BID
1298,1712615344.8366978,948102.46840058,2425.0,-1.06769565274431e-09,2431.0,ASK
1299,1712615351.704631,948135.37082956,2429.0,1.4221706128141289e-08,2431.0,BID
1300,1712615370.5292094,948135.37082956,2429.0,0.0,2431.0,BID
1301,1712615375.3649943,948137.84098188,2429.0,1.0676560067412471e-09,2431.0,BID
1302,1712615400.670445,948137.84098188,2429.0,0.0,2431.0,BID
1303,1712615410.8786645,948140.3111342,2425.0,-1.0676532379571994e-09,2431.0,ASK
1304,1712615421.076017,948160.25610734,2424.0,-8.620648605990805e-09,2431.0,ASK
1305,1712615421.078379,948181.68764623,2425.0,-9.263174463021254e-09,2431.0,ASK
1306,1712615421.0806508,948261.83317787,2424.0,-3.4640631539515495e-08,2431.0,ASK
1307,1712615430.5485797,948261.83317787,2424.0,-0.0,2431.0,ASK
1308,1712615460.7437105,948261.83317787,2424.0,-0.0,2431.0,ASK
1309,1712615477.0256512,948264.30333019,2429.0,1.0675145490287603e-09,2431.0,BID
1310,1712615490.7769096,948264.30333019,2429.0,0.0,2431.0,BID
1311,1712615503.866317,948264.36302555,2429.0,2.5798206682706567e-11,2431.0,BID
1312,1712615503.8696046,948305.47253562,2429.0,1.7766064851448072e-08,2431.0,BID
1313,1712615513.2762873,948307.94268794,2425.0,-1.0675117809783562e-09,2431.0,ASK
1314,1712615520.4656336,948307.94268794,2425.0,-0.0,2431.0,ASK
1315,1712615534.30227,948310.41284026,2429.0,1.067462885679224e-09,2431.0,BID
1316,1712615550.5891895,948310.41284026,2429.0,0.0,2431.0,BID
1317,1712615565.8666494,949032.18155762,2429.0,3.1190761553120085e-07,2431.0,BID
1318,1712615565.8709683,949463.61295539,2429.0,1.864402478344579e-07,2431.0,BID
1319,1712615565.966589,949957.18105739,2429.0,-2.132922168754475e-07,2431.0,ASK
1320,1712615565.9861765,949957.18105763,2429.0,-1.0373533828947448e-16,2431.0,ASK
1321,1712615580.7760575,949957.18105763,2429.0,-0.0,2431.0,ASK
1322,1712615581.787034,949959.65120995,2425.0,-1.065618118384278e-09,2431.0,ASK
1323,1712615609.0266569,949962.12136227,2429.0,1.065618118384278e-09,2431.0,BID
1324,1712615610.796377,949962.12136227,2429.0,0.0,2431.0,BID
1325,1712615640.5269709,949962.12136227,2429.0,0.0,2431.0,BID
1326,1712615651.906837,949964.59151459,2425.0,-1.0656126064920458e-09,2431.0,ASK
1327,1712615656.848724,949977.59151459,2430.0,5.6081415596455605e-09,2431.0,BID
1328,1712615656.8517787,951478.25776973,2430.0,6.473806763544756e-07,2431.0,BID
1329,1712615670.5375218,951478.25776973,2430.0,0.0,2431.0,BID
1330,1712615676.827187,951480.72690553,2430.0,1.0634838395652296e-09,2431.0,BID
1331,1712615700.8227174,951480.72690553,2430.0,0.0,2431.0,BID
1332,1712615707.6672254,951601.5227903,2430.0,5.205046493797466e-08,2431.0,BID
1333,1712615713.9964435,951603.9919261,2425.0,-1.0639407677764296e-09,2431.0,ASK
1334,1712615730.7423892,951603.9919261,2425.0,-0.0,2431.0,ASK
1335,1712615740.434681,951606.4610619,2430.0,1.063803470442987e-09,2431.0,BID
1336,1712615758.3975008,951688.76558864,2430.0,3.5460115712630194e-08,2431.0,BID
1337,1712615760.3076346,951731.76558864,2430.0,1.8526137456086013e-08,2431.0,BID
1338,1712615760.5172234,951731.76558864,2430.0,0.0,2431.0,BID
1339,1712615771.268987,951734.23472444,2425.0,-1.063661182744684e-09,2431.0,ASK
1340,1712615771.5747485,951898.84377793,2430.0,7.091074558301142e-08,2431.0,BID
1341,1712615790.5350266,951898.84377793,2430.0,0.0,2431.0,BID
1342,1712615795.4076755,951901.31291373,2430.0,1.063475188920697e-09,2431.0,BID
1343,1712615820.7847705,951901.31291373,2430.0,0.0,2431.0,BID
1344,1712615839.678396,951903.78204953,2425.0,-1.0634724405975286e-09,2431.0,ASK
1345,1712615841.3292887,951960.63883328,2425.0,-2.448857716992416e-08,2431.0,ASK
1346,1712615850.7520716,951960.63883328,2425.0,-0.0,2431.0,ASK
1347,1712615853.468921,951980.08110093,2425.0,-8.373389072895654e-09,2431.0,ASK
1348,1712615853.4729323,952063.15747989,2425.0,-3.5779306011064054e-08,2431.0,ASK
1349,1712615867.1380908,952065.62661569,2430.0,1.063406547971619e-09,2431.0,BID
1350,1712615882.2408447,952065.62661569,2430.0,0.0,2431.0,BID
1351,1712615888.0283358,952094.22669197,2429.0,1.231612039384829e-08,2431.0,BID
1352,1712615888.032064,952938.43344699,2430.0,3.635428077292122e-07,2431.0,BID
1353,1712615902.8786385,952940.90258279,2425.0,-1.063289953638685e-09,2431.0,ASK
1354,1712615910.5555315,952940.90258279,2425.0,-0.0,2431.0,ASK
1355,1712615930.6783864,952943.37171859,2430.0,1.0623169739556623e-09,2431.0,BID
1356,1712615940.7673016,952943.37171859,2430.0,0.0,2431.0,BID
1357,1712615960.868567,953066.82850871,2430.0,5.311571163431653e-08,2431.0,BID
1358,1712615962.068683,953069.29764451,2425.0,-1.0623142316655735e-09,2431.0,ASK
1359,1712615970.761117,953069.29764451,2425.0,-0.0,2431.0,ASK
1360,1712615974.1188183,953111.06856329,2430.0,1.7969040245645285e-08,2431.0,BID
1361,1712615974.122829,953151.60217125,2430.0,1.7436773094938817e-08,2431.0,BID
1362,1712616000.619356,953151.60217125,2430.0,0.0,2431.0,BID
1363,1712616013.574134,953357.36348812,2430.0,8.854163824168417e-08,2431.0,BID
1364,1712616026.1189475,953768.88612186,2430.0,1.7708327648336834e-07,2431.0,BID
1365,1712616029.610259,953771.35525766,2430.0,1.062499657862042e-09,2431.0,BID
1366,1712616030.5302238,953771.35525766,2430.0,0.0,2431.0,BID
1367,1712616035.3294113,953809.15968784,2430.0,1.6257178168423282e-08,2431.0,BID
1368,1712616035.3338804,954182.8778914,2430.0,1.6071141374516837e-07,2431.0,BID
1369,1712616043.0587945,954232.70903133,2430.0,2.1429068400701745e-08,2431.0,BID
1370,1712616060.7401035,954232.70903133,2430.0,0.0,2431.0,BID
1371,1712616069.8692298,954235.17816713,2430.0,-1.061299891064926e-09,2431.0,ASK
1372,1712616090.7174551,954235.17816713,2430.0,-0.0,2431.0,ASK
1373,1712616097.1291394,954237.64628724,2431.0,1.060860584699123e-09,2431.0,BID
1374,1712616103.05309,954241.75982076,2431.0,1.7681009759496472e-09,2431.0,BID
1375,1712616120.536942,954241.75982076,2431.0,0.0,2431.0,BID
1376,1712616131.8099804,954244.22794087,2430.0,-1.0608532889929919e-09,2431.0,ASK
1377,1712616150.5139403,954244.22794087,2430.0,-0.0,2431.0,ASK
1378,1712616161.5691354,954246.69606098,2431.0,1.0608505542544687e-09,2431.0,BID
1379,1712616180.7408528,954246.69606098,2431.0,0.0,2431.0,BID
1380,1712616199.3192563,954249.16418109,2430.0,-1.060847818404647e-09,2431.0,ASK
1381,1712616210.7486308,954249.16418109,2430.0,-0.0,2431.0,ASK
1382,1712616235.5504284,954372.62097121,2430.0,-5.3064082382964974e-08,2431.0,ASK
1383,1712616235.554227,954820.69846409,2430.0,-1.9259225007413573e-07,2431.0,ASK
1384,1712616235.630456,954820.6984649,2430.0,-3.481610992890049e-16,2431.0,ASK
1385,1712616240.518113,954820.6984649,2430.0,-0.0,2431.0,ASK
1386,1712616246.0596786,954824.81369123,2430.0,1.767747495116384e-09,2431.0,BID
1387,1712616257.2797122,954827.28181134,2431.0,1.060212195443304e-09,2431.0,BID
1388,1712616270.5545173,954827.28181134,2431.0,0.0,2431.0,BID
1389,1712616294.4498696,954829.74993145,2430.0,-1.06020490865257e-09,2431.0,ASK
1390,1712616300.5399728,954829.74993145,2430.0,-0.0,2431.0,ASK
1391,1712616316.4898229,954832.21805156,2431.0,1.060202177255898e-09,2431.0,BID
1392,1712616319.6196718,954867.41166671,2430.0,-1.5117719456437266e-08,2431.0,ASK
1393,1712616319.7200894,954871.52689287,2430.0,-1.7677307182056643e-09,2431.0,ASK
1394,1712616319.730105,955210.57022071,2430.0,-1.4563897150118593e-07,2431.0,ASK
1395,1712616319.8100762,955210.57022088,2430.0,-7.301051300719221e-17,2431.0,ASK
1396,1712616330.5176077,955210.57022088,2430.0,-0.0,2431.0,ASK
1397,1712616360.754803,955210.57022088,2430.0,-0.0,2431.0,ASK
1398,1712616370.360207,955254.18706547,2424.0,-1.8728545143679412e-08,2431.0,ASK
1399,1712616370.3653336,955269.31247801,2424.0,-6.494669071852366e-09,2431.0,ASK
1400,1712616374.0101285,955289.93954071,2424.0,8.857011060501141e-09,2431.0,BID
1401,1712616390.7632918,955289.93954071,2424.0,0.0,2431.0,BID
1402,1712616394.3419256,955292.00351099,2423.0,-8.861706496734034e-10,2431.0,ASK
1403,1712616394.3444142,955292.40766082,2423.0,-1.7352271056601528e-10,2431.0,ASK
1404,1712616402.9348917,956556.00615429,2424.0,5.425290803541301e-07,2431.0,BID
1405,1712616416.1842246,956558.4742744,2431.0,1.0596933601894361e-09,2431.0,BID
1406,1712616420.51996,956558.4742744,2431.0,0.0,2431.0,BID
1407,1712616431.590265,956582.68618148,2424.0,-1.0381734753565546e-08,2431.0,ASK
1408,1712616450.575977,956582.68618148,2424.0,-0.0,2431.0,ASK
1409,1712616459.9703226,956585.15430159,2424.0,-1.0582695297118832e-09,2431.0,ASK
1410,1712616480.7383482,956585.15430159,2424.0,-0.0,2431.0,ASK
1411,1712616488.636929,956587.62343739,2430.0,1.0587023168244223e-09,2431.0,BID
1412,1712616510.7593927,956587.62343739,2430.0,0.0,2431.0,BID
1413,1712616524.410648,956590.09257319,2424.0,-1.058699593214398e-09,2431.0,ASK
1414,1712616530.810669,956599.72939093,2430.0,4.132010487698863e-09,2431.0,BID
1415,1712616540.5200324,956599.72939093,2430.0,0.0,2431.0,BID
1416,1712616545.6406436,956602.19751104,2431.0,1.0582507509636147e-09,2431.0,BID
1417,1712616570.569144,956602.19751104,2431.0,0.0,2431.0,BID
1418,1712616588.716337,956604.66563115,2430.0,-1.058248028506719e-09,2431.0,ASK
1419,1712616600.585276,956604.66563115,2430.0,-0.0,2431.0,ASK
1420,1712616630.506222,956604.66563115,2430.0,-0.0,2431.0,ASK
1421,1712616642.3129168,956607.13375126,2431.0,1.058245307183715e-09,2431.0,BID
1422,1712616660.766988,956607.13375126,2431.0,0.0,2431.0,BID
1423,1712616670.101111,957155.05929486,2431.0,2.349310883071993e-07,2431.0,BID
1424,1712616684.2712626,957157.52741497,2430.0,-1.0582425847548296e-09,2431.0,ASK
1425,1712616690.750635,957157.52741497,2430.0,-0.0,2431.0,ASK
1426,1712616712.9710011,957159.99553508,2431.0,1.057635830707294e-09,2431.0,BID
1427,1712616720.5562868,957159.99553508,2431.0,0.0,2431.0,BID
1428,1712616747.0526114,957162.46365519,2430.0,-1.057633111413364e-09,2431.0,ASK
1429,1712616750.5517485,957162.46365519,2430.0,-0.0,2431.0,ASK
1430,1712616763.3313644,957220.39631695,2430.0,-2.4825106197797545e-08,2431.0,ASK
1431,1712616768.4313283,957222.86443706,2431.0,1.0576303932520003e-09,2431.0,BID
1432,1712616780.7923417,957222.86443706,2431.0,0.0,2431.0,BID
1433,1712616810.7549863,957222.86443706,2431.0,0.0,2431.0,BID
1434,1712616816.6714215,957225.33255717,2430.0,-1.0575638766006803e-09,2431.0,ASK
1435,1712616818.2814157,957241.78669127,2431.0,7.050425858320887e-09,2431.0,BID
1436,1712616837.5413296,957244.25481138,2431.0,1.0575638766006803e-09,2431.0,BID
1437,1712616840.5474722,957244.25481138,2431.0,0.0,2431.0,BID
1438,1712616863.1412864,957326.4843671,2431.0,3.5233727013071835e-08,2431.0,BID
1439,1712616870.5093658,957326.4843671,2431.0,0.0,2431.0,BID
1440,1712616881.1214068,957328.95248721,2430.0,-1.057449740232105e-09,2431.0,ASK
1441,1712616900.5828743,957328.95248721,2430.0,-0.0,2431.0,ASK
1442,1712616923.3912702,957341.29308778,2431.0,5.2872351236448934e-09,2431.0,BID
1443,1712616930.5550475,957341.29308778,2431.0,0.0,2431.0,BID
1444,1712616943.100937,957343.76120789,2431.0,1.0574334315372944e-09,2431.0,BID
1445,1712616944.763115,957448.78149199,2430.0,-4.499455231025034e-08,2431.0,ASK
1446,1712616946.1312554,957600.48259617,2430.0,-6.499433253347062e-08,2431.0,ASK
1447,1712616946.1354408,957866.1093625,2430.0,-1.1380427633636885e-07,2431.0,ASK
1448,1712616960.7654283,957866.1093625,2430.0,-0.0,2431.0,ASK
1449,1712616980.1908803,957868.57748261,2430.0,-1.0568559781106536e-09,2431.0,ASK
1450,1712616980.2906132,957904.29757127,2430.0,-1.529544250549497e-08,2431.0,ASK
1451,1712616983.323213,958211.3691762,2430.0,1.314889255449612e-07,2431.0,BID
1452,1712616990.7819428,958211.3691762,2430.0,0.0,2431.0,BID
1453,1712617007.6612256,958213.83729631,2431.0,1.0564764345414003e-09,2431.0,BID
1454,1712617007.7409585,958218.83729631,2430.0,-2.140245181476148e-09,2431.0,ASK
1455,1712617020.5751595,958218.83729631,2430.0,-0.0,2431.0,ASK
1456,1712617037.751332,958221.30541642,2429.0,-1.0564682267446615e-09,2431.0,ASK
1457,1712617050.5548058,958221.30541642,2429.0,-0.0,2431.0,ASK
1458,1712617061.6511726,958223.77353653,2431.0,1.056465515683716e-09,2431.0,BID
1459,1712617080.7909293,958223.77353653,2431.0,0.0,2431.0,BID
1460,1712617100.6412797,958323.77353653,2429.0,-4.2804351300773326e-08,2431.0,ASK
1461,1712617100.6447492,958406.11194739,2429.0,-3.524442264000731e-08,2431.0,ASK
1462,1712617100.6471734,958414.36277247,2424.0,-3.531712152443893e-09,2431.0,ASK
1463,1712617100.6490867,958453.06385779,2429.0,-1.656574851757428e-08,2431.0,ASK
1464,1712617100.6511238,958550.14030507,2423.0,-4.15529435240444e-08,2431.0,ASK
1465,1712617100.653077,958771.69908013,2424.0,-9.483679641437052e-08,2431.0,ASK
1466,1712617110.7881453,958771.69908013,2424.0,-0.0,2431.0,ASK
1467,1712617138.1367562,958774.16720024,2423.0,-1.0558620731390863e-09,2431.0,ASK
1468,1712617140.5815728,958774.16720024,2423.0,-0.0,2431.0,ASK
1469,1712617167.2704303,958776.63836992,2428.0,1.0571639749523167e-09,2431.0,BID
1470,1712617167.3702564,958817.01210169,2428.0,1.7271843009011945e-08,2431.0,BID
1471,1712617167.8803687,958954.84530169,2428.0,-5.8964908306877174e-08,2431.0,ASK
1472,1712617168.4423325,959019.30173415,2428.0,-2.7574398837087484e-08,2431.0,ASK
1473,1712617170.5494294,959019.30173415,2428.0,-0.0,2431.0,ASK
1474,1712617176.3706949,959125.70877425,2423.0,-4.5509240227856936e-08,2431.0,ASK
1475,1712617176.3739688,959432.06453157,2423.0,-1.3102533198896457e-07,2431.0,ASK
1476,1712617176.3760226,959451.22603507,2421.0,-8.195185817522026e-09,2431.0,ASK
1477,1712617176.3780894,959465.15401691,2423.0,-5.956860287152595e-09,2431.0,ASK
1478,1712617176.380182,960508.15374722,2421.0,-4.4608068450808173e-07,2431.0,ASK
1479,1712617200.803472,960508.15374722,2421.0,-0.0,2431.0,ASK
1480,1712617201.3303602,960510.6249169,2421.0,-1.0552676678639301e-09,2431.0,ASK
1481,1712617217.940425,960513.09303701,2431.0,1.0539654050436943e-09,2431.0,BID
1482,1712617229.420189,960515.56115712,2431.0,1.0539654049939814e-09,2431.0,BID
1483,1712617230.5495136,960515.56115712,2431.0,0.0,2431.0,BID
1484,1712617253.5302572,960518.5876455,2421.0,-1.292396404522881e-09,2431.0,ASK
1485,1712617260.7841086,960518.5876455,2421.0,-0.0,2431.0,ASK
1486,1712617264.910061,960521.05576561,2422.0,-1.0539540137551375e-09,2431.0,ASK
1487,1712617290.7959242,960521.05576561,2422.0,-0.0,2431.0,ASK
1488,1712617293.0503457,960523.52490141,2430.0,1.0543850493573462e-09,2431.0,BID
1489,1712617293.1598897,960542.05948029,2430.0,7.914746069072495e-09,2431.0,BID
1490,1712617320.54606,960542.05948029,2430.0,0.0,2431.0,BID
1491,1712617332.9098384,960544.52861609,2430.0,-1.0543620694983307e-09,2431.0,ASK
1492,1712617350.5520887,960544.52861609,2430.0,-0.0,2431.0,ASK
1493,1712617361.810406,960546.9967362,2431.0,1.0539256527390423e-09,2431.0,BID
1494,1712617376.4598188,961816.59412192,2431.0,5.421378190006462e-07,2431.0,BID
1495,1712617376.469614,962430.37507993,2431.0,2.620940100085043e-07,2431.0,BID
1496,1712617376.6104078,962508.532217,2431.0,3.3374312445106654e-08,2431.0,BID
1497,1712617380.7802193,962508.532217,2431.0,0.0,2431.0,BID
1498,1712617396.759764,962511.00033711,2424.0,-1.0517812993026835e-09,2431.0,ASK
1499,1712617410.7854908,962511.00033711,2424.0,-0.0,2431.0,ASK
1500,1712617440.5537002,962511.00033711,2424.0,-0.0,2431.0,ASK
1501,1712617449.4996955,962513.47456391,2425.0,1.054380957093749e-09,2431.0,BID
1502,1712617470.544471,962513.47456391,2425.0,0.0,2431.0,BID
1503,1712617494.7266977,962515.7444302,2423.0,-9.672911439869611e-10,2431.0,ASK
1504,1712617500.5402274,962518.218657,2423.0,-1.054378261181576e-09,2431.0,ASK
1505,1712617500.7519677,962518.218657,2423.0,-0.0,2431.0,ASK
1506,1712617506.0598755,962619.1790373,2423.0,-4.3091348239391135e-08,2431.0,ASK
1507,1712617506.0645745,962690.95862492,2423.0,-3.0636564535689025e-08,2431.0,ASK
1508,1712617520.035545,962693.43285172,2425.0,1.0560357275427436e-09,2431.0,BID
1509,1712617521.1508076,962697.56167087,2422.0,-1.762239635814079e-09,2431.0,ASK
1510,1712617521.153279,966536.00931744,2422.0,-1.6383048849996282e-06,2431.0,ASK
1511,1712617521.155404,967538.53020347,2421.0,-4.278903911493698e-07,2431.0,ASK
1512,1712617521.1582248,967657.42657691,2422.0,-5.074668911778474e-08,2431.0,ASK
1513,1712617521.161837,967661.55710148,2421.0,-1.7629675336848319e-09,2431.0,ASK
1514,1712617521.1651812,967683.70044764,2422.0,-9.451099904070705e-09,2431.0,ASK
1515,1712617521.1673024,969446.7379129,2421.0,-7.524898494718146e-07,2431.0,ASK
1516,1712617530.7710073,969446.7379129,2421.0,-0.0,2431.0,ASK
1517,1712617560.4629292,969446.7379129,2421.0,-0.0,2431.0,ASK
1518,1712617565.7197611,969449.2121397,2421.0,-1.0485270013073674e-09,2431.0,ASK
1519,1712617590.5879898,969449.2121397,2421.0,-0.0,2431.0,ASK
1520,1712617598.4999049,969461.58327372,2425.0,5.2426217069090595e-09,2431.0,BID
1521,1712617600.9695146,969766.73400444,2421.0,-1.2931634579017554e-07,2431.0,ASK
1522,1712617603.449592,969858.27922365,2421.0,-3.8794903734497146e-08,2431.0,ASK
1523,1712617620.757659,969858.27922365,2421.0,-0.0,2431.0,ASK
1524,1712617626.9993875,977990.77586755,2421.0,-3.444932069800639e-06,2431.0,ASK
1525,1712617630.529933,979580.36466734,2421.0,-6.73351084417542e-07,2431.0,ASK
1526,1712617634.7399282,979621.68698138,2420.0,-1.750416521126641e-08,2431.0,ASK
1527,1712617634.7433922,981177.44759305,2420.0,-6.590214369279266e-07,2431.0,ASK
1528,1712617634.7460914,981849.00294229,2421.0,-2.844713819806588e-07,2431.0,ASK
1529,1712617634.8994665,981920.78252929,2419.0,-3.0405890348385094e-08,2431.0,ASK
1530,1712617634.9992564,981920.78252991,2419.0,-2.626443574285787e-16,2431.0,ASK
1531,1712617635.0394638,982111.67747832,2419.0,8.086325252083108e-08,2431.0,BID
1532,1712617635.044244,982206.37522357,2420.0,4.011404047666944e-08,2431.0,BID
1533,1712617646.959512,982208.44346178,2418.0,-8.761073566171844e-10,2431.0,ASK
1534,1712617646.9702666,984276.44346178,2417.0,-8.760064506994062e-07,2431.0,ASK
1535,1712617646.9744575,986692.3836274,2415.0,-1.0233941825855743e-06,2431.0,ASK
1536,1712617646.9782531,986704.80598764,2415.0,-5.262121713329766e-09,2431.0,ASK
1537,1712617646.9820666,986791.80598764,2417.0,-3.6853269444317375e-08,2431.0,ASK
1538,1712617646.9852026,986912.13357138,2415.0,-5.097086051901002e-08,2431.0,ASK
1539,1712617647.069253,987430.39506838,2415.0,2.1953598381099162e-07,2431.0,BID
1540,1712617647.079696,987567.59087757,2415.0,5.8116254283995374e-08,2431.0,BID
1541,1712617647.1693194,987975.53584657,2415.0,1.7280581449440213e-07,2431.0,BID
1542,1712617647.5713303,987975.53584728,2415.0,3.00763788200695e-16,2431.0,BID
1543,1712617650.800483,987975.53584728,2415.0,0.0,2431.0,BID
1544,1712617653.7697897,987985.06162047,2425.0,3.961573939371531e-09,2431.0,BID
1545,1712617671.8091948,987989.18533181,2425.0,1.7149670743054415e-09,2431.0,BID
1546,1712617680.555692,987989.18533181,2425.0,0.0,2431.0,BID
1547,1712617692.8594658,988073.60054152,2425.0,3.510607326170517e-08,2431.0,BID
1548,1712617692.959349,988400.61590518,2425.0,-1.3599711892899517e-07,2431.0,ASK
1549,1712617701.329504,988603.54701694,2425.0,8.439373071508903e-08,2431.0,BID
1550,1712617710.568985,988603.54701694,2425.0,0.0,2431.0,BID
1551,1712617740.7938323,988603.54701694,2425.0,0.0,2431.0,BID
1552,1712617770.7783954,988603.54701694,2425.0,0.0,2431.0,BID
1553,1712617795.8093302,988606.04701694,2425.0,1.0390407080718834e-09,2431.0,BID
1554,1712617795.909403,988808.1088726,2425.0,8.398019743173608e-08,2431.0,BID
1555,1712617800.5692482,988808.1088726,2425.0,0.0,2431.0,BID
1556,1712617801.7531283,988863.7247969,2430.0,2.3139475058627384e-08,2431.0,BID
