,time,acc_trade_volume,trade_price,dev,high,ask_bid
0,1712601588.4819283,8666218.0248084,551.4,0.0,553.6,BID
1,1712601600.306783,8666218.0248084,551.4,0.0,553.6,BID
2,1712601603.5088658,8666405.78297588,550.6,-3.693027481679696e-08,553.6,ASK
3,1712601609.0364068,8666586.94239616,552.0,3.563236298234192e-08,553.6,BID
4,1712601630.3065135,8666586.94239616,552.0,0.0,553.6,BID
5,1712601660.4862916,8666586.94239616,552.0,0.0,553.6,BID
6,1712601673.3758898,8666597.81196137,552.0,2.137856257088584e-09,553.6,BID
7,1712601690.476214,8666597.81196137,552.0,0.0,553.6,BID
8,1712601710.0359762,8666608.68152658,551.4,-2.1378537345808955e-09,553.6,ASK
9,1712601720.316713,8666608.68152658,551.4,-0.0,553.6,ASK
10,1712601742.0566988,8666619.55109179,552.0,2.137851214088706e-09,553.6,BID
11,1712601750.295744,8666619.55109179,552.0,0.0,553.6,BID
12,1712601776.6160295,8666630.420657,551.4,-2.13784869122657e-09,553.6,ASK
13,1712601780.465585,8666630.420657,551.4,-0.0,553.6,ASK
14,1712601798.8557482,8666790.03807355,551.4,-3.139384844233536e-08,553.6,ASK
15,1712601808.9456916,8666800.91946636,551.4,2.140172445190604e-09,553.6,BID
16,1712601810.4959347,8666800.91946636,551.4,0.0,553.6,BID
17,1712601840.3062427,8666800.91946636,551.4,0.0,553.6,BID
18,1712601846.117562,8666811.80085917,550.8,-2.140132873089531e-09,553.6,ASK
19,1712601870.3156934,8666811.80085917,550.8,-0.0,553.6,ASK
20,1712601882.1854086,8666822.68225198,551.4,2.1401303503355767e-09,553.6,BID
21,1712601889.26571,8666826.75815698,550.8,-8.016407591571164e-10,553.6,ASK
22,1712601889.272297,8667004.03879895,550.8,-3.486719843838004e-08,553.6,ASK
23,1712601900.315704,8667004.03879895,550.8,-0.0,553.6,ASK
24,1712601930.305351,8667004.03879895,550.8,-0.0,553.6,ASK
25,1712601935.4273694,8667185.46115018,551.2,-3.5681038336518096e-08,553.6,ASK
26,1712601935.4289997,8668276.00905647,550.8,-2.144822916708085e-07,553.6,ASK
27,1712601945.8048985,8668286.89044928,550.6,-2.1400857799150436e-09,553.6,ASK
28,1712601960.475489,8668286.89044928,550.6,-0.0,553.6,ASK
29,1712601980.5673325,8668297.77184209,551.4,2.13978838663477e-09,553.6,BID
30,1712601990.494986,8668297.77184209,551.4,0.0,553.6,BID
31,1712602008.2049613,8668308.6532349,550.8,-2.1397858619456912e-09,553.6,ASK
32,1712602020.579523,8668308.6532349,550.8,-0.0,553.6,ASK
33,1712602038.6954207,8669005.61494183,550.8,-1.370547939114044e-07,553.6,ASK
34,1712602038.6971722,8669015.13290589,550.8,-1.871670408374677e-09,553.6,ASK
35,1712602044.91466,8669026.02615207,550.8,2.1421142590231486e-09,553.6,BID
36,1712602050.2851024,8669026.02615207,550.8,0.0,553.6,BID
37,1712602077.564596,8669036.91939825,550.6,-2.141947828083114e-09,553.6,ASK
38,1712602080.4748378,8669036.91939825,550.6,-0.0,553.6,ASK
39,1712602110.4744227,8669036.91939825,550.6,-0.0,553.6,ASK
40,1712602123.5943627,8669207.24220383,550.6,-3.3490671854784195e-08,553.6,ASK
41,1712602140.2943542,8669207.24220383,550.6,-0.0,553.6,ASK
42,1712602170.304622,8669207.24220383,550.6,-0.0,553.6,ASK
43,1712602181.476925,8669218.13940688,550.6,2.1426838328097797e-09,553.6,BID
44,1712602193.8942122,8669568.93845188,550.5,-6.897654735807589e-08,553.6,ASK
45,1712602200.3244314,8669568.93845188,550.5,-0.0,553.6,ASK
46,1712602210.3543096,8669579.83565493,550.5,-2.1445155266938084e-09,553.6,ASK
47,1712602230.3147967,8669579.83565493,550.5,-0.0,553.6,ASK
48,1712602236.9641037,8670922.14670385,550.5,-2.641598467836083e-07,553.6,ASK
49,1712602245.0940344,8674555.20755761,550.6,7.149675175927111e-07,553.6,BID
50,1712602245.174651,8675366.74640142,550.6,1.5970663194066357e-07,553.6,BID
51,1712602249.8348272,8675740.92669522,550.6,7.36367395315525e-08,553.6,BID
52,1712602260.3151548,8675740.92669522,550.6,0.0,553.6,BID
53,1712602280.4340796,8675751.80808803,551.4,2.1399730618113477e-09,553.6,BID
54,1712602290.3243306,8675751.80808803,551.4,0.0,553.6,BID
55,1712602312.6537614,8675762.68948084,550.7,-2.139970536320147e-09,553.6,ASK
56,1712602320.4640117,8675762.68948084,550.7,-0.0,553.6,ASK
57,1712602350.5036492,8675762.68948084,550.7,-0.0,553.6,ASK
58,1712602353.9240031,8675773.57087365,551.4,2.139968014773156e-09,553.6,BID
59,1712602380.2941904,8675773.57087365,551.4,0.0,553.6,BID
60,1712602381.863927,8675784.45226646,550.7,-2.139965489660181e-09,553.6,ASK
61,1712602398.6537552,8675807.63020065,550.7,-4.5582380998997606e-09,553.6,ASK
62,1712602410.303577,8675807.63020065,550.7,-0.0,553.6,ASK
63,1712602413.873448,8675818.51159346,551.4,2.139957595630752e-09,553.6,BID
64,1712602415.683707,8676747.90395177,550.7,-1.827762558953136e-07,553.6,ASK
65,1712602440.4637842,8676747.90395177,550.7,-0.0,553.6,ASK
66,1712602453.1735656,8676758.78534458,550.6,-2.139739695911669e-09,553.6,ASK
67,1712602465.053607,8677998.68273097,550.7,2.438159988084255e-07,553.6,BID
68,1712602470.4834778,8677998.68273097,550.7,0.0,553.6,BID
69,1712602485.9934356,8678009.56412378,551.4,2.1394499121654673e-09,553.6,BID
70,1712602500.3236768,8678009.56412378,551.4,0.0,553.6,BID
71,1712602530.2641804,8678317.84659848,551.4,6.061753041383348e-08,553.6,BID
72,1712602530.265737,8678462.79776415,552.0,2.8501722980179525e-08,553.6,BID
73,1712602530.2940354,8678462.79776415,552.0,0.0,553.6,BID
74,1712602555.7344368,8678473.67915696,550.7,-2.139501239749942e-09,553.6,ASK
75,1712602560.4745646,8678473.67915696,550.7,-0.0,553.6,ASK
76,1712602585.846023,8678729.02650534,550.7,-5.020637837973789e-08,553.6,ASK
77,1712602585.848067,8678783.50262664,550.7,-1.0711091288212036e-08,553.6,ASK
78,1712602585.8500516,8680480.82949558,550.4,-3.337282942512929e-07,553.6,ASK
79,1712602585.8520176,8681055.8951496,550.7,-1.1306937002538985e-07,553.6,ASK
80,1712602585.8540304,8681953.11401105,550.6,-1.7641111189655664e-07,553.6,ASK
81,1712602585.8552604,8682134.80005756,550.4,-3.5723098185098933e-08,553.6,ASK
82,1712602590.4653823,8682134.80005756,550.4,-0.0,553.6,ASK
83,1712602620.3271086,8682134.80005756,550.4,-0.0,553.6,ASK
84,1712602621.2169962,8682145.66962277,552.0,2.136326566491745e-09,553.6,BID
85,1712602650.307017,8682145.66962277,552.0,0.0,553.6,BID
86,1712602659.8170278,8682156.53918798,550.4,-2.136324047592861e-09,553.6,ASK
87,1712602680.477791,8682156.53918798,550.4,-0.0,553.6,ASK
88,1712602689.128129,8682167.40875319,552.0,2.136321535269936e-09,553.6,BID
89,1712602710.4782534,8682167.40875319,552.0,0.0,553.6,BID
90,1712602726.328595,8682178.2783184,550.4,-2.1363190160168314e-09,553.6,ASK
91,1712602740.289292,8682178.2783184,550.4,-0.0,553.6,ASK
92,1712602757.2091532,8682189.14788361,552.0,2.1363165044379117e-09,553.6,BID
93,1712602770.3218536,8682189.14788361,552.0,0.0,553.6,BID
94,1712602792.099705,8682200.01744882,550.4,-2.1363139848305863e-09,553.6,ASK
95,1712602800.4006617,8682200.01744882,550.4,-0.0,553.6,ASK
96,1712602822.630397,8682207.28745504,552.0,1.4291418804796682e-09,553.6,BID
97,1712602822.6402123,8682210.88701403,552.0,7.076033155399367e-10,553.6,BID
98,1712602830.3108077,8682210.88701403,552.0,0.0,553.6,BID
99,1712602860.4709525,8682210.88701403,552.0,0.0,553.6,BID
100,1712602865.5617154,8682221.75657924,550.4,-2.1367426761333597e-09,553.6,ASK
101,1712602880.4817455,8682294.22034735,552.0,1.4244951181057373e-08,553.6,BID
102,1712602890.4815466,8682294.22034735,552.0,0.0,553.6,BID
103,1712602893.3620026,8682305.08991256,552.0,2.136723361334529e-09,553.6,BID
104,1712602920.3138993,8682305.08991256,552.0,0.0,553.6,BID
105,1712602925.6020794,8682314.16599951,552.0,1.784161902293489e-09,553.6,BID
106,1712602925.60405,8683531.64697777,552.0,2.393303623302309e-07,553.6,BID
107,1712602933.672349,8683542.51654298,550.5,-2.136720841499786e-09,553.6,ASK
108,1712602950.3372514,8683542.51654298,550.5,-0.0,553.6,ASK
109,1712602980.4834468,8683542.51654298,550.5,-0.0,553.6,ASK
110,1712603004.7631924,8683553.38610819,552.0,2.136433978976652e-09,553.6,BID
111,1712603010.4932888,8683553.38610819,552.0,0.0,553.6,BID
112,1712603036.3736744,8683564.2556734,550.5,-2.1364314594583424e-09,553.6,ASK
113,1712603040.3139725,8683564.2556734,550.5,-0.0,553.6,ASK
114,1712603067.7037673,8683569.02648303,552.0,9.377096136497855e-10,553.6,BID
115,1712603067.7061017,8683575.12523861,552.0,1.1987193335087884e-09,553.6,BID
116,1712603070.370998,8683575.12523861,552.0,0.0,553.6,BID
117,1712603100.4645388,8683575.12523861,552.0,0.0,553.6,BID
118,1712603112.244262,8683585.99480382,550.5,-2.1364264272860273e-09,553.6,ASK
119,1712603130.4843724,8683585.99480382,550.5,-0.0,553.6,ASK
120,1712603142.9054978,8683595.53642308,552.0,1.8754148099233087e-09,553.6,BID
121,1712603142.9142952,8683596.86436903,552.0,2.6100910470868126e-10,553.6,BID
122,1712603159.7252526,8683610.49372089,552.0,2.678862741385402e-09,553.6,BID
123,1712603159.727874,8683629.78816392,552.1,3.792342077955018e-09,553.6,BID
124,1712603159.7304268,8683635.96396157,552.4,1.213859205453018e-09,553.6,BID
125,1712603160.3150485,8683635.96396157,552.4,0.0,553.6,BID
126,1712603178.8347795,8683646.83352678,550.5,-2.13641233067371e-09,553.6,ASK
127,1712603190.305313,8683646.83352678,550.5,-0.0,553.6,ASK
128,1712603218.0655885,8683649.72724397,552.4,5.687592550205908e-10,553.6,BID
129,1712603218.067961,8683655.88674908,552.4,1.2106489023357732e-09,553.6,BID
130,1712603220.4753747,8683655.88674908,552.4,0.0,553.6,BID
131,1712603242.205503,8683666.7484435,552.4,2.134860717871333e-09,553.6,BID
132,1712603250.505716,8683666.7484435,552.4,0.0,553.6,BID
133,1712603279.2258425,8683677.61013792,550.5,-2.134858200605435e-09,553.6,ASK
134,1712603280.3056884,8683677.61013792,550.5,-0.0,553.6,ASK
135,1712603310.306332,8683677.61013792,550.5,-0.0,553.6,ASK
136,1712603315.4957955,8683688.47183234,552.4,2.134855691272728e-09,553.6,BID
137,1712603340.4862232,8683688.47183234,552.4,0.0,553.6,BID
138,1712603346.666455,8683699.33352676,550.5,-2.1348531736525837e-09,553.6,ASK
139,1712603370.4863868,8683699.33352676,550.5,-0.0,553.6,ASK
140,1712603378.5563323,8683710.19522118,552.4,2.1348506646977928e-09,553.6,BID
141,1712603400.3369093,8683710.19522118,552.4,0.0,553.6,BID
142,1712603415.6066506,8683721.0569156,550.5,-2.1348691273401107e-09,553.6,ASK
143,1712603430.326653,8683721.0569156,550.5,-0.0,553.6,ASK
144,1712603434.1568525,8684080.57445613,552.4,7.066319179359372e-08,553.6,BID
145,1712603434.160448,8684083.11339641,552.4,4.990288477766896e-10,553.6,BID
146,1712603447.1168766,8684103.11339641,552.4,3.931001068239729e-09,553.6,BID
147,1712603447.1265955,8684782.90054457,552.4,1.3361220027979894e-07,553.6,BID
148,1712603447.256556,8685978.90856283,552.4,-2.350754398699625e-07,553.6,ASK
149,1712603447.2665915,8686095.11789379,552.4,-2.2840950207377025e-08,553.6,ASK
150,1712603447.7481024,8686105.98942848,551.9,2.136800723674937e-09,553.6,BID
151,1712603460.4672322,8686105.98942848,551.9,0.0,553.6,BID
152,1712603475.0168445,8686116.86096317,550.9,-2.136247561556801e-09,553.6,ASK
153,1712603490.4872117,8686116.86096317,550.9,-0.0,553.6,ASK
154,1712603512.007288,8686125.92883647,552.5,1.781827495608455e-09,553.6,BID
155,1712603512.0101848,8686127.72069167,552.5,3.52097648061343e-10,553.6,BID
156,1712603520.3176422,8686127.72069167,552.5,0.0,553.6,BID
157,1712603547.3073728,8687032.69806723,552.5,1.7782688575494713e-07,553.6,BID
158,1712603550.327979,8687032.69806723,552.5,0.0,553.6,BID
159,1712603561.1974556,8687177.71636297,550.9,-2.8493108430196083e-08,553.6,ASK
160,1712603580.337644,8687177.71636297,550.9,-0.0,553.6,ASK
161,1712603580.8474665,8687188.57609147,550.9,-2.133679499810322e-09,553.6,ASK
162,1712603610.307797,8687188.57609147,550.9,-0.0,553.6,ASK
163,1712603611.9015152,8687199.43581997,552.5,2.1336769917924264e-09,553.6,BID
164,1712603640.4775298,8687199.43581997,552.5,0.0,553.6,BID
165,1712603670.4901814,8687199.43581997,552.5,0.0,553.6,BID
166,1712603700.358397,8687199.43581997,552.5,0.0,553.6,BID
167,1712603713.4480996,8687210.29554847,551.1,-2.133691245249058e-09,553.6,ASK
168,1712603730.2983954,8687210.29554847,551.1,-0.0,553.6,ASK
169,1712603731.0681877,8691469.24758467,551.1,-8.367868485704489e-07,553.6,ASK
170,1712603760.4784238,8691469.24758467,551.1,-0.0,553.6,ASK
171,1712603772.2483408,8691480.13490094,551.1,2.138123100837068e-09,553.6,BID
172,1712603790.4983394,8691480.13490094,551.1,0.0,553.6,BID
173,1712603818.168311,8691651.61519866,550.6,-3.367639414361878e-08,553.6,ASK
174,1712603820.312504,8691651.61519866,550.6,-0.0,553.6,ASK
175,1712603823.0283327,8691662.50251493,550.6,-2.138080936674895e-09,553.6,ASK
176,1712603850.3389812,8691662.50251493,550.6,-0.0,553.6,ASK
177,1712603851.768613,8691673.3898312,551.1,2.138078419670473e-09,553.6,BID
178,1712603880.498317,8691673.3898312,551.1,0.0,553.6,BID
179,1712603883.258608,8691684.27714747,550.6,-2.1380759003862942e-09,553.6,ASK
180,1712603910.498718,8691684.27714747,550.6,-0.0,553.6,ASK
181,1712603914.2500246,8691695.16446374,551.1,2.13807338339373e-09,553.6,BID
182,1712603940.2988486,8691695.16446374,551.1,0.0,553.6,BID
183,1712603952.7689023,8691706.05178001,550.6,-2.138070864121419e-09,553.6,ASK
184,1712603970.2989583,8691706.05178001,550.6,-0.0,553.6,ASK
185,1712603990.4587636,8691716.93909628,551.1,2.1380683471407126e-09,553.6,BID
186,1712604000.339999,8691716.93909628,551.1,0.0,553.6,BID
187,1712604023.199104,8691727.82641255,550.6,-2.1380658278802703e-09,553.6,ASK
188,1712604028.3595233,8691801.60655699,551.1,1.4489044103625834e-08,553.6,BID
189,1712604028.3631954,8692942.76339398,551.1,2.241019161157914e-07,553.6,BID
190,1712604028.3661273,8694992.76339398,552.1,4.02581760145289e-07,553.6,BID
191,1712604030.320542,8694992.76339398,552.1,0.0,553.6,BID
192,1712604033.3089385,8695490.98202678,552.1,-9.780613157828637e-08,553.6,ASK
193,1712604058.3097882,8695501.84175528,552.5,2.131891432139446e-09,553.6,BID
194,1712604060.501122,8695501.84175528,552.5,0.0,553.6,BID
195,1712604090.5819488,8695501.84175528,552.5,0.0,553.6,BID
196,1712604090.8190122,8695512.70148378,552.1,-2.131773808033582e-09,553.6,ASK
197,1712604091.999139,8695530.80103129,552.5,3.552956348428952e-09,553.6,BID
198,1712604114.3492773,8695548.9005788,552.5,3.5529563487945912e-09,553.6,BID
199,1712604120.3295834,8695548.9005788,552.5,0.0,553.6,BID
200,1712604125.3294132,8695559.7603073,552.5,2.1317629297132563e-09,553.6,BID
201,1712604128.0791943,8696115.36847606,552.5,1.0906579272015828e-07,553.6,BID
202,1712604150.309763,8696115.36847606,552.5,0.0,553.6,BID
203,1712604153.0893228,8696126.22820456,552.1,-2.131631969387097e-09,553.6,ASK
204,1712604180.4799745,8696126.22820456,552.1,-0.0,553.6,ASK
205,1712604189.0793283,8697945.0283935,552.1,-3.570078262853094e-07,553.6,ASK
206,1712604191.9892802,8697955.888122,552.5,2.131629460727785e-09,553.6,BID
207,1712604210.51977,8697955.888122,552.5,0.0,553.6,BID
208,1712604219.7196732,8697966.7478505,552.1,-2.131206881305912e-09,553.6,ASK
209,1712604237.7893906,8701433.21540451,552.1,-6.802895214887476e-07,553.6,ASK
210,1712604240.2996116,8701433.21540451,552.1,-0.0,553.6,ASK
211,1712604254.56099,8701444.08496972,552.0,2.132333934338093e-09,553.6,BID
212,1712604270.3228388,8701444.08496972,552.0,0.0,553.6,BID
213,1712604286.8600018,8701454.95453493,551.1,-2.132331424480947e-09,553.6,ASK
214,1712604300.505094,8701454.95453493,551.1,-0.0,553.6,ASK
215,1712604324.339724,8701465.82410014,552.0,2.132328919087256e-09,553.6,BID
216,1712604330.479909,8701465.82410014,552.0,0.0,553.6,BID
217,1712604357.3226285,8701476.69366535,551.1,-2.132326408876514e-09,553.6,ASK
218,1712604360.3416183,8701476.69366535,551.1,-0.0,553.6,ASK
219,1712604390.3198922,8701476.69366535,551.1,-0.0,553.6,ASK
220,1712604393.2897854,8701487.56323056,552.0,2.132323903129208e-09,553.6,BID
221,1712604420.3325634,8701487.56323056,552.0,0.0,553.6,BID
222,1712604426.5400195,8701498.43279577,551.1,-2.1323213936610784e-09,553.6,ASK
223,1712604447.439731,8702282.95937267,551.1,-1.5390337803834896e-07,553.6,ASK
224,1712604450.3127797,8702282.95937267,551.1,-0.0,553.6,ASK
225,1712604463.9692223,8702293.84668894,551.1,2.135620037473385e-09,553.6,BID
226,1712604480.5000882,8702293.84668894,551.1,0.0,553.6,BID
227,1712604491.939825,8702304.73400521,550.5,-2.1356175243446324e-09,553.6,ASK
228,1712604510.512685,8702304.73400521,550.5,-0.0,553.6,ASK
229,1712604529.5701888,8702315.62132148,551.1,2.135615013227569e-09,553.6,BID
230,1712604540.33058,8702315.62132148,551.1,0.0,553.6,BID
231,1712604561.3502042,8702326.50863775,550.5,-2.135612499745274e-09,553.6,ASK
232,1712604570.320107,8702326.50863775,550.5,-0.0,553.6,ASK
233,1712604598.100477,8702337.39792994,551.0,2.135997577139562e-09,553.6,BID
234,1712604600.4205432,8702337.39792994,551.0,0.0,553.6,BID
235,1712604630.3101516,8702337.39792994,551.0,0.0,553.6,BID
236,1712604631.5104425,8702348.28722213,550.5,-2.135995063212928e-09,553.6,ASK
237,1712604660.500115,8702348.28722213,550.5,-0.0,553.6,ASK
238,1712604663.6001585,8702359.17651432,551.0,2.135992551573443e-09,553.6,BID
239,1712604690.5007138,8702359.17651432,551.0,0.0,553.6,BID
240,1712604698.110301,8702370.06580651,550.5,-2.1359900376586383e-09,553.6,ASK
241,1712604720.310331,8702370.06580651,550.5,-0.0,553.6,ASK
242,1712604730.3603342,8702380.9550987,551.0,2.135987526030972e-09,553.6,BID
243,1712604750.3425255,8702380.9550987,551.0,0.0,553.6,BID
244,1712604770.580479,8702391.84439089,550.5,-2.135985012127997e-09,553.6,ASK
245,1712604780.370601,8702391.84439089,550.5,-0.0,553.6,ASK
246,1712604800.3904595,8702402.73368308,551.0,2.1359825005121496e-09,553.6,BID
247,1712604810.3310354,8702402.73368308,551.0,0.0,553.6,BID
248,1712604836.7804627,8702413.62297527,550.5,-2.1359799866210037e-09,553.6,ASK
249,1712604840.4902368,8702413.62297527,550.5,-0.0,553.6,ASK
250,1712604869.1039512,8702651.28281513,550.5,-4.6617911964245634e-08,553.6,ASK
251,1712604870.4806905,8702651.28281513,550.5,-0.0,553.6,ASK
252,1712604870.7659314,8702662.17210732,551.0,2.135922660490845e-09,553.6,BID
253,1712604900.2313583,8702673.06139951,550.6,-2.135922660490845e-09,553.6,ASK
254,1712604900.3206642,8702673.06139951,550.6,-0.0,553.6,ASK
255,1712604930.321046,8702673.06139951,550.6,-0.0,553.6,ASK
256,1712604931.4608283,8702683.9506917,551.0,2.135917634821033e-09,553.6,BID
257,1712604960.490669,8702683.9506917,551.0,0.0,553.6,BID
258,1712604990.4933338,8702683.9506917,551.0,0.0,553.6,BID
259,1712605001.840573,8702694.83998389,550.7,-2.135915121082569e-09,553.6,ASK
260,1712605020.4026215,8702694.83998389,550.7,-0.0,553.6,ASK
261,1712605035.670962,8702705.72927608,551.0,2.135912608718657e-09,553.6,BID
262,1712605050.339502,8702705.72927608,551.0,0.0,553.6,BID
263,1712605073.25069,8702716.61856827,550.7,-2.135910094992024e-09,553.6,ASK
264,1712605080.4809194,8702716.61856827,550.7,-0.0,553.6,ASK
265,1712605110.5017526,8702716.61856827,550.7,-0.0,553.6,ASK
266,1712605113.4307668,8702727.50786046,551.0,2.135907582639937e-09,553.6,BID
267,1712605140.3118267,8702727.50786046,551.0,0.0,553.6,BID
268,1712605146.9311783,8702738.39715265,550.7,-2.135905068925133e-09,553.6,ASK
269,1712605170.3008184,8702738.39715265,550.7,-0.0,553.6,ASK
270,1712605182.7132473,8702756.54597297,551.0,3.559837595038821e-09,553.6,BID
271,1712605188.3906877,8702767.43526516,551.0,2.13590255658487e-09,553.6,BID
272,1712605200.3636231,8702767.43526516,551.0,0.0,553.6,BID
273,1712605217.5111115,8702778.32455735,550.7,-2.136314883940709e-09,553.6,ASK
274,1712605230.3250775,8702778.32455735,550.7,-0.0,553.6,ASK
275,1712605260.49131,8702778.32455735,550.7,-0.0,553.6,ASK
276,1712605263.551012,8702789.21384954,551.0,2.136312371001693e-09,553.6,BID
277,1712605290.4821897,8702789.21384954,551.0,0.0,553.6,BID
278,1712605294.291172,8702800.10314173,550.7,-2.1363098559686007e-09,553.6,ASK
279,1712605320.311014,8702800.10314173,550.7,-0.0,553.6,ASK
280,1712605335.3113606,8702810.99243392,551.0,2.136307342675993e-09,553.6,BID
281,1712605350.3343687,8702810.99243392,551.0,0.0,553.6,BID
282,1712605366.0511696,8702821.88172611,550.7,-2.1363048280201597e-09,553.6,ASK
283,1712605380.482259,8702821.88172611,550.7,-0.0,553.6,ASK
284,1712605388.6911848,8702835.59898948,550.8,-2.691104341396928e-09,553.6,ASK
285,1712605410.4916668,8702835.59898948,550.8,-0.0,553.6,ASK
286,1712605436.721225,8702846.48828167,551.0,2.1362991481880277e-09,553.6,BID
287,1712605440.3124018,8702846.48828167,551.0,0.0,553.6,BID
288,1712605446.3712847,8704835.99917096,551.0,3.903086941839161e-07,553.6,BID
289,1712605470.3174784,8704835.99917096,551.0,0.0,553.6,BID
290,1712605475.0712242,8704846.88846315,550.9,-2.135837300188424e-09,553.6,ASK
291,1712605477.0211515,8705665.03292993,551.0,1.6047172200231026e-07,553.6,BID
292,1712605500.331904,8705665.03292993,551.0,0.0,553.6,BID
293,1712605510.2212305,8705675.92222212,551.0,2.1362692560464168e-09,553.6,BID
294,1712605516.5815885,8707309.31605152,551.0,3.20440388587843e-07,553.6,BID
295,1712605530.3322997,8707309.31605152,551.0,0.0,553.6,BID
296,1712605559.8016016,8707320.20534371,550.8,-2.135889623583316e-09,553.6,ASK
297,1712605560.4915862,8707320.20534371,550.8,-0.0,553.6,ASK
298,1712605590.491494,8707320.20534371,550.8,-0.0,553.6,ASK
299,1712605591.0016525,8707331.0946359,551.0,2.135887110823186e-09,553.6,BID
300,1712605620.324932,8707331.0946359,551.0,0.0,553.6,BID
301,1712605624.6721764,8707341.98392809,550.8,-2.135884597156568e-09,553.6,ASK
302,1712605650.32472,8707341.98392809,550.8,-0.0,553.6,ASK
303,1712605680.50179,8707341.98392809,550.8,-0.0,553.6,ASK
304,1712605692.181568,8707352.87322028,551.0,2.135882084408265e-09,553.6,BID
305,1712605710.5021896,8707352.87322028,551.0,0.0,553.6,BID
306,1712605730.669496,8707363.76251247,550.8,-2.1358795707534782e-09,553.6,ASK
307,1712605740.3315618,8707363.76251247,550.8,-0.0,553.6,ASK
308,1712605763.9219654,8707374.65180466,551.0,2.135877058017001e-09,553.6,BID
309,1712605770.32212,8707374.65180466,551.0,0.0,553.6,BID
310,1712605793.484046,8707385.54109685,550.9,-2.1358745443740446e-09,553.6,ASK
311,1712605797.7120862,8707426.6570328,551.0,8.064663840015814e-09,553.6,BID
312,1712605797.7160711,8712248.9885727,551.0,9.458737079533864e-07,553.6,BID
313,1712605800.3523235,8712248.9885727,551.0,0.0,553.6,BID
314,1712605823.67162,8712259.87588897,551.1,2.144162168581843e-09,553.6,BID
315,1712605830.331966,8712259.87588897,551.1,0.0,553.6,BID
316,1712605860.4830475,8712259.87588897,551.1,0.0,553.6,BID
317,1712605861.481915,8712270.76320524,550.9,-2.144159634940389e-09,553.6,ASK
318,1712605875.281788,8712600.05250605,550.9,-6.485058480152719e-08,553.6,ASK
319,1712605881.581748,8713218.83246605,550.9,1.2186318283232002e-07,553.6,BID
320,1712605881.682109,8713218.83246693,550.9,1.7351121195706738e-16,553.6,BID
321,1712605881.6869638,8713345.9133317,551.1,2.5027440542873164e-08,553.6,BID
322,1712605890.5022998,8713345.9133317,551.1,0.0,553.6,BID
323,1712605891.6818438,8713356.80064797,551.1,2.143907008827053e-09,553.6,BID
324,1712605920.3239017,8713356.80064797,551.1,0.0,553.6,BID
325,1712605927.3522763,8713367.68796424,550.8,-2.14390447578858e-09,553.6,ASK
326,1712605932.202427,8715294.90234332,550.8,-3.795024807512848e-07,553.6,ASK
327,1712605932.206762,8715432.9012536,550.8,-2.7174417833693826e-08,553.6,ASK
328,1712605932.2109778,8715451.0599607,550.7,-3.5757694975884147e-09,553.6,ASK
329,1712605932.2155554,8731403.48909484,550.6,-3.1413144775861737e-06,553.6,ASK
330,1712605932.217651,8751434.7325123,550.7,-3.944504904062338e-06,553.6,ASK
331,1712605943.761793,8751466.82169745,550.6,-6.3189261668700324e-09,553.6,ASK
332,1712605950.3722358,8751466.82169745,550.6,-0.0,553.6,ASK
333,1712605955.45194,8751477.70901372,551.1,2.135081308907509e-09,553.6,BID
334,1712605980.4820244,8751477.70901372,551.1,0.0,553.6,BID
335,1712605993.301769,8751488.59632999,550.7,-2.135078797046606e-09,553.6,ASK
336,1712606010.4923975,8751488.59632999,550.7,-0.0,553.6,ASK
337,1712606014.3023849,8752069.31852196,551.1,1.1388354579459469e-07,553.6,BID
338,1712606027.231964,8752080.20583823,551.1,2.1350762862844795e-09,553.6,BID
339,1712606040.332428,8752080.20583823,551.1,0.0,553.6,BID
340,1712606070.2933602,8752080.20583823,551.1,0.0,553.6,BID
341,1712606090.5731337,8752089.29674732,551.1,1.782674719540271e-09,553.6,BID
342,1712606090.5776317,8760659.14321606,551.1,1.68049735170609e-06,553.6,BID
343,1712606090.7122457,8760670.03053233,551.1,-2.134939782797926e-09,553.6,ASK
344,1712606100.3370564,8760670.03053233,551.1,-0.0,553.6,ASK
345,1712606123.7923584,8760680.90009754,552.0,2.1337625484559957e-09,553.6,BID
346,1712606126.9221184,8760699.01603957,552.0,3.556270917140398e-09,553.6,BID
347,1712606130.3326013,8760699.01603957,552.0,0.0,553.6,BID
348,1712606160.4922285,8760699.01603957,552.0,0.0,553.6,BID
349,1712606186.702556,8760709.88560478,551.1,-2.1337558465455157e-09,553.6,ASK
350,1712606190.4840531,8760709.88560478,551.1,-0.0,553.6,ASK
351,1712606214.202111,8760720.75516999,552.0,2.133753337437553e-09,553.6,BID
352,1712606220.3254502,8760720.75516999,552.0,0.0,553.6,BID
353,1712606250.3223906,8760720.75516999,552.0,0.0,553.6,BID
354,1712606280.4937234,8760720.75516999,552.0,0.0,553.6,BID
355,1712606283.39235,8760731.6247352,551.1,-2.133750824603536e-09,553.6,ASK
356,1712606310.516654,8760731.6247352,551.1,-0.0,553.6,ASK
357,1712606315.4722748,8760742.49233164,552.1,2.133361836178077e-09,553.6,BID
358,1712606340.3129756,8760742.49233164,552.1,0.0,553.6,BID
359,1712606349.7024944,8760753.35992808,551.1,-2.13335932344545e-09,553.6,ASK
360,1712606370.3224645,8760753.35992808,551.1,-0.0,553.6,ASK
361,1712606381.313086,8760764.22752452,552.1,2.133356815269953e-09,553.6,BID
362,1712606400.4359453,8760764.22752452,552.1,0.0,553.6,BID
363,1712606428.622615,8760898.55692761,552.1,2.6423330939620587e-08,553.6,BID
364,1712606428.62739,8763688.28048312,552.1,5.487539365319223e-07,553.6,BID
365,1712606430.3225193,8763688.28048312,552.1,0.0,553.6,BID
366,1712606451.313496,8763699.14807956,551.1,-2.137037245780417e-09,553.6,ASK
367,1712606460.4937797,8763699.14807956,551.1,-0.0,553.6,ASK
368,1712606481.8027637,8763700.9396105,552.6,3.5229168283487035e-10,553.6,BID
369,1712606481.8077538,8763710.0074838,552.5,1.7831321091901802e-09,553.6,BID
370,1712606485.9633007,8763717.28218521,552.6,1.4305177450842063e-09,553.6,BID
371,1712606485.967674,8764917.28218521,552.8,2.359713749855661e-07,553.6,BID
372,1712606485.972075,8765503.9217222,552.9,1.153584484703262e-07,553.6,BID
373,1712606485.9764454,8765512.9863142,552.7,1.7824868649550503e-09,553.6,BID
374,1712606485.978474,8765522.04926644,552.8,1.782164418100446e-09,553.6,BID
375,1712606490.4926312,8765522.04926644,552.8,0.0,553.6,BID
376,1712606512.4787917,8765532.90867068,551.1,-2.135000704153942e-09,553.6,ASK
377,1712606520.3428063,8765532.90867068,551.1,-0.0,553.6,ASK
378,1712606547.212611,8765543.76054262,552.9,2.133517314581236e-09,553.6,BID
379,1712606550.3441331,8765543.76054262,552.9,0.0,553.6,BID
380,1712606577.1130176,8765554.61241456,551.1,-2.133514797840834e-09,553.6,ASK
381,1712606580.340842,8765554.61241456,551.1,-0.0,553.6,ASK
382,1712606610.3231232,8765554.61241456,551.1,-0.0,553.6,ASK
383,1712606612.8628173,8765565.4642865,552.9,2.133512289665945e-09,553.6,BID
384,1712606640.4955578,8765565.4642865,552.9,0.0,553.6,BID
385,1712606641.431539,8765576.31615844,551.1,-2.1335097725711967e-09,553.6,ASK
386,1712606670.4807985,8765576.31615844,551.1,-0.0,553.6,ASK
387,1712606700.311775,8765576.31615844,551.1,-0.0,553.6,ASK
388,1712606703.670971,8765587.16803038,552.9,2.133905526621087e-09,553.6,BID
389,1712606730.3104684,8765587.16803038,552.9,0.0,553.6,BID
390,1712606731.0293827,8765605.25448362,552.9,3.556505016528358e-09,553.6,BID
391,1712606744.8587625,8765623.34093686,552.9,3.556505016528358e-09,553.6,BID
392,1712606745.5989714,8765634.1928088,550.7,-2.133903008964716e-09,553.6,ASK
393,1712606760.5007474,8765634.1928088,550.7,-0.0,553.6,ASK
394,1712606775.5381804,8765645.04468074,552.9,2.133892109573045e-09,553.6,BID
395,1712606790.4876285,8765645.04468074,552.9,0.0,553.6,BID
396,1712606810.7753894,8765655.89655268,550.8,-2.1338895915820677e-09,553.6,ASK
397,1712606820.2872226,8765655.89655268,550.8,-0.0,553.6,ASK
398,1712606842.726639,8765666.74842462,552.9,2.133887083525593e-09,553.6,BID
399,1712606850.3077033,8765666.74842462,552.9,0.0,553.6,BID
400,1712606873.0757945,8765677.60029656,550.8,-2.133884566279008e-09,553.6,ASK
401,1712606880.4655695,8765677.60029656,550.8,-0.0,553.6,ASK
402,1712606907.9052775,8765688.4521685,552.9,2.133882057868081e-09,553.6,BID
403,1712606910.505035,8765688.4521685,552.9,0.0,553.6,BID
404,1712606939.450569,8765699.30404044,550.8,-2.133879540267089e-09,553.6,ASK
405,1712606940.3298354,8765699.30404044,550.8,-0.0,553.6,ASK
406,1712606970.3163004,8765699.30404044,550.8,-0.0,553.6,ASK
407,1712606972.224207,8765710.15591238,552.9,2.133877032600507e-09,553.6,BID
408,1712606982.943964,8765728.2718544,550.8,-3.562260300311136e-09,553.6,ASK
409,1712607000.404239,8765728.2718544,550.8,-0.0,553.6,ASK
410,1712607004.8253791,8765739.12372634,550.8,-2.1338807617220516e-09,553.6,ASK
411,1712607030.3031766,8765739.12372634,550.8,-0.0,553.6,ASK
412,1712607035.6728446,8765749.97559828,552.9,2.1338782536863324e-09,553.6,BID
413,1712607060.4866054,8765749.97559828,552.9,0.0,553.6,BID
414,1712607061.8227465,8766240.34817929,552.9,9.642522120702561e-08,553.6,BID
415,1712607061.8268611,8767185.89891171,552.9,1.8592992770562365e-07,553.6,BID
416,1712607069.7021384,8767196.75078365,550.8,-2.1338757360943176e-09,553.6,ASK
417,1712607087.6020525,8767378.30488678,550.8,-3.570019049457769e-08,553.6,ASK
418,1712607090.481927,8767378.30488678,550.8,-0.0,553.6,ASK
419,1712607100.8920605,8767389.15675872,552.9,2.1334982068330007e-09,553.6,BID
420,1712607120.3078096,8767389.15675872,552.9,0.0,553.6,BID
421,1712607150.3338497,8767389.15675872,552.9,0.0,553.6,BID
422,1712607180.4827309,8767389.15675872,552.9,0.0,553.6,BID
423,1712607193.390774,8768363.48983684,552.9,1.9155546937341805e-07,553.6,BID
424,1712607193.3956923,8771006.44740802,552.9,5.196097612311725e-07,553.6,BID
425,1712607205.4905193,8771017.29927996,551.0,-2.133495690137678e-09,553.6,ASK
426,1712607210.48023,8771017.29927996,551.0,-0.0,553.6,ASK
427,1712607236.140006,8771028.15311498,552.8,2.1330404090836368e-09,553.6,BID
428,1712607240.3044748,8771028.15311498,552.8,0.0,553.6,BID
429,1712607270.330819,8771028.15311498,552.8,0.0,553.6,BID
430,1712607300.3245437,8771028.15311498,552.8,0.0,553.6,BID
431,1712607303.9893131,8771039.00695,552.2,-2.137292593661402e-09,553.6,ASK
432,1712607305.5890322,8771057.12289203,552.2,-3.56731686581506e-09,553.6,ASK
433,1712607305.7435718,8771083.05188354,552.2,-5.105830465579191e-09,553.6,ASK
434,1712607305.7461731,8771127.5149404,552.2,-8.755482457812233e-09,553.6,ASK
435,1712607305.748754,8771176.9211338,552.2,-9.72886459373456e-09,553.6,ASK
436,1712607311.3092988,8771216.9356213,552.2,7.879488458804218e-09,553.6,BID
437,1712607330.314716,8771216.9356213,552.2,0.0,553.6,BID
438,1712607336.7391248,8771227.78749324,552.9,2.13686216712265e-09,553.6,BID
439,1712607336.849315,8771254.0209774,552.5,-5.1656838678903614e-09,553.6,ASK
440,1712607337.108934,8771277.62539289,552.5,4.647989095156896e-09,553.6,BID
441,1712607344.349054,8777037.74224395,552.5,1.134235258764299e-06,553.6,BID
442,1712607360.4889426,8777037.74224395,552.5,0.0,553.6,BID
443,1712607366.698995,8777048.59411589,552.6,-2.135509816378734e-09,553.6,ASK
444,1712607390.4922235,8777048.59411589,552.6,-0.0,553.6,ASK
445,1712607396.2385917,8777059.44598783,552.9,2.135507295936922e-09,553.6,BID
446,1712607420.3052225,8777059.44598783,552.9,0.0,553.6,BID
447,1712607434.14824,8777419.33027374,552.9,7.082046444352471e-08,553.6,BID
448,1712607434.152569,8777532.62533342,552.9,2.2294968298877986e-08,553.6,BID
449,1712607450.3090026,8777532.62533342,552.9,0.0,553.6,BID
450,1712607465.238052,8777543.47720536,552.9,-2.135394837217321e-09,553.6,ASK
451,1712607480.4876616,8777543.47720536,552.9,-0.0,553.6,ASK
452,1712607499.3188145,8777554.32711494,553.0,2.135006169539657e-09,553.6,BID
453,1712607500.4573865,8777569.1518889,553.0,2.917165680936639e-09,553.6,BID
454,1712607510.477316,8777569.1518889,553.0,0.0,553.6,BID
455,1712607529.68142,8777580.00179848,552.9,-2.1350002050336523e-09,553.6,ASK
456,1712607540.308303,8777580.00179848,552.9,-0.0,553.6,ASK
457,1712607562.5669866,8777616.17470497,553.0,7.117946101781245e-09,553.6,BID
458,1712607564.2670226,8777627.02461455,553.0,2.1349976844270183e-09,553.6,BID
459,1712607570.3376763,8777627.02461455,553.0,0.0,553.6,BID
460,1712607578.7044437,8783627.02461455,552.9,-1.1806476787701424e-06,553.6,ASK
461,1712607592.8567262,8783637.87452413,552.9,-2.1349867599604197e-09,553.6,ASK
462,1712607592.9372213,8786170.84894932,552.9,-4.984250625809934e-07,553.6,ASK
463,1712607592.941593,8790868.27698513,552.9,-9.243345844445604e-07,553.6,ASK
464,1712607592.9967742,8793277.56534113,552.9,-4.740867841666652e-07,553.6,ASK
465,1712607593.0566082,8797877.4716734,552.9,-9.051447889589736e-07,553.6,ASK
466,1712607593.076617,8798555.12634139,552.5,-1.33345235128413e-07,553.6,ASK
467,1712607600.3273454,8798555.12634139,552.5,-0.0,553.6,ASK
468,1712607609.1375449,8798568.46793271,553.0,2.6193484087361886e-09,553.6,BID
469,1712607628.6765475,8798579.31784229,553.0,2.1301576931903006e-09,553.6,BID
470,1712607630.283389,8798579.31784229,553.0,0.0,553.6,BID
471,1712607645.4067187,8812141.70482239,553.0,2.6626901241468693e-06,553.6,BID
472,1712607657.226096,8812152.55473197,552.5,-2.1301520987607668e-09,553.6,ASK
473,1712607660.3381531,8812152.55473197,552.5,-0.0,553.6,ASK
474,1712607663.8165057,8812170.83961037,552.5,-3.584569847466199e-09,553.6,ASK
475,1712607689.0861902,8812181.68951995,553.0,2.127017630461111e-09,553.6,BID
476,1712607690.306214,8812181.68951995,553.0,0.0,553.6,BID
477,1712607720.4760172,8812181.68951995,553.0,0.0,553.6,BID
478,1712607724.796236,8812192.53942953,552.5,-2.127010916457743e-09,553.6,ASK
479,1712607750.4757917,8812192.53942953,552.5,-0.0,553.6,ASK
480,1712607752.6359153,8812203.38933911,553.0,2.1270084164885993e-09,553.6,BID
481,1712607780.2990034,8812203.38933911,553.0,0.0,553.6,BID
482,1712607793.9857898,8812214.23924869,552.5,-2.127005914628405e-09,553.6,ASK
483,1712607810.322402,8812214.23924869,552.5,-0.0,553.6,ASK
484,1712607817.5650976,8812226.24376866,553.0,2.353351867825342e-09,553.6,BID
485,1712607824.5352373,8812237.09367824,553.0,2.1270034150361687e-09,553.6,BID
486,1712607840.46524,8812237.09367824,553.0,0.0,553.6,BID
487,1712607870.4750018,8812237.09367824,553.0,0.0,553.6,BID
488,1712607888.0749154,8812247.94358782,552.5,-2.126998145107989e-09,553.6,ASK
489,1712607900.337388,8812247.94358782,552.5,-0.0,553.6,ASK
490,1712607919.1546946,8812258.7934974,553.0,2.127037343934852e-09,553.6,BID
491,1712607930.3276365,8812258.7934974,553.0,0.0,553.6,BID
492,1712607949.294562,8812269.64340698,552.5,-2.127034841641451e-09,553.6,ASK
493,1712607960.4644916,8812269.64340698,552.5,-0.0,553.6,ASK
494,1712607964.554567,8812369.64340698,552.5,-1.960414809376234e-08,553.6,ASK
495,1712607967.5243864,8812733.87578723,552.5,-7.140465522973749e-08,553.6,ASK
496,1712607968.2447171,8812751.97533475,552.5,-3.548262100176557e-09,553.6,ASK
497,1712607978.6848524,8812762.82524433,553.0,2.127032341981225e-09,553.6,BID
498,1712607990.4772985,8812762.82524433,553.0,0.0,553.6,BID
499,1712608017.1945107,8812773.67515391,552.5,-2.126918724051348e-09,553.6,ASK
500,1712608020.320256,8812773.67515391,552.5,-0.0,553.6,ASK
501,1712608045.1402726,8812784.52506349,553.0,2.12691622502917e-09,553.6,BID
502,1712608050.3142154,8812784.52506349,553.0,0.0,553.6,BID
503,1712608080.473626,8812784.52506349,553.0,0.0,553.6,BID
504,1712608080.960603,8812795.37497307,552.5,-2.1269137230207144e-09,553.6,ASK
505,1712608110.4837625,8812795.37497307,552.5,-0.0,553.6,ASK
506,1712608110.5670784,8812806.22488265,553.0,2.1269112236451543e-09,553.6,BID
507,1712608140.3139482,8812806.22488265,553.0,0.0,553.6,BID
508,1712608145.1136413,8812819.93019464,552.5,-2.686653506085817e-09,553.6,ASK
509,1712608147.9237375,8812830.78010422,552.5,-2.126908722013598e-09,553.6,ASK
510,1712608170.3132582,8812830.78010422,552.5,-0.0,553.6,ASK
511,1712608200.5596004,8812830.78010422,552.5,-0.0,553.6,ASK
512,1712608214.573275,8812841.6300138,553.0,2.126903065529505e-09,553.6,BID
513,1712608230.4860115,8812841.6300138,553.0,0.0,553.6,BID
514,1712608260.3167503,8812841.6300138,553.0,0.0,553.6,BID
515,1712608278.1631918,8812852.47992338,552.6,-2.126900564282273e-09,553.6,ASK
516,1712608290.313057,8812852.47992338,552.6,-0.0,553.6,ASK
517,1712608309.302705,8812863.33179532,552.9,2.127282743793566e-09,553.6,BID
518,1712608309.702885,8817407.40038507,552.9,8.90769698683601e-07,553.6,BID
519,1712608309.7076588,8817447.92548507,552.9,7.944099082862647e-09,553.6,BID
520,1712608320.4742007,8817447.92548507,552.9,0.0,553.6,BID
521,1712608340.252789,8817458.77735701,552.9,-2.1262237248407703e-09,553.6,ASK
522,1712608350.4833748,8817458.77735701,552.9,-0.0,553.6,ASK
523,1712608360.3225024,8825806.15339774,553.0,1.6355121229159458e-06,553.6,BID
524,1712608375.9623916,8825817.00330732,553.0,2.1258367375608075e-09,553.6,BID
525,1712608380.3075416,8825817.00330732,553.0,0.0,553.6,BID
526,1712608409.6627848,8825827.8532169,552.9,-2.123913292390868e-09,553.6,ASK
527,1712608409.7622216,8826721.32596964,552.9,-1.7490087286451258e-07,553.6,ASK
528,1712608410.3150442,8826721.32596964,552.9,-0.0,553.6,ASK
529,1712608440.33569,8826721.32596964,552.9,-0.0,553.6,ASK
530,1712608443.2923677,8826732.17587922,553.0,2.12370543046539e-09,553.6,BID
531,1712608470.3174102,8826732.17587922,553.0,0.0,553.6,BID
532,1712608476.5619793,8826743.0257888,552.9,-2.1237029367339132e-09,553.6,ASK
533,1712608500.334313,8826743.0257888,552.9,-0.0,553.6,ASK
534,1712608512.4518971,8826753.87569838,553.0,2.124010458406682e-09,553.6,BID
535,1712608530.321991,8826753.87569838,553.0,0.0,553.6,BID
536,1712608544.302109,8826764.72560796,552.9,-2.1240079635941163e-09,553.6,ASK
537,1712608560.4830456,8826764.72560796,552.9,-0.0,553.6,ASK
538,1712608574.922071,8826775.57551754,553.0,2.1240054696031873e-09,553.6,BID
539,1712608575.0617676,8827259.29721754,552.9,-9.469457131155185e-08,553.6,ASK
540,1712608575.081629,8828002.87901754,552.9,-1.4556543522032937e-07,553.6,ASK
541,1712608579.4018052,8828013.68462332,553.0,2.115332446592817e-09,553.6,BID
542,1712608585.861807,8828023.40921644,553.0,1.903710701110853e-09,553.6,BID
543,1712608586.562049,8828204.2737489,552.9,-3.5406493789524275e-08,553.6,ASK
544,1712608586.568308,8833148.68335544,552.9,-9.679300062003532e-07,553.6,ASK
545,1712608590.4617968,8833148.68335544,552.9,-0.0,553.6,ASK
546,1712608600.7593834,8833148.68335629,552.9,-1.6652362324356363e-16,553.6,ASK
547,1712608600.7643845,8834676.01657944,552.6,-2.987881193631375e-07,553.6,ASK
548,1712608610.7317915,8834676.01658096,552.6,-2.973375854852252e-16,553.6,ASK
549,1712608610.7376006,8834686.86648902,552.5,-2.1225385365909957e-09,553.6,ASK
550,1712608620.300496,8834686.86648902,552.5,-0.0,553.6,ASK
551,1712608642.5413058,8834697.7163986,553.0,2.122185950809245e-09,553.6,BID
552,1712608650.295625,8834697.7163986,553.0,0.0,553.6,BID
553,1712608680.4982066,8834697.7163986,553.0,0.0,553.6,BID
554,1712608681.2920325,8834704.96603805,552.5,-1.4179901516989601e-09,553.6,ASK
555,1712608681.298183,8834708.56630818,552.5,-7.041933082176e-10,553.6,ASK
556,1712608700.5124266,8836373.12070274,552.5,-3.255778104344292e-07,553.6,ASK
557,1712608700.5189295,8836554.11617785,552.5,-3.5401733146920405e-08,553.6,ASK
558,1712608700.5282693,8837455.49328328,552.5,-1.7630447242857038e-07,553.6,ASK
559,1712608700.6117349,8837600.89363985,552.5,-2.843952104133272e-08,553.6,ASK
560,1712608700.6217678,8837602.78145909,552.5,-3.692472031082304e-10,553.6,ASK
561,1712608710.4737947,8837602.78145909,552.5,-0.0,553.6,ASK
562,1712608711.0132663,8837613.63136867,553.0,2.1215174337079284e-09,553.6,BID
563,1712608740.299549,8837613.63136867,553.0,0.0,553.6,BID
564,1712608748.4036517,8837624.48127825,552.5,-2.1215149443842096e-09,553.6,ASK
565,1712608770.282586,8837624.48127825,552.5,-0.0,553.6,ASK
566,1712608800.3536148,8837624.48127825,552.5,-0.0,553.6,ASK
567,1712608809.242819,8837635.33315019,552.9,2.1218961632910863e-09,553.6,BID
568,1712608830.2929187,8837635.33315019,552.9,0.0,553.6,BID
569,1712608845.573256,8837646.18502213,552.5,-2.121893674257298e-09,553.6,ASK
570,1712608846.1930726,8837827.08227249,552.8,3.5371292004515804e-08,553.6,BID
571,1712608860.4778552,8837827.08227249,552.8,0.0,553.6,BID
572,1712608873.693684,8837837.93610751,552.8,2.122233535445553e-09,553.6,BID
573,1712608890.459787,8837837.93610751,552.8,0.0,553.6,BID
574,1712608916.0218482,8837848.78994253,552.5,-2.1222310457062754e-09,553.6,ASK
575,1712608920.3267586,8837848.78994253,552.5,-0.0,553.6,ASK
576,1712608943.2240868,8837859.64377755,552.8,2.122228556959796e-09,553.6,BID
577,1712608950.3170938,8837859.64377755,552.8,0.0,553.6,BID
578,1712608980.014785,8838040.54102791,552.8,3.537043446443174e-08,553.6,BID
579,1712608980.4750378,8838040.54102791,552.8,0.0,553.6,BID
580,1712608980.9166627,8838051.39486293,552.5,-2.122184572996446e-09,553.6,ASK
581,1712609008.7943175,8838062.24869795,552.8,2.122184572996446e-09,553.6,BID
582,1712609010.476812,8838062.24869795,552.8,0.0,553.6,BID
583,1712609040.3171122,8838062.24869795,552.8,0.0,553.6,BID
584,1712609049.538477,8838073.10253297,552.5,-2.1221795951045876e-09,553.6,ASK
585,1712609070.324556,8838073.10253297,552.5,-0.0,553.6,ASK
586,1712609079.2647283,8838083.95636799,552.8,2.122177106842961e-09,553.6,BID
587,1712609084.384672,8838138.22554309,552.8,1.0610885533850614e-08,553.6,BID
588,1712609100.3510392,8838138.22554309,552.8,0.0,553.6,BID
589,1712609115.8046365,8838149.07937811,552.5,-2.1221621692893046e-09,553.6,ASK
590,1712609129.304957,8838273.02466351,552.5,-2.4234014544036207e-08,553.6,ASK
591,1712609129.3112323,8838331.82791612,552.5,-1.1497322180272661e-08,553.6,ASK
592,1712609130.3210154,8838331.82791612,552.5,-0.0,553.6,ASK
593,1712609147.8376863,8838342.68175114,552.8,2.1221177871945264e-09,553.6,BID
594,1712609160.3504193,8838342.68175114,552.8,0.0,553.6,BID
595,1712609170.0751498,8838471.6259621,552.8,2.5210857003539414e-08,553.6,BID
596,1712609187.0540316,8838485.22089953,552.5,-2.658048941745737e-09,553.6,ASK
597,1712609187.0571303,8838489.16389698,552.5,-7.709252252294422e-10,553.6,ASK
598,1712609190.30842,8838489.16389698,552.5,-0.0,553.6,ASK
599,1712609195.4658673,8838579.66163453,552.5,-1.7693616371876792e-08,553.6,ASK
600,1712609195.4710245,8839395.89497425,552.5,-1.5958542140101642e-07,553.6,ASK
601,1712609212.3047545,8839404.944748,552.5,1.7693616359859043e-09,553.6,BID
602,1712609212.4662352,8839415.79858302,551.7,-2.122081702902885e-09,553.6,ASK
603,1712609220.485117,8839415.79858302,551.7,-0.0,553.6,ASK
604,1712609221.5750215,8839833.85878368,551.7,-8.172863413741271e-08,553.6,ASK
605,1712609241.6768162,8839845.87958029,551.7,-2.350004345384818e-09,553.6,ASK
606,1712609241.6837492,8840323.25519478,551.7,-9.332449460927465e-08,553.6,ASK
607,1712609247.435182,8840334.1168892,552.4,2.1234057868798543e-09,553.6,BID
608,1712609248.0754054,8840343.16830122,552.4,1.769504823067464e-09,553.6,BID
609,1712609250.4792204,8840343.16830122,552.4,0.0,553.6,BID
610,1712609273.2649968,8840354.02999564,551.7,-2.1231934174714163e-09,553.6,ASK
611,1712609280.3127596,8840354.02999564,551.7,-0.0,553.6,ASK
612,1712609291.8818333,8840363.08140766,552.4,1.7693257757292307e-09,553.6,BID
613,1712609310.315778,8840363.08140766,552.4,0.0,553.6,BID
614,1712609311.4650342,8840373.94310208,552.4,2.123188854921162e-09,553.6,BID
615,1712609340.4970148,8840373.94310208,552.4,0.0,553.6,BID
616,1712609343.9952376,8840384.8047965,551.7,-2.123186364743045e-09,553.6,ASK
617,1712609370.4572492,8840384.8047965,551.7,-0.0,553.6,ASK
618,1712609380.1220856,8840542.28772723,551.7,-3.0783891225393946e-08,553.6,ASK
619,1712609380.1286995,8840632.91669224,551.7,-1.7715648215631412e-08,553.6,ASK
620,1712609400.3541553,8840632.91669224,551.7,-0.0,553.6,ASK
621,1712609408.195261,8840643.79216804,551.7,2.125827137555925e-09,553.6,BID
622,1712609420.0261328,8840652.85348111,552.9,1.771213102000411e-09,553.6,BID
623,1712609420.0318477,8841457.14273306,551.7,1.572142635168004e-07,553.6,BID
624,1712609420.0361748,8842938.86981127,552.8,2.89632903546945e-07,553.6,BID
625,1712609420.0404787,8844144.97942476,552.9,2.357580113691929e-07,553.6,BID
626,1712609420.0439322,8844263.0750587,553.0,2.3084130578075365e-08,553.6,BID
627,1712609430.317203,8844263.0750587,553.0,0.0,553.6,BID
628,1712609445.6356056,8844273.9505345,551.7,-2.1249939010346877e-09,553.6,ASK
629,1712609460.475796,8844273.9505345,551.7,-0.0,553.6,ASK
630,1712609474.2850633,8844284.80436952,552.8,2.120762953824314e-09,553.6,BID
631,1712609490.487898,8844284.80436952,552.8,0.0,553.6,BID
632,1712609511.3751757,8844295.65820454,551.7,-2.120760467534321e-09,553.6,ASK
633,1712609520.3229868,8844295.65820454,551.7,-0.0,553.6,ASK
634,1712609525.0753791,8844349.90775246,553.0,1.0599954926816406e-08,553.6,BID
635,1712609541.755257,8844360.75766204,553.0,2.1199909844898086e-09,553.6,BID
636,1712609547.0156796,8846590.76381628,553.0,4.357264830420236e-07,553.6,BID
637,1712609550.2987795,8846590.76381628,553.0,0.0,553.6,BID
638,1712609579.175183,8846601.61372586,551.7,-2.119465376416131e-09,553.6,ASK
639,1712609580.465295,8846601.61372586,551.7,-0.0,553.6,ASK
640,1712609608.7751422,8846612.46363544,553.0,2.119462898472843e-09,553.6,BID
641,1712609610.4754949,8846612.46363544,553.0,0.0,553.6,BID
642,1712609640.2782762,8846612.46363544,553.0,0.0,553.6,BID
643,1712609647.9951737,8846623.31354502,551.9,-2.1194604139678923e-09,553.6,ASK
644,1712609670.3129787,8846623.31354502,551.9,-0.0,553.6,ASK
645,1712609700.4684818,8846623.31354502,551.9,-0.0,553.6,ASK
646,1712609702.605259,8848449.71499167,553.0,3.567858804306191e-07,553.6,BID
647,1712609730.4880364,8848449.71499167,553.0,0.0,553.6,BID
648,1712609742.365365,8848460.56490125,553.0,2.1191019765400007e-09,553.6,BID
649,1712609760.2958255,8848460.56490125,553.0,0.0,553.6,BID
650,1712609790.310998,8848460.56490125,553.0,0.0,553.6,BID
651,1712609796.0268292,8848546.96255043,553.0,1.687435395250837e-08,553.6,BID
652,1712609808.6369114,8848557.81246001,551.9,-2.119099493608672e-09,553.6,ASK
653,1712609820.4861133,8848557.81246001,551.9,-0.0,553.6,ASK
654,1712609839.4550836,8848568.66236959,553.0,2.119077240711477e-09,553.6,BID
655,1712609850.480757,8848568.66236959,553.0,0.0,553.6,BID
656,1712609876.1752205,8848579.51227917,551.9,-2.119074757474328e-09,553.6,ASK
657,1712609880.3156676,8848579.51227917,551.9,-0.0,553.6,ASK
658,1712609887.8955884,8849521.29562855,551.9,-1.8393766086854282e-07,553.6,ASK
659,1712609887.905047,8850405.91372582,551.9,-1.7277283961427518e-07,553.6,ASK
660,1712609905.5851362,8850770.11013821,551.9,-7.113041044509648e-08,553.6,ASK
661,1712609909.7252004,8850780.96201015,552.9,2.1194555438155588e-09,553.6,BID
662,1712609910.3153026,8850780.96201015,552.9,0.0,553.6,BID
663,1712609940.3557878,8850780.96201015,552.9,0.0,553.6,BID
664,1712609942.1755853,8850790.96201015,552.9,1.952614934680971e-09,553.6,BID
665,1712609944.1454115,8850801.81388209,551.9,-2.1189527218070924e-09,553.6,ASK
666,1712609970.3502474,8850801.81388209,551.9,-0.0,553.6,ASK
667,1712609974.5786552,8850812.66575403,552.9,2.1189479561854864e-09,553.6,BID
668,1712610000.4644802,8850812.66575403,552.9,0.0,553.6,BID
669,1712610009.7565668,8850823.51762597,551.9,-2.119019967159458e-09,553.6,ASK
670,1712610030.3195176,8850823.51762597,551.9,-0.0,553.6,ASK
671,1712610040.2355018,8850834.36949791,552.9,2.1190174886320846e-09,553.6,BID
672,1712610060.4856904,8850834.36949791,552.9,0.0,553.6,BID
673,1712610078.8655496,8850845.22136985,551.9,-2.1190150059839967e-09,553.6,ASK
674,1712610090.4660804,8850845.22136985,551.9,-0.0,553.6,ASK
675,1712610109.7940729,8850856.07913315,552.6,2.120162916119e-09,553.6,BID
676,1712610120.344725,8850856.07913315,552.6,0.0,553.6,BID
677,1712610143.5701468,8850866.93689645,551.9,-2.1201604324984526e-09,553.6,ASK
678,1712610150.315879,8850866.93689645,551.9,-0.0,553.6,ASK
679,1712610175.1550572,8850877.79465975,552.6,2.1201579513028484e-09,553.6,BID
680,1712610180.4706764,8850877.79465975,552.6,0.0,553.6,BID
681,1712610207.4752214,8850888.65242305,552.1,-2.120155467330221e-09,553.6,ASK
682,1712610210.4816208,8850888.65242305,552.1,-0.0,553.6,ASK
683,1712610240.3103223,8850888.65242305,552.1,-0.0,553.6,ASK
684,1712610240.5884862,8850899.51018635,552.6,2.120152985610938e-09,553.6,BID
685,1712610263.165277,8851069.77903054,552.1,-3.324773145252214e-08,553.6,ASK
686,1712610263.1716423,8851133.22034938,552.1,-1.2387938274240077e-08,553.6,ASK
687,1712610268.9866192,8851144.07811268,552.1,-2.120152985610938e-09,553.6,ASK
688,1712610270.2880716,8851144.07811268,552.1,-0.0,553.6,ASK
689,1712610300.465212,8851144.07811268,552.1,-0.0,553.6,ASK
690,1712610303.435203,8851154.93784118,552.5,2.1216071454617062e-09,553.6,BID
691,1712610324.274854,8851698.12089387,552.3,1.061187713718743e-07,553.6,BID
692,1712610330.5001986,8851698.12089387,552.3,0.0,553.6,BID
693,1712610332.0852742,8851708.98062237,552.3,-2.12148032000483e-09,553.6,ASK
694,1712610353.4192374,8852197.84536978,552.5,9.550118502062153e-08,553.6,BID
695,1712610360.306575,8852197.84536978,552.5,0.0,553.6,BID
696,1712610368.6548595,8852208.70509828,552.5,2.121365901805011e-09,553.6,BID
697,1712610390.325524,8852208.70509828,552.5,0.0,553.6,BID
698,1712610397.594926,8852219.56482678,552.4,-2.121363415451133e-09,553.6,ASK
699,1712610397.8947208,8854208.70509828,552.4,-3.88563065832091e-07,553.6,ASK
700,1712610403.306129,8856115.7167799,552.3,-3.7251988520105874e-07,553.6,ASK
701,1712610403.3178957,8856133.82288165,552.3,-3.536886013943803e-09,553.6,ASK
702,1712610420.4702983,8856133.82288165,552.3,-0.0,553.6,ASK
703,1712610429.084933,8856144.68851004,552.2,2.1216173862369624e-09,553.6,BID
704,1712610432.76603,8856325.84793032,552.0,-3.5373101486943006e-08,553.6,ASK
705,1712610432.770817,8856343.96387234,552.0,-3.537310147130394e-09,553.6,ASK
706,1712610432.7755132,8856729.04362582,551.7,-7.519048791063647e-08,553.6,ASK
707,1712610432.7801745,8858542.60909553,551.4,-3.541159235009483e-07,553.6,ASK
708,1712610432.790952,8858557.54201302,551.7,-2.915794304317758e-09,553.6,ASK
709,1712610432.7936423,8858648.18740823,551.6,-1.769937637874863e-08,553.6,ASK
710,1712610432.7963626,8863180.32017403,552.1,-8.849420694178655e-07,553.6,ASK
711,1712610432.799111,8863287.97665352,551.9,-2.1020952533839952e-08,553.6,ASK
712,1712610432.8018637,8863378.67137508,551.3,-1.770900781799824e-08,553.6,ASK
713,1712610432.8046963,8863660.68080561,551.4,-5.5065026102734454e-08,553.6,ASK
714,1712610432.8074358,8863942.84375243,551.1,-5.5095001619640416e-08,553.6,ASK
715,1712610432.810152,8864277.93474752,551.7,-6.542970693092243e-08,553.6,ASK
716,1712610432.8128836,8866347.93474752,551.1,-4.041872068528709e-07,553.6,ASK
717,1712610432.8156202,8867001.77585828,550.8,-1.2766870158601448e-07,553.6,ASK
718,1712610432.8184173,8869126.84554965,550.7,-4.149400883686022e-07,553.6,ASK
719,1712610432.8211708,8871599.16218,550.8,-4.827433590711305e-07,553.6,ASK
720,1712610432.823926,8871790.5280425,551.3,-3.7366006497987545e-08,553.6,ASK
721,1712610432.8266704,8871808.6867496,550.8,-3.54566043595097e-09,553.6,ASK
722,1712610432.8294413,8872171.8608916,550.7,-7.09132087226564e-08,553.6,ASK
723,1712610450.1556594,8872189.97027225,552.2,3.5360289774253034e-09,553.6,BID
724,1712610450.4798894,8872189.97027225,552.2,0.0,553.6,BID
725,1712610466.0273328,8872200.83590064,551.1,-2.11795638121132e-09,553.6,ASK
726,1712610480.3102417,8872200.83590064,551.1,-0.0,553.6,ASK
727,1712610494.648567,8872219.52782995,551.2,-3.643474940676059e-09,553.6,ASK
728,1712610494.9652903,8872230.39542639,552.1,2.118337526143595e-09,553.6,BID
729,1712610510.345579,8872230.39542639,552.1,0.0,553.6,BID
730,1712610510.9349866,8872997.76605969,551.2,-1.495772181331911e-07,553.6,ASK
731,1712610534.9152946,8873008.63365613,551.2,-2.1183307944748507e-09,553.6,ASK
732,1712610540.4750657,8873008.63365613,551.2,-0.0,553.6,ASK
733,1712610562.0048218,8873019.50322134,552.0,2.118537410154491e-09,553.6,BID
734,1712610570.4968998,8873019.50322134,552.0,0.0,553.6,BID
735,1712610600.3352857,8873019.50322134,552.0,0.0,553.6,BID
736,1712610600.5396116,8873030.37278655,551.2,-2.118984980125054e-09,553.6,ASK
737,1712610630.3309371,8873030.37278655,551.2,-0.0,553.6,ASK
738,1712610632.6843483,8873041.24235176,552.0,2.118982505186287e-09,553.6,BID
739,1712610660.477115,8873041.24235176,552.0,0.0,553.6,BID
740,1712610667.314499,8873052.11191697,551.2,-2.1189800270243563e-09,553.6,ASK
741,1712610690.4990728,8873052.11191697,551.2,-0.0,553.6,ASK
742,1712610699.6243289,8873062.98148218,552.0,2.118977551734045e-09,553.6,BID
743,1712610720.319094,8873062.98148218,552.0,0.0,553.6,BID
744,1712610724.2745388,8873105.79755139,552.0,8.346808877960094e-09,553.6,BID
745,1712610724.3942478,8873936.169888,552.0,1.6187752213396777e-07,553.6,BID
746,1712610732.804645,8873956.40828667,552.6,3.945388935068399e-09,553.6,BID
747,1712610732.810959,8873967.26801517,552.4,2.1170574490064834e-09,553.6,BID
748,1712610750.297783,8873967.26801517,552.4,0.0,553.6,BID
749,1712610765.7746592,8873978.13758038,552.4,-2.118768888372208e-09,553.6,ASK
750,1712610780.5008824,8873978.13758038,552.4,-0.0,553.6,ASK
751,1712610792.8348353,8873988.99730888,552.5,2.116848973173866e-09,553.6,BID
752,1712610806.514718,8873996.23056771,552.4,-1.409953897783879e-09,553.6,ASK
753,1712610810.4818382,8873996.23056771,552.4,-0.0,553.6,ASK
754,1712610840.3279092,8873996.23056771,552.4,-0.0,553.6,ASK
755,1712610860.3351984,8874007.09029621,551.3,-2.116844848676125e-09,553.6,ASK
756,1712610870.304443,8874007.09029621,551.3,-0.0,553.6,ASK
757,1712610900.3554857,8874007.09029621,551.3,-0.0,553.6,ASK
758,1712610922.2951722,8874017.95199063,552.4,2.118409860680178e-09,553.6,BID
759,1712610930.316152,8874017.95199063,552.4,0.0,553.6,BID
760,1712610947.1250682,8874032.30451225,552.4,2.7992398394143835e-09,553.6,BID
761,1712610960.488201,8874032.30451225,552.4,0.0,553.6,BID
762,1712610964.0752738,8874043.16620667,551.3,-2.118404106374333e-09,553.6,ASK
763,1712610990.4919896,8874043.16620667,551.3,-0.0,553.6,ASK
764,1712610995.5054622,8874054.02790109,552.4,2.1184016319802403e-09,553.6,BID
765,1712611011.5174313,8874687.6267425,552.4,1.2357342858243434e-07,553.6,BID
766,1712611013.7256272,8875567.60260202,552.4,1.7162536754097425e-07,553.6,BID
767,1712611013.7317655,8876472.74380405,552.4,1.7653346940664333e-07,553.6,BID
768,1712611020.3272443,8876472.74380405,552.4,0.0,553.6,BID
769,1712611024.800142,8876483.60549847,552.4,-2.117847274636996e-09,553.6,ASK
770,1712611037.6356862,8878654.25843308,552.4,-4.23240723232156e-07,553.6,ASK
771,1712611046.765489,8879932.79724586,552.4,-2.4929351126286175e-07,553.6,ASK
772,1712611050.3333013,8879932.79724586,552.4,-0.0,553.6,ASK
773,1712611053.3961494,8879941.86511916,552.5,1.7674237218296111e-09,553.6,BID
774,1712611053.4048262,8879943.6566501,552.6,3.4918819203827923e-10,553.6,BID
775,1712611072.8957248,8879952.70987241,552.4,-1.7645680901698967e-09,553.6,ASK
776,1712611076.9159777,8880740.22023204,552.6,1.5349403822519222e-07,553.6,BID
777,1712611076.9225836,8881863.03833756,552.7,2.1884903874751042e-07,553.6,BID
778,1712611076.9290829,8882292.10456991,552.6,8.362951402997612e-08,553.6,BID
779,1712611076.9327636,8882301.16916191,552.7,1.76678416219489e-09,553.6,BID
780,1712611079.1853478,8883402.98046103,552.7,-2.1475459160106082e-07,553.6,ASK
781,1712611080.4701197,8883402.98046103,552.7,-0.0,553.6,ASK
782,1712611092.5849686,8883413.83986527,552.4,-2.1158210032333524e-09,553.6,ASK
783,1712611106.8154273,8883435.72662359,552.8,4.264364961798036e-09,553.6,BID
784,1712611110.4792807,8883435.72662359,552.8,0.0,553.6,BID
785,1712611124.965852,8883446.58045861,552.8,2.114728452686006e-09,553.6,BID
786,1712611140.3072207,8883446.58045861,552.8,0.0,553.6,BID
787,1712611156.266187,8884698.66710839,552.8,2.43952498193432e-07,553.6,BID
788,1712611158.575672,8884709.52094341,552.4,-2.1147259805250464e-09,553.6,ASK
789,1712611170.3275542,8884709.52094341,552.4,-0.0,553.6,ASK
790,1712611200.3477218,8884709.52094341,552.4,-0.0,553.6,ASK
791,1712611205.2963967,8884864.43119064,552.4,-3.0193856095059754e-08,553.6,ASK
792,1712611205.3030262,8886613.1950344,552.4,-3.4085494528106e-07,553.6,ASK
793,1712611225.0560417,8886623.19541634,552.7,1.949193798490389e-09,553.6,BID
794,1712611225.063169,8886624.05067846,552.8,1.6670079492038922e-10,553.6,BID
795,1712611230.3139684,8886624.05067846,552.8,0.0,553.6,BID
796,1712611256.9156022,8886634.90632252,552.4,-2.115458519498647e-09,553.6,ASK
797,1712611260.4899328,8886634.90632252,552.4,-0.0,553.6,ASK
798,1712611286.9559145,8886645.76015754,552.8,2.115103516998061e-09,553.6,BID
799,1712611290.4882865,8886645.76015754,552.8,0.0,553.6,BID
800,1712611303.135962,8887188.45190862,552.8,1.0575505221143554e-07,553.6,BID
801,1712611320.326507,8887188.45190862,552.8,0.0,553.6,BID
802,1712611324.705663,8887199.30574364,552.4,-2.1149773994354646e-09,553.6,ASK
803,1712611337.9158573,8888347.15499559,552.4,-2.2366981083756658e-07,553.6,ASK
804,1712611350.3170493,8888347.15499559,552.4,-0.0,553.6,ASK
805,1712611354.2158108,8888358.00883061,552.8,2.1147136449121766e-09,553.6,BID
806,1712611370.2660017,8888504.04798073,552.8,2.8453627945559537e-08,553.6,BID
807,1712611370.2713878,8889263.15003263,552.8,1.4790011678319606e-07,553.6,BID
808,1712611373.9559283,8889805.74363002,552.9,1.0571655842429117e-07,553.6,BID
809,1712611380.4732502,8889805.74363002,552.9,0.0,553.6,BID
810,1712611389.8518047,8889816.59746504,552.4,-2.1143814585665024e-09,553.6,ASK
811,1712611410.496363,8889816.59746504,552.4,-0.0,553.6,ASK
812,1712611421.225734,8889827.44933698,552.9,2.1139965714658982e-09,553.6,BID
813,1712611440.3161747,8889827.44933698,552.9,0.0,553.6,BID
814,1712611470.309309,8889827.44933698,552.9,0.0,553.6,BID
815,1712611495.4558458,8889838.30120892,552.4,-2.113994100931764e-09,553.6,ASK
816,1712611500.4667668,8889838.30120892,552.4,-0.0,553.6,ASK
817,1712611525.1459367,8889849.15308086,552.9,2.114633767621066e-09,553.6,BID
818,1712611530.5063417,8889849.15308086,552.9,0.0,553.6,BID
819,1712611559.3164132,8889860.0049528,552.4,-2.114631295234312e-09,553.6,ASK
820,1712611560.3199954,8889860.0049528,552.4,-0.0,553.6,ASK
821,1712611577.975861,8890040.93493289,552.7,3.5256567102734026e-08,553.6,BID
822,1712611589.7260933,8890051.79073169,552.7,2.115394025387305e-09,553.6,BID
823,1712611590.319691,8890051.79073169,552.7,0.0,553.6,BID
824,1712611618.3959966,8890062.64653049,552.4,-2.115350331441713e-09,553.6,ASK
825,1712611620.4761865,8890062.64653049,552.4,-0.0,553.6,ASK
826,1712611650.4781008,8890062.64653049,552.4,-0.0,553.6,ASK
827,1712611650.5174973,8890073.50429379,552.6,2.115730659750717e-09,553.6,BID
828,1712611675.5859663,8890627.4345713,552.4,-1.0793818571470421e-07,553.6,ASK
829,1712611680.3235438,8890627.4345713,552.4,-0.0,553.6,ASK
830,1712611686.8525472,8890638.2923346,552.4,-2.115602043403109e-09,553.6,ASK
831,1712611710.3204408,8890638.2923346,552.4,-0.0,553.6,ASK
832,1712611720.2714956,8890649.1500979,552.6,2.115599570989542e-09,553.6,BID
833,1712611731.3064115,8890699.81965997,552.6,9.872797999160966e-09,553.6,BID
834,1712611740.4965978,8890699.81965997,552.6,0.0,553.6,BID
1035,1712611747.356583,8890982.7012375,552.6,5.5118182527024584e-08,553.6,BID
835,1712611747.356583,8890982.7012375,552.6,5.511818252702458e-08,553.6,BID
836,1712611747.3646574,8891264.60434688,552.7,5.4927532480275255e-08,553.6,BID
837,1712611747.3717768,8891785.35650263,552.8,1.0146617755261237e-07,553.6,BID
838,1712611752.03625,8891796.21426593,552.6,-2.1155855556826886e-09,553.6,ASK
839,1712611770.4962702,8891796.21426593,552.6,-0.0,553.6,ASK
840,1712611785.1467612,8891807.06810095,552.8,2.1145704676535433e-09,553.6,BID
841,1712611800.592336,8891807.06810095,552.8,0.0,553.6,BID
842,1712611816.0160286,8891817.92193597,552.6,-2.114892575800547e-09,553.6,ASK
843,1712611825.0364938,8891917.90112956,552.8,1.948115609509892e-08,553.6,BID
844,1712611825.0437078,8891926.9640818,552.8,1.765935300245416e-09,553.6,BID
845,1712611830.4760177,8891926.9640818,552.8,0.0,553.6,BID
846,1712611841.5457735,8892055.90829276,552.8,-2.5124726170766468e-08,553.6,ASK
847,1712611850.556001,8892066.7601647,552.9,2.114482759131181e-09,553.6,BID
848,1712611860.3450327,8892066.7601647,552.9,0.0,553.6,BID
849,1712611890.3135138,8892066.7601647,552.9,0.0,553.6,BID
850,1712611908.516109,8892806.45904378,552.9,1.4412785034601766e-07,553.6,BID
851,1712611916.4259758,8892817.31091572,552.8,-2.114450919268733e-09,553.6,ASK
852,1712611920.5018015,8892817.31091572,552.8,-0.0,553.6,ASK
853,1712611929.384187,8893747.40239039,552.8,-1.8121055806126545e-07,553.6,ASK
854,1712611950.4821908,8893747.40239039,552.8,-0.0,553.6,ASK
855,1712611978.6149724,8894019.33857603,552.8,-5.297626468741295e-08,553.6,ASK
856,1712611980.3245006,8894019.33857603,552.8,-0.0,553.6,ASK
857,1712611981.205782,8894030.19044797,552.9,2.1140062823694467e-09,553.6,BID
858,1712611995.776034,8894130.19044797,552.9,1.9480567907355955e-08,553.6,BID
859,1712611995.7813356,8894496.51420859,552.9,7.136194894860262e-08,553.6,BID
860,1712611995.78873,8894525.94130378,552.9,5.732565261589953e-09,553.6,BID
861,1712612010.3328648,8894525.94130378,552.9,0.0,553.6,BID
862,1712612013.865976,8894536.79317572,552.9,-2.1138909374940564e-09,553.6,ASK
863,1712612030.4984636,8894718.84305738,552.9,-3.5462415808226126e-08,553.6,ASK
864,1712612040.4797778,8894718.84305738,552.9,-0.0,553.6,ASK
865,1712612047.256109,8894729.69296696,553.0,2.1134647706262632e-09,553.6,BID
866,1712612070.4899323,8894729.69296696,553.0,0.0,553.6,BID
867,1712612076.3259015,8894740.54287654,552.9,-2.113462300162789e-09,553.6,ASK
868,1712612100.324235,8894740.54287654,552.9,-0.0,553.6,ASK
869,1712612108.046173,8894751.39278612,553.0,2.1134730769687592e-09,553.6,BID
1069,1712612108.046173,8894751.39278612,553.0,2.113473076968759e-09,553.6,BID
870,1712612130.340512,8894751.39278612,553.0,0.0,553.6,BID
871,1712612142.446384,8894762.2426957,552.9,-2.1134706072115222e-09,553.6,ASK
872,1712612143.796303,8895269.104719,552.9,-9.873243460085674e-08,553.6,ASK
873,1712612143.803764,8896762.2426957,552.9,-2.9085064743054256e-07,553.6,ASK
874,1712612143.899071,8896883.64711889,552.9,-2.364855467935694e-08,553.6,ASK
875,1712612160.4667468,8896883.64711889,552.9,-0.0,553.6,ASK
876,1712612171.16609,8896894.49899083,552.9,2.113367535147041e-09,553.6,BID
877,1712612190.4757714,8896894.49899083,552.9,0.0,553.6,BID
878,1712612214.0458012,8896905.35086277,552.8,-2.113365065720305e-09,553.6,ASK
879,1712612220.3102105,8896905.35086277,552.8,-0.0,553.6,ASK
880,1712612246.1862614,8896915.58924232,552.9,1.9938871851286318e-09,553.6,BID
881,1712612246.193798,8896916.20273471,552.9,1.1947541198008268e-10,553.6,BID
882,1712612250.3159904,8896916.20273471,552.9,0.0,553.6,BID
883,1712612279.515813,8896927.05460665,552.8,-2.113360127330776e-09,553.6,ASK
884,1712612280.4921012,8896927.05460665,552.8,-0.0,553.6,ASK
885,1712612291.708965,8897288.84910738,552.8,-7.045799868839625e-08,553.6,ASK
886,1712612307.8258722,8897388.84910738,552.8,-1.9474590837177738e-08,553.6,ASK
887,1712612307.845634,8897399.70097932,552.9,2.113357658730722e-09,553.6,BID
888,1712612310.4979963,8897399.70097932,552.9,0.0,553.6,BID
889,1712612332.4188397,8897616.77767976,552.8,-4.2272648245395415e-08,553.6,ASK
890,1712612340.320644,8897616.77767976,552.8,-0.0,553.6,ASK
891,1712612347.125801,8897627.6295517,552.8,-2.113200747464692e-09,553.6,ASK
892,1712612370.317183,8897627.6295517,552.8,-0.0,553.6,ASK
893,1712612377.8057091,8897638.48142364,552.9,2.1131982792369928e-09,553.6,BID
894,1712612387.8956974,8897819.3459561,552.9,3.52199713411704e-08,553.6,BID
895,1712612400.360114,8897819.3459561,552.9,0.0,553.6,BID
896,1712612408.5156524,8897830.19782804,552.8,-2.113216524396952e-09,553.6,ASK
897,1712612430.3213525,8897830.19782804,552.8,-0.0,553.6,ASK
898,1712612432.8660717,8899639.17033165,552.8,-3.52266055339134e-07,553.6,ASK
899,1712612432.874791,8899792.9393591,552.8,-2.9943854108020755e-08,553.6,ASK
900,1712612440.4600773,8899803.79319412,552.8,2.113596331753335e-09,553.6,BID
901,1712612460.475916,8899803.79319412,552.8,0.0,553.6,BID
902,1712612475.7756352,8899858.97340038,552.7,-1.0743106777282145e-08,553.6,ASK
903,1712612478.9413793,8899869.8272354,552.6,-2.113147385066953e-09,553.6,ASK
904,1712612490.465703,8899869.8272354,552.6,-0.0,553.6,ASK
905,1712612509.5657103,8899880.6830342,552.7,2.113514698389456e-09,553.6,BID
906,1712612520.3187256,8899880.6830342,552.7,0.0,553.6,BID
907,1712612529.6358848,8899995.54427951,552.7,2.2362301581135483e-08,553.6,BID
908,1712612545.8755703,8900006.40007831,552.7,-2.113512229512181e-09,553.6,ASK
909,1712612549.7856894,8900181.94638945,552.7,-3.417705894252879e-08,553.6,ASK
910,1712612550.3262649,8900181.94638945,552.7,-0.0,553.6,ASK
911,1712612572.395657,8900206.83130259,552.7,-4.844679263006102e-09,553.6,ASK
1111,1712612572.395657,8900206.83130259,552.7,-4.8446792630061024e-09,553.6,ASK
912,1712612575.1656754,8900217.68513761,552.8,2.113061401853192e-09,553.6,BID
913,1712612580.4951706,8900217.68513761,552.8,0.0,553.6,BID
914,1712612588.9356835,8901700.83667019,552.7,-2.887438585757732e-07,553.6,ASK
915,1712612590.676239,8902217.68513761,552.7,1.006214250559608e-07,553.6,BID
916,1712612590.6846168,8903254.6071967,552.9,2.018707258205844e-07,553.6,BID
917,1712612590.6895082,8903997.9846882,553.0,1.4472269391171674e-07,553.6,BID
918,1712612590.694094,8905855.25292764,553.0,3.615778874149605e-07,553.6,BID
919,1712612590.698151,8908870.41128561,552.8,5.869989946228722e-07,553.6,BID
920,1712612590.7022493,8909073.87043716,553.0,3.960996512522572e-08,553.6,BID
921,1712612590.706329,8910561.59616385,552.9,2.896343747694676e-07,553.6,BID
922,1712612590.7104304,8910742.42799026,553.0,3.520481768975565e-08,553.6,BID
923,1712612610.4856024,8910742.42799026,553.0,0.0,553.6,BID
924,1712612611.975593,8910753.28182528,552.7,-2.110662306326562e-09,553.6,ASK
925,1712612640.3366709,8910753.28182528,552.7,-0.0,553.6,ASK
926,1712612644.605933,8910764.13173486,553.0,2.109896494534981e-09,553.6,BID
927,1712612670.3080232,8910764.13173486,553.0,0.0,553.6,BID
928,1712612674.9560587,8910944.99626732,552.8,3.517126064394691e-08,553.6,BID
929,1712612675.558211,8910955.8461769,552.7,-2.109894032768094e-09,553.6,ASK
930,1712612700.3402064,8910955.8461769,552.7,-0.0,553.6,ASK
931,1712612706.335569,8910966.70001192,552.8,2.113732608604069e-09,553.6,BID
932,1712612716.605434,8911209.02548678,552.7,-4.71917305867842e-08,553.6,ASK
933,1712612729.7359931,8911223.51036107,552.6,-2.820860189987114e-09,553.6,ASK
934,1712612729.743302,8913209.02548678,552.6,-3.866696018757116e-07,553.6,ASK
935,1712612730.297677,8913209.02548678,552.6,-0.0,553.6,ASK
936,1712612745.185382,8913219.8793218,552.6,-2.113220187005821e-09,553.6,ASK
937,1712612760.5098064,8913219.8793218,552.6,-0.0,553.6,ASK
938,1712612774.525524,8913230.7351206,552.7,2.113600062763805e-09,553.6,BID
939,1712612790.4997282,8913230.7351206,552.7,0.0,553.6,BID
940,1712612807.376587,8913241.5909194,552.6,-2.113597593687092e-09,553.6,ASK
941,1712612820.2962368,8913241.5909194,552.6,-0.0,553.6,ASK
942,1712612827.2161353,8913946.09390077,552.6,-1.371648548864988e-07,553.6,ASK
943,1712612836.6293476,8913956.95166407,552.6,2.1139776080166828e-09,553.6,BID
944,1712612850.3359916,8913956.95166407,552.6,0.0,553.6,BID
945,1712612853.025745,8914877.30943668,552.6,1.791774175980789e-07,553.6,BID
946,1712612859.616051,8918497.21893894,552.5,-7.04732502788905e-07,553.6,ASK
947,1712612859.628677,8918940.8970878,552.5,-8.63763063921493e-08,553.6,ASK
948,1712612865.2759335,8919355.09781643,552.5,-8.063757283510596e-08,553.6,ASK
949,1712612865.281822,8920098.59212504,552.5,-1.4474522210811613e-07,553.6,ASK
950,1712612877.2158215,8920109.44988834,552.5,-2.1138149172309514e-09,553.6,ASK
951,1712612880.497923,8920109.44988834,552.5,-0.0,553.6,ASK
952,1712612908.7756398,8920120.30765164,552.6,2.112416934990256e-09,553.6,BID
953,1712612910.5122616,8920120.30765164,552.6,0.0,553.6,BID
954,1712612931.7584753,8921595.57023536,552.5,-2.870173111207448e-07,553.6,ASK
955,1712612940.3362,8921595.57023536,552.5,-0.0,553.6,ASK
956,1712612940.8760564,8921606.42799866,552.5,-2.112079541387397e-09,553.6,ASK
957,1712612970.33894,8921606.42799866,552.5,-0.0,553.6,ASK
958,1712612973.636303,8921617.28576196,552.6,2.1120770767540802e-09,553.6,BID
1158,1712612973.636303,8921617.28576196,552.6,2.11207707675408e-09,553.6,BID
959,1712613000.3652956,8921617.28576196,552.6,0.0,553.6,BID
960,1712613004.929752,8921628.14352526,552.5,-2.11229971522337e-09,553.6,ASK
961,1712613018.736319,8921780.14352526,552.5,-2.95705061761916e-08,553.6,ASK
962,1712613030.3243518,8921780.14352526,552.5,-0.0,553.6,ASK
963,1712613035.9064722,8921830.14352526,552.5,-9.726969921357498e-09,553.6,ASK
964,1712613037.7297118,8921841.00128856,552.6,2.1122627405916233e-09,553.6,BID
965,1712613047.2462013,8921998.48784501,552.5,-3.0637339952127915e-08,553.6,ASK
966,1712613050.116109,8923336.87418857,552.5,-2.6036887413949175e-07,553.6,ASK
967,1712613050.1235068,8923843.99183562,552.5,-9.865436198888877e-08,553.6,ASK
968,1712613055.3763273,8923862.09465966,552.4,-3.521712498526924e-09,553.6,ASK
969,1712613055.3857102,8927084.73892705,552.4,-6.269312771226666e-07,553.6,ASK
970,1712613060.4462495,8927084.73892705,552.4,-0.0,553.6,ASK
971,1712613070.5664885,8927095.59669035,552.4,-2.111059244532137e-09,553.6,ASK
972,1712613090.4861264,8927095.59669035,552.4,-0.0,553.6,ASK
973,1712613114.6369803,8927457.47223338,552.4,-7.035885739336174e-08,553.6,ASK
974,1712613114.6546416,8928261.15130935,552.4,-1.562579803620638e-07,553.6,ASK
975,1712613114.7669823,8928307.06753537,552.4,-8.927415131562897e-09,553.6,ASK
976,1712613120.312244,8928307.06753537,552.4,-0.0,553.6,ASK
977,1712613150.3355486,8928307.06753537,552.4,-0.0,553.6,ASK
978,1712613167.866376,8928317.92922979,552.4,2.11154636072224e-09,553.6,BID
979,1712613180.2543414,8928408.44334999,552.4,1.7596219679323906e-08,553.6,BID
980,1712613180.476304,8928408.44334999,552.4,0.0,553.6,BID
981,1712613181.8170676,8928511.57787975,552.4,2.0049447331600892e-08,553.6,BID
1181,1712613181.8170676,8928511.57787975,552.4,2.004944733160089e-08,553.6,BID
982,1712613190.2164972,8932069.43547885,552.4,6.916507857495963e-07,553.6,BID
983,1712613190.2272513,8934312.42783326,552.4,4.360397742591628e-07,553.6,BID
984,1712613196.9063308,8934323.28952768,552.4,-2.111523373837411e-09,553.6,ASK
985,1712613210.476401,8934323.28952768,552.4,-0.0,553.6,ASK
986,1712613232.2864866,8934334.14925618,552.5,2.109801097343578e-09,553.6,BID
987,1712613240.306374,8934334.14925618,552.5,0.0,553.6,BID
988,1712613259.4566088,8934345.00898468,552.4,-2.109798638386793e-09,553.6,ASK
989,1712613269.5062969,8934406.55858642,552.4,-1.1957689913126531e-08,553.6,ASK
990,1712613270.3067834,8934406.55858642,552.4,-0.0,553.6,ASK
991,1712613276.5964265,8936685.86265881,552.5,4.428135804133795e-07,553.6,BID
992,1712613292.4765134,8936860.19909981,552.4,-3.3869348355622484e-08,553.6,ASK
993,1712613294.3365238,8936871.05882831,552.5,2.1097822431588607e-09,553.6,BID
994,1712613300.2467196,8937202.79873781,552.5,6.444903024215003e-08,553.6,BID
995,1712613300.4869182,8937202.79873781,552.5,0.0,553.6,BID
996,1712613317.5264354,8939012.75348894,552.5,3.521341892519536e-07,553.6,BID
997,1712613322.291136,8939026.93809229,552.5,2.759673299833838e-09,553.6,BID
998,1712613322.2987804,8939220.21009453,552.5,3.760186809735613e-08,553.6,BID
999,1712613325.29685,8939231.06982303,552.5,-2.112805134242648e-09,553.6,ASK
1000,1712613330.4939857,8939231.06982303,552.5,-0.0,553.6,ASK
1201,1712613358.526651,8939241.92758633,552.6,2.111962343746385e-09,553.6,BID
1202,1712613360.3301468,8939241.92758633,552.6,0.0,553.6,BID
1203,1712613389.6667907,8940079.91871755,552.5,-1.629989160005498e-07,553.6,ASK
1204,1712613389.669534,8942922.44527416,552.4,-5.529041181563873e-07,553.6,ASK
1205,1712613389.6722257,8943609.10631563,552.5,-1.3356347251134893e-07,553.6,ASK
1206,1712613390.3063774,8943609.10631563,552.5,-0.0,553.6,ASK
1207,1712613391.516646,8943619.96407893,552.3,-2.110969253939902e-09,553.6,ASK
1208,1712613418.5333471,8943981.11541853,552.4,7.021514034426263e-08,553.6,BID
1209,1712613420.4986248,8943981.11541853,552.4,0.0,553.6,BID
1210,1712613450.4795384,8943981.11541853,552.4,0.0,553.6,BID
1211,1712613455.5063066,8943991.97711295,552.4,2.111649177561236e-09,553.6,BID
1212,1712613471.2972364,8944991.97711295,552.3,-1.944125009959954e-07,553.6,ASK
1213,1712613471.3005035,8945574.24541105,552.3,-1.132002360840729e-07,553.6,ASK
1214,1712613471.3030443,8945787.34759404,551.9,-4.142972836278051e-08,553.6,ASK
1215,1712613471.3069575,8945968.50701432,552.0,-3.5219655975577846e-08,553.6,ASK
1216,1712613471.309013,8946125.39894081,551.8,-3.0501751814956135e-08,553.6,ASK
1217,1712613471.3104482,8947125.39894081,551.9,-1.944125009959954e-07,553.6,ASK
1218,1712613471.311909,8947497.81648339,551.8,-7.240262586786058e-08,553.6,ASK
1219,1712613480.3413498,8947497.81648339,551.8,-0.0,553.6,ASK
1220,1712613510.303665,8947497.81648339,551.8,-0.0,553.6,ASK
1221,1712613517.0066292,8947508.67817781,551.8,-2.1108524439616187e-09,553.6,ASK
1222,1712613540.5225244,8947508.67817781,551.8,-0.0,553.6,ASK
1223,1712613552.186527,8947519.53987223,552.4,2.110849985310304e-09,553.6,BID
1224,1712613570.5400956,8947519.53987223,552.4,0.0,553.6,BID
1225,1712613582.3374045,8947700.56811263,552.4,3.518079208051855e-08,553.6,BID
1226,1712613584.307084,8947711.42980705,551.8,-2.1108475239913104e-09,553.6,ASK
1227,1712613600.6402097,8947711.42980705,551.8,-0.0,553.6,ASK
1228,1712613623.0288062,8948017.77882343,551.8,-5.975949108945305e-08,553.6,ASK
1229,1712613630.4971664,8948017.77882343,551.8,-0.0,553.6,ASK
1230,1712613634.0474272,8948438.0342269,551.8,-8.197650253132357e-08,553.6,ASK
1231,1712613634.0507252,8948619.16874119,551.8,-3.533273777483812e-08,553.6,ASK
1232,1712613634.0542045,8948810.46520537,551.5,-3.7314963592346914e-08,553.6,ASK
1233,1712613634.05692,8948846.71022168,551.8,-7.070080828894728e-09,553.6,ASK
1234,1712613634.058499,8949846.71022168,551.5,-1.950635300686315e-07,553.6,ASK
1235,1712613634.060256,8949903.56211141,551.4,-1.1089730301708812e-08,553.6,ASK
1236,1712613645.886403,8949914.4277398,552.2,2.119487830460773e-09,553.6,BID
1237,1712613660.4141717,8949914.4277398,552.2,0.0,553.6,BID
1238,1712613664.8569462,8950522.06781944,552.0,1.185042352523327e-07,553.6,BID
1239,1712613664.8586514,8950568.05408078,552.2,8.968412247302314e-09,553.6,BID
1240,1712613664.8604343,8951378.24085364,552.1,1.5800564700419994e-07,553.6,BID
1241,1712613665.8170028,8952283.7098866,552.2,-1.7658794883838677e-07,553.6,ASK
1242,1712613690.3320525,8952283.7098866,552.2,-0.0,553.6,ASK
1243,1712613702.3467844,8953534.49383858,552.2,-2.4387033800101245e-07,553.6,ASK
1244,1712613713.9544675,8953545.35946697,551.4,-2.118514923203596e-09,553.6,ASK
1245,1712613720.5269413,8953545.35946697,551.4,-0.0,553.6,ASK
1246,1712613729.7168388,8953555.35946697,551.4,-1.9494750983082964e-09,553.6,ASK
1247,1712613729.7205148,8957765.87372479,551.4,-8.208292696692759e-07,553.6,ASK
1248,1712613743.5078793,8957776.74132123,552.1,2.118610863827747e-09,553.6,BID
1249,1712613750.494716,8957776.74132123,552.1,0.0,553.6,BID
1250,1712613780.3358502,8957776.74132123,552.1,0.0,553.6,BID
1251,1712613782.6979132,8957787.60891767,551.4,-2.1176476520369113e-09,553.6,ASK
1252,1712613810.325582,8957787.60891767,551.4,-0.0,553.6,ASK
1253,1712613816.41661,8957798.47651411,552.1,2.117645179324226e-09,553.6,BID
1254,1712613840.4924226,8957798.47651411,552.1,0.0,553.6,BID
1255,1712613848.9166844,8957809.34411055,551.5,-2.117642703478228e-09,553.6,ASK
1256,1712613863.7377367,8957900.15413597,551.5,-1.7695098340725212e-08,553.6,ASK
1257,1712613870.496914,8957900.15413597,551.5,-0.0,553.6,ASK
1258,1712613884.6171036,8957911.02370118,552.0,2.118003191928197e-09,553.6,BID
1259,1712613900.3347087,8957911.02370118,552.0,0.0,553.6,BID
1260,1712613917.3168488,8957921.89326639,551.6,-2.14041127157447e-09,553.6,ASK
1261,1712613930.3071911,8957921.89326639,551.6,-0.0,553.6,ASK
1262,1712613942.6166456,8959292.26497919,551.6,-2.698503151498624e-07,553.6,ASK
1263,1712613953.006846,8959303.1345444,552.0,2.140408744865838e-09,553.6,BID
1264,1712613960.4906445,8959303.1345444,552.0,0.0,553.6,BID
1265,1712613966.4768622,8959544.68719424,552.0,4.755883390397783e-08,553.6,BID
1266,1712613972.0065703,8960088.06701673,552.1,1.069850019937705e-07,553.6,BID
1267,1712613979.7670617,8960098.93658194,552.0,-2.1400876651361155e-09,553.6,ASK
1268,1712613980.3171363,8960389.99262775,552.0,-5.7305461764338974e-08,553.6,ASK
1269,1712613980.320504,8960498.93658194,552.0,-2.1449764370760543e-08,553.6,ASK
1270,1712613990.5003643,8960498.93658194,552.0,-0.0,553.6,ASK
1271,1712614017.366613,8960509.80417838,552.1,2.139421970621126e-09,553.6,BID
1272,1712614020.3366375,8960509.80417838,552.1,0.0,553.6,BID
1273,1712614047.1919303,8960520.67177482,552.0,-2.1394194435926435e-09,553.6,ASK
1274,1712614050.3185475,8960520.67177482,552.0,-0.0,553.6,ASK
1275,1712614061.1868718,8960523.09202111,552.0,-4.764545578105443e-10,553.6,ASK
1276,1712614061.1900342,8963120.67177482,552.0,-5.113647805279827e-07,553.6,ASK
1277,1712614077.916678,8963131.53937126,552.1,2.1394169170278408e-09,553.6,BID
1278,1712614079.2568462,8963631.53937126,552.0,-9.843100674726796e-08,553.6,ASK
1279,1712614080.477873,8963631.53937126,552.0,-0.0,553.6,ASK
1280,1712614110.4965692,8963631.53937126,552.0,-0.0,553.6,ASK
1281,1712614115.329126,8963642.4069677,552.0,-2.1386939284451392e-09,553.6,ASK
1282,1712614120.327014,8963672.59738583,552.0,-5.941338023340592e-09,553.6,ASK
1283,1712614120.3367708,8965642.4069677,552.0,-3.876496349667737e-07,553.6,ASK
1284,1712614120.8093157,8965672.59738583,552.0,-5.941338023340592e-09,553.6,ASK
1285,1712614140.3007066,8965672.59738583,552.0,-0.0,553.6,ASK
1286,1712614147.8169966,8965683.46695104,552.0,2.1386071966260116e-09,553.6,BID
1287,1712614151.636756,8967495.06115393,552.0,3.564345329709772e-07,553.6,BID
1288,1712614169.8969452,8967545.06115393,552.0,9.837593110050131e-09,553.6,BID
1289,1712614170.3280149,8967545.06115393,552.0,0.0,553.6,BID
1290,1712614179.8968203,8967555.93071914,551.6,-2.138172372066401e-09,553.6,ASK
1291,1712614199.0328126,8970351.76281342,551.5,-5.499733268762584e-07,553.6,ASK
1292,1712614199.0344195,8973966.70905676,551.6,-7.111027933320502e-07,553.6,ASK
1293,1712614199.0359037,8974989.56596644,551.4,-2.012080835208111e-07,553.6,ASK
1294,1712614199.037357,8975180.96654699,551.2,-3.765076388755549e-08,553.6,ASK
1295,1712614199.0388176,8976180.96654699,551.3,-1.967118583414959e-07,553.6,ASK
1296,1712614199.0403633,8976724.9375352,551.5,-1.0700554397470625e-07,553.6,ASK
1297,1712614199.041835,8976916.37284639,551.1,-3.765759581615527e-08,553.6,ASK
1298,1712614199.0433197,8977107.94720629,550.7,-3.768494834675732e-08,553.6,ASK
1299,1712614199.0448067,8977652.60951565,550.8,-1.0714153504272902e-07,553.6,ASK
1300,1712614199.0462897,8979652.60951565,550.7,-3.934237166829918e-07,553.6,ASK
1301,1712614199.047793,8979833.99895878,551.3,-3.5681454441493894e-08,553.6,ASK
1302,1712614199.049266,8980745.92774937,551.0,-1.7938720707203136e-07,553.6,ASK
1303,1712614199.0507555,8982282.27913929,551.5,-3.0221853697677e-07,553.6,ASK
1304,1712614199.052323,8982473.81871808,550.8,-3.76781064896978e-08,553.6,ASK
1305,1712614199.053835,8984513.81871808,550.7,-4.0129219101665163e-07,553.6,ASK
1306,1712614199.0553458,8986513.81871808,550.8,-3.934237166829918e-07,553.6,ASK
1307,1712614199.0568967,8991754.75665114,550.7,-1.0309546402649211e-06,553.6,ASK
1308,1712614199.058406,8991946.12251364,551.3,-3.764393443548295e-08,553.6,ASK
1309,1712614199.0599337,8994235.19834151,550.6,-4.502883599846414e-07,553.6,ASK
1310,1712614199.061457,8999359.09893798,551.1,-1.0079320082890089e-06,553.6,ASK
1311,1712614199.0630088,8999550.70809163,550.6,-3.769179268950423e-08,553.6,ASK
1312,1712614199.064557,9000550.70809163,551.2,-1.967118583414959e-07,553.6,ASK
1313,1712614199.066074,9001550.70809163,550.6,-1.967118583414959e-07,553.6,ASK
1314,1712614199.0676153,9022408.33243312,550.5,-4.102942044803267e-06,553.6,ASK
1315,1712614199.0695367,9024408.33243312,550.6,-3.934237166829918e-07,553.6,ASK
1316,1712614199.071071,9029858.91382846,550.4,-1.072193995319128e-06,553.6,ASK
1317,1712614199.0726223,9030403.87295652,550.5,-1.0719992280073505e-07,553.6,ASK
1318,1712614199.07417,9031975.83693287,550.4,-3.092239550336332e-07,553.6,ASK
1319,1712614199.0757349,9031985.0911517,551.1,-1.820414583507979e-09,553.6,ASK
1320,1712614199.0773103,9032165.98840206,550.7,-3.558463428715842e-08,553.6,ASK
1321,1712614199.0788577,9032347.60845291,550.6,-3.5726817715027485e-08,553.6,ASK
1322,1712614199.0804312,9032539.28723197,550.4,-3.770548883352575e-08,553.6,ASK
1323,1712614199.0819786,9032639.28723197,550.6,-1.967118583414959e-08,553.6,ASK
1324,1712614199.0835907,9036349.06349754,550.4,-7.297569832312588e-07,553.6,ASK
1325,1712614199.0851655,9037466.38576844,550.5,-2.197905402750815e-07,553.6,ASK
1326,1712614200.3803,9037466.38576844,550.5,-0.0,553.6,ASK
1327,1712614210.1165786,9037477.25730313,551.9,2.126253425593737e-09,553.6,BID
1328,1712614230.311368,9037477.25730313,551.9,0.0,553.6,BID
1329,1712614235.6169865,9037513.49575212,551.9,7.087503106100833e-09,553.6,BID
1330,1712614240.3039856,9038440.71884656,551.9,1.813459666446254e-07,553.6,BID
1331,1712614246.8367612,9038451.59038125,551.9,-2.1262509304823567e-09,553.6,ASK
1332,1712614246.9366124,9039031.40556525,551.9,-1.1340004972748556e-07,553.6,ASK
1333,1712614255.1097677,9039317.601206,551.9,-5.597404274396576e-08,553.6,ASK
1334,1712614260.5506666,9039317.601206,551.9,-0.0,553.6,ASK
1335,1712614265.2065482,9039371.14705205,550.6,-1.0470397816540565e-08,553.6,ASK
1336,1712614279.0166554,9039382.02055694,551.8,2.1262138944655478e-09,553.6,BID
1337,1712614290.4996042,9039382.02055694,551.8,0.0,553.6,BID
1338,1712614305.9066384,9039400.12010445,550.6,-3.5391755265677513e-09,553.6,ASK
1339,1712614310.6040063,9039410.99360934,550.6,-2.12619914237314e-09,553.6,ASK
1340,1712614311.3566196,9039592.21869089,551.7,3.5436652382234003e-08,553.6,BID
1341,1712614320.3080304,9039592.21869089,551.7,0.0,553.6,BID
1342,1712614323.8964815,9040317.25041102,551.7,1.417690883547478e-07,553.6,BID
1343,1712614343.2766955,9040328.12588682,551.7,2.126536324875057e-09,553.6,BID
1344,1712614350.3266666,9040328.12588682,551.7,0.0,553.6,BID
1345,1712614374.0363672,9040339.00136262,550.8,-2.1263675184772834e-09,553.6,ASK
1346,1712614376.1267035,9042151.58066296,551.7,3.543945864903303e-07,553.6,BID
1347,1712614380.4564784,9042151.58066296,551.7,0.0,553.6,BID
1348,1712614409.616719,9042162.45416785,551.8,2.125564088562116e-09,553.6,BID
1349,1712614410.476606,9042162.45416785,551.8,0.0,553.6,BID
1350,1712614416.5367153,9042685.66628613,551.8,1.0227793118799825e-07,553.6,BID
1351,1712614439.3465197,9042696.53979102,551.8,-2.125561595520117e-09,553.6,ASK
1352,1712614440.3772235,9042696.53979102,551.8,-0.0,553.6,ASK
1353,1712614459.7607884,9044039.53979102,551.8,-2.625156107755845e-07,553.6,ASK
1354,1712614470.2737608,9045893.50608926,551.9,3.623939651080638e-07,553.6,BID
1355,1712614470.3377812,9045893.50608926,551.9,0.0,553.6,BID
1356,1712614473.1594212,9045904.37762395,551.9,2.1243214384969816e-09,553.6,BID
1357,1712614488.1468818,9046085.56986892,551.9,3.5405357340433265e-08,553.6,BID
1358,1712614490.5612066,9046094.63129309,551.9,1.770621920337361e-09,553.6,BID
1359,1712614499.4063148,9046178.82091077,551.9,1.645083374734263e-08,553.6,BID
1360,1712614500.334948,9046178.82091077,551.9,0.0,553.6,BID
1361,1712614511.9284213,9048245.32325552,551.8,-4.0413937743942273e-07,553.6,ASK
1362,1712614530.343932,9048245.32325552,551.8,-0.0,553.6,ASK
1363,1712614541.0766797,9048256.19479021,551.8,-2.125637890945572e-09,553.6,ASK
1364,1712614552.2665153,9048270.39600991,551.9,2.77666875492689e-09,553.6,BID
1365,1712614556.2265997,9049616.73676902,551.9,2.632409326947877e-07,553.6,BID
1366,1712614556.2313433,9049979.18693191,551.9,7.086743700568472e-08,553.6,BID
1367,1712614556.3464217,9049979.18693213,551.9,4.297447305174914e-17,553.6,BID
1368,1712614558.65646,9054952.0893394,551.9,-9.723180844317149e-07,553.6,ASK
1369,1712614560.4863825,9054952.0893394,551.9,-0.0,553.6,ASK
1370,1712614571.4866488,9054961.16542635,552.0,1.773302719231493e-09,553.6,BID
1371,1712614571.4908066,9055495.56760026,552.0,1.0441248893110113e-07,553.6,BID
1372,1712614576.9820802,9055526.25607011,551.9,-5.995970216644469e-09,553.6,ASK
1373,1712614578.9658408,9056003.00488816,552.1,9.314806922179401e-08,553.6,BID
1374,1712614578.968109,9057968.60271425,552.0,3.840421526691632e-07,553.6,BID
1375,1712614578.9702315,9058227.67715728,552.1,5.0618445687054175e-08,553.6,BID
1376,1712614578.9723682,9064142.97347039,552.0,1.1557415762319484e-06,553.6,BID
1377,1712614578.974518,9066200.86483663,552.1,4.020746358995441e-07,553.6,BID
1378,1712614590.4890292,9066200.86483663,552.1,0.0,553.6,BID
1379,1712614596.56242,9066563.31499974,552.0,-7.073037266090595e-08,553.6,ASK
1380,1712614602.8694084,9066574.18259618,552.1,2.120758174124912e-09,553.6,BID
1381,1712614602.9920614,9066973.398153,552.1,7.790495902517737e-08,553.6,BID
1382,1712614603.866643,9067226.23838318,552.1,-4.9340531538996384e-08,553.6,ASK
1383,1712614603.8754013,9068200.5714613,552.1,-1.9013632417692145e-07,553.6,ASK
1384,1712614620.320368,9068200.5714613,552.1,-0.0,553.6,ASK
1385,1712614620.3464117,9069126.00058762,551.9,-1.8055405903896642e-07,553.6,ASK
1386,1712614626.996991,9070937.92303733,551.9,-3.535116235856108e-07,553.6,ASK
1387,1712614627.0007007,9071302.65615912,551.9,-7.116054998936392e-08,553.6,ASK
1388,1712614627.0036664,9081428.24364503,551.8,-1.9755331540128564e-06,553.6,ASK
1389,1712614627.006614,9081637.55906705,551.8,-4.0838080400156295e-08,553.6,ASK
1390,1712614627.009617,9082181.13580196,551.9,-1.0605348707506545e-07,553.6,ASK
1391,1712614627.012428,9088881.99332149,551.8,-1.3073578405765365e-06,553.6,ASK
1392,1712614630.5902317,9088981.99332149,552.0,1.9510306505790053e-08,553.6,BID
1393,1712614636.5567112,9088992.86091793,552.0,-2.120301375259688e-09,553.6,ASK
1394,1712614650.31797,9088992.86091793,552.0,-0.0,553.6,ASK
1395,1712614665.1767347,9089011.76250455,552.1,3.679520769815603e-09,553.6,BID
1396,1712614665.181365,9089030.42256909,552.1,3.632504319549439e-09,553.6,BID
1397,1712614665.2561843,9089041.78148819,552.2,2.2112100739098776e-09,553.6,BID
1398,1712614667.8905008,9094435.30252064,552.1,-1.0499421588342717e-06,553.6,ASK
1399,1712614671.2668,9094446.17011708,552.1,2.115565620105993e-09,553.6,BID
1400,1712614673.5814052,9099877.25280069,552.1,1.057254183923274e-06,553.6,BID
1401,1712614680.4764688,9099877.25280069,552.1,0.0,553.6,BID
1402,1712614697.2262626,9099888.12039713,552.0,-2.113093703853895e-09,553.6,ASK
1403,1712614709.2962809,9106567.21872281,552.1,1.2986828041795767e-06,553.6,BID
1404,1712614709.376614,9107030.8758018,552.2,9.015340786439898e-08,553.6,BID
1405,1712614709.3806784,9107039.94860151,552.2,1.764113716452537e-09,553.6,BID
1406,1712614709.3844657,9107308.95739327,552.3,5.23060262023932e-08,553.6,BID
1407,1712614710.470611,9107308.95739327,552.3,0.0,553.6,BID
1408,1712614733.7168052,9107317.77837166,552.3,1.713782338692642e-09,553.6,BID
1409,1712614733.7211256,9107319.82105432,552.3,3.9686226546974524e-10,553.6,BID
1410,1712614740.3370771,9107319.82105432,552.3,0.0,553.6,BID
1411,1712614747.2363,9107379.82105432,552.3,1.1657076563225788e-08,553.6,BID
1412,1712614762.2563474,9107390.68471537,552.1,-2.1106421434059303e-09,553.6,ASK
1413,1712614770.3589745,9107390.68471537,552.1,-0.0,553.6,ASK
1414,1712614778.1461835,9108390.68471537,552.3,1.9428313215745506e-07,553.6,BID
1415,1712614795.996321,9108401.54837642,552.3,2.110626095645695e-09,553.6,BID
1416,1712614800.376506,9108401.54837642,552.3,0.0,553.6,BID
1417,1712614806.0563743,9108437.76057993,552.3,7.0378056193430544e-09,553.6,BID
1418,1712614826.1477065,9108448.62424098,552.1,-2.111341685006509e-09,553.6,ASK
1419,1712614830.3223102,9108448.62424098,552.1,-0.0,553.6,ASK
1420,1712614838.6273627,9108495.72127478,552.3,9.153215277306156e-09,553.6,BID
1421,1712614838.6324558,9108504.78750713,552.6,1.762004308010481e-09,553.6,BID
1422,1712614838.6378212,9108513.8586641,552.3,1.7629613980743135e-09,553.6,BID
1423,1712614838.6419897,9109435.86186867,552.6,1.791894974435825e-07,553.6,BID
1424,1712614838.6442068,9109448.62424098,552.3,2.480341791613133e-09,553.6,BID
1425,1712614852.5876646,9109615.34573179,552.4,-3.2401991666755294e-08,553.6,ASK
1426,1712614852.5927713,9110423.22988169,552.4,-1.5701068509934577e-07,553.6,ASK
1427,1712614858.5388727,9110434.09157611,552.4,2.1109488066989512e-09,553.6,BID
1428,1712614859.4381351,9110471.32230915,552.0,-7.235719257388691e-09,553.6,ASK
1429,1712614859.4421964,9110525.63313598,552.1,-1.0555201670954981e-08,553.6,ASK
1430,1712614860.4830155,9110525.63313598,552.1,-0.0,553.6,ASK
1431,1712614887.268478,9110536.4948304,552.1,-2.110478144764541e-09,553.6,ASK
1432,1712614890.5187392,9110536.4948304,552.1,-0.0,553.6,ASK
1433,1712614919.8992398,9111068.74140434,552.1,-1.0341788395620197e-07,553.6,ASK
1434,1712614919.9045577,9112198.60654889,552.1,-2.195378385253861e-07,553.6,ASK
1435,1712614920.3178394,9112198.60654889,552.1,-0.0,553.6,ASK
1436,1712614921.8288343,9112209.47020994,552.3,2.110481503485536e-09,553.6,BID
1437,1712614950.3329544,9112209.47020994,552.3,0.0,553.6,BID
1438,1712614955.7000575,9112220.33387099,552.1,-2.110479043833058e-09,553.6,ASK
1439,1712614957.1202056,9112231.19753204,552.3,2.110479043471202e-09,553.6,BID
1440,1712614980.5174184,9112231.19753204,552.3,0.0,553.6,BID
1441,1712614982.9199934,9112241.19753204,552.3,1.9426914323304267e-09,553.6,BID
1442,1712614990.5550785,9114152.55450315,552.3,3.7131768119026644e-07,553.6,BID
1443,1712614990.5577636,9119863.02452552,552.3,1.109368118703634e-06,553.6,BID
1444,1712614991.1700969,9119873.88621994,552.4,2.110092068985222e-09,553.6,BID
1445,1712615007.0406013,9120877.55719039,552.4,1.9498229951740922e-07,553.6,BID
1446,1712615007.0448434,9124773.96587236,552.4,7.569519763321184e-07,553.6,BID
1447,1712615007.140604,9125777.6368432,552.4,1.9498229959303682e-07,553.6,BID
1448,1712615007.144132,9126931.3036892,552.4,2.241218697487202e-07,553.6,BID
1449,1712615010.4801974,9126931.3036892,552.4,0.0,553.6,BID
1450,1712615011.1506538,9127457.00225807,552.6,1.019661708718724e-07,553.6,BID
1451,1712615011.1560066,9127466.06849042,552.6,1.758515338788576e-09,553.6,BID
1452,1712615018.4205775,9127474.19185423,552.6,-1.575633549947878e-09,553.6,ASK
1453,1712615021.2508898,9127485.05354865,552.3,-2.106768887986198e-09,553.6,ASK
1454,1712615038.3909955,9127502.36913168,552.3,-3.358585703887446e-09,553.6,ASK
1455,1712615040.3308003,9127502.36913168,552.3,-0.0,553.6,ASK
1456,1712615042.5712152,9131119.81484241,552.6,7.016083624217687e-07,553.6,BID
1457,1712615056.3659203,9131130.67260571,552.6,2.1058774996078074e-09,553.6,BID
1458,1712615070.341779,9131130.67260571,552.6,0.0,553.6,BID
1459,1712615085.8986704,9131141.53036901,552.3,-2.105058900113869e-09,553.6,ASK
1460,1712615100.510764,9131141.53036901,552.3,-0.0,553.6,ASK
1461,1712615107.101806,9133350.25483063,552.3,-4.297134003420412e-07,553.6,ASK
1462,1712615123.585566,9133361.11259393,552.6,2.112407622002581e-09,553.6,BID
1463,1712615130.4820237,9133361.11259393,552.6,0.0,553.6,BID
1464,1712615148.8326104,9133371.97035723,552.3,-2.111903937079401e-09,553.6,ASK
1465,1712615160.3430388,9133371.97035723,552.3,-0.0,553.6,ASK
1466,1712615161.8026764,9133648.57083904,552.3,-5.380048809768876e-08,553.6,ASK
1467,1712615186.3929248,9133659.42860234,552.6,2.1119014737479246e-09,553.6,BID
1468,1712615190.316362,9133659.42860234,552.6,0.0,553.6,BID
1469,1712615215.187915,9133670.28636564,552.3,-2.111836258034597e-09,553.6,ASK
1470,1712615220.4832842,9133670.28636564,552.3,-0.0,553.6,ASK
1471,1712615232.0837114,9135670.28636564,552.4,-3.889997850507116e-07,553.6,ASK
1472,1712615232.0888822,9139966.43057512,552.3,-8.355995870172727e-07,553.6,ASK
1473,1712615249.2735715,9139983.95434055,552.1,-3.408370492746224e-09,553.6,ASK
1474,1712615250.5035894,9139983.95434055,552.1,-0.0,553.6,ASK
1475,1712615251.0737062,9139994.8180016,552.3,2.111548713223467e-09,553.6,BID
1476,1712615255.438884,9147208.3203184,552.1,-1.4020744446697025e-06,553.6,ASK
1477,1712615280.346943,9147208.3203184,552.1,-0.0,553.6,ASK
1478,1712615285.5243187,9147221.46314247,552.0,-2.5525663244961834e-09,553.6,ASK
1479,1712615308.1341703,9147266.46314247,552.0,-8.739787126587586e-09,553.6,ASK
1480,1712615310.3165872,9147266.46314247,552.0,-0.0,553.6,ASK
1481,1712615316.7048948,9147277.32680352,552.0,-2.109899848180201e-09,553.6,ASK
1482,1712615340.3482144,9147277.32680352,552.0,-0.0,553.6,ASK
1483,1712615346.9458585,9147288.19439996,552.1,2.110661706626026e-09,553.6,BID
1484,1712615361.794677,9151249.70506751,552.1,7.693889732230314e-07,553.6,BID
1485,1712615370.3202202,9151249.70506751,552.1,0.0,553.6,BID
1486,1712615375.4647994,9151260.57266395,552.1,-2.1097630637066252e-09,553.6,ASK
1487,1712615379.9649184,9151333.02330695,552.1,-1.4065087104515692e-08,553.6,ASK
1488,1712615400.4504752,9151333.02330695,552.1,-0.0,553.6,ASK
1489,1712615401.2755568,9151342.12300874,552.1,-1.767682502048165e-09,553.6,ASK
1490,1712615430.3587031,9151342.12300874,552.1,-0.0,553.6,ASK
1491,1712615436.895452,9151352.98666979,552.3,2.1103422126442397e-09,553.6,BID
1492,1712615460.5056803,9151352.98666979,552.3,0.0,553.6,BID
1493,1712615477.7856667,9151363.85033084,552.1,-2.110339752954615e-09,553.6,ASK
1494,1712615481.8524687,9152236.584519,552.3,1.6953452822439014e-07,553.6,BID
1495,1712615483.8559198,9155395.59023968,552.1,-6.136582613345209e-07,553.6,ASK
1496,1712615483.860404,9157845.73604659,552.1,-4.759574210462985e-07,553.6,ASK
1497,1712615490.510235,9157845.73604659,552.1,-0.0,553.6,ASK
1498,1712615509.27879,9157856.60364303,552.1,2.1096351299991953e-09,553.6,BID
1499,1712615520.337974,9157856.60364303,552.1,0.0,553.6,BID
1500,1712615542.916283,9157867.47123947,552.0,-2.10963267284767e-09,553.6,ASK
1501,1712615550.3462892,9157867.47123947,552.0,-0.0,553.6,ASK
1502,1712615558.6524496,9159047.43854844,552.0,-2.2905659984785882e-07,553.6,ASK
1503,1712615558.655225,9159363.59854096,552.0,-6.137333834926858e-08,553.6,ASK
1504,1712615560.3795218,9160269.23157846,552.1,1.758025181737488e-07,553.6,BID
1505,1712615560.3895788,9161240.46513324,552.1,1.885369654099383e-07,553.6,BID
1506,1712615562.8665457,9161811.29517806,552.1,-1.1081017936960173e-07,553.6,ASK
1507,1712615562.8703034,9168486.84194484,552.0,-1.2958647522689327e-06,553.6,ASK
1508,1712615572.8814807,9168497.70954128,552.1,2.1096302161469233e-09,553.6,BID
1509,1712615580.509161,9168497.70954128,552.1,0.0,553.6,BID
1510,1712615610.5169823,9168497.70954128,552.1,0.0,553.6,BID
1511,1712615640.3330555,9168497.70954128,552.1,0.0,553.6,BID
1512,1712615646.2387135,9168508.57713772,552.0,-2.107229808456369e-09,553.6,ASK
1513,1712615670.3402824,9168508.57713772,552.0,-0.0,553.6,ASK
1514,1712615678.0972097,9168519.43490102,552.6,2.1053207110760288e-09,553.6,BID
1515,1712615697.590522,9168528.67068515,552.2,-1.790818889262423e-09,553.6,ASK
1516,1712615697.595049,9170627.27321494,552.0,-4.069191092421876e-07,553.6,ASK
1517,1712615700.520047,9170627.27321494,552.0,-0.0,553.6,ASK
1518,1712615709.017156,9170638.13097824,552.0,-2.105665335562464e-09,553.6,ASK
1519,1712615709.317578,9171638.13097824,552.5,1.939317774239061e-07,553.6,BID
1520,1712615709.3234806,9172717.56094566,552.6,2.0933577218642373e-07,553.6,BID
1521,1712615724.6260726,9172913.615541,552.5,3.8021216146419256e-08,553.6,BID
1522,1712615724.629536,9173786.34972916,552.5,1.692508923284645e-07,553.6,BID
1523,1712615730.4975,9173786.34972916,552.5,0.0,553.6,BID
1524,1712615741.5575583,9173797.20749246,552.6,2.104952795523311e-09,553.6,BID
1525,1712615744.1483583,9175435.23650424,552.5,-3.1755838217479134e-07,553.6,ASK
1526,1712615747.947945,9175490.97246365,552.6,1.0805316006078333e-08,553.6,BID
1527,1712615747.9529464,9176490.97246365,552.6,1.9386615248629378e-07,553.6,BID
1528,1712615760.317659,9176490.97246365,552.6,0.0,553.6,BID
1529,1712615766.8084705,9177033.86062869,552.6,-1.0521715672899497e-07,553.6,ASK
1530,1712615767.438059,9177044.71839199,552.6,-2.1043431343705195e-09,553.6,ASK
1531,1712615770.4676774,9177243.05499817,552.6,-3.843961817814492e-08,553.6,ASK
1532,1712615780.2974367,9190379.09403546,552.5,-2.5458957612070168e-06,553.6,ASK
1533,1712615790.3452425,9190379.09403546,552.5,-0.0,553.6,ASK
1534,1712615800.3282092,9190389.95376396,552.5,2.101598607009849e-09,553.6,BID
1535,1712615819.1880038,9190571.80500964,552.0,-3.5192254078647807e-08,553.6,ASK
1536,1712615820.5000763,9190571.80500964,552.0,-0.0,553.6,ASK
1537,1712615850.4902098,9190571.80500964,552.0,-0.0,553.6,ASK
1538,1712615866.9182434,9190582.66473814,552.0,-2.1015553413884606e-09,553.6,ASK
1539,1712615877.0782106,9190618.86383316,552.5,7.005184476221098e-09,553.6,BID
1540,1712615882.003505,9190618.86383316,552.5,0.0,553.6,BID
1541,1712615900.0783672,9190629.72356166,552.5,2.1015447700898286e-09,553.6,BID
1542,1712615910.3401651,9190629.72356166,552.5,0.0,553.6,BID
1543,1712615930.8910751,9190640.58329016,552.0,-2.101542329981704e-09,553.6,ASK
1544,1712615940.4964063,9190640.58329016,552.0,-0.0,553.6,ASK
1545,1712615956.478593,9190822.50069965,552.0,-3.5204074678425155e-08,553.6,ASK
1546,1712615962.3591552,9190833.36042815,552.5,2.101539892087482e-09,553.6,BID
1547,1712615970.501546,9190833.36042815,552.5,0.0,553.6,BID
1548,1712615995.1985984,9190844.22015665,552.0,-2.101496614031106e-09,553.6,ASK
1549,1712616000.4089963,9190844.22015665,552.0,-0.0,553.6,ASK
1550,1712616002.5669594,9191379.23346569,552.0,-1.035342740793312e-07,553.6,ASK
1551,1712616016.868591,9191406.40245681,552.1,-5.257666913322201e-09,553.6,ASK
1552,1712616019.8189826,9191914.25773341,552.0,-9.827872785881809e-08,553.6,ASK
1553,1712616030.3436117,9191914.25773341,552.0,-0.0,553.6,ASK
1554,1712616031.121887,9191924.25773341,552.4,1.93495076382154e-09,553.6,BID
1555,1712616031.126558,9191925.11927187,552.5,1.6670345021639008e-10,553.6,BID
1556,1712616060.4788835,9191925.11927187,552.5,0.0,553.6,BID
1557,1712616063.5387847,9191935.98081033,552.1,-2.101651773721895e-09,553.6,ASK
1558,1712616090.4810553,9191935.98081033,552.1,-0.0,553.6,ASK
1559,1712616120.3395317,9191935.98081033,552.1,-0.0,553.6,ASK
1560,1712616129.7294028,9191946.84053883,552.5,2.1012991179122404e-09,553.6,BID
1561,1712616138.4000945,9192127.83601394,552.5,3.5021651985627336e-08,553.6,BID
1562,1712616150.332297,9192127.83601394,552.5,0.0,553.6,BID
