,time,acc_trade_volume,trade_price,dev,high,ask_bid
0,1712601588.440312,35794.59551543,5250000.0,0.0,5250000.0,BID
1,1712601588.709871,35794.87363543,5250000.0,1.414366159744138e-12,5250000.0,BID
2,1712601589.480367,35794.87477828,5249000.0,-5.811909844465419e-15,5250000.0,ASK
3,1712601590.1207488,35795.17842556,5250000.0,1.544183939807709e-12,5250000.0,BID
4,1712601590.1225717,35795.5700177,5250000.0,1.991423382901277e-12,5250000.0,BID
5,1712601590.8999295,35795.58883122,5250000.0,9.567526975620453e-14,5250000.0,BID
6,1712601593.9903762,35795.67842556,5250000.0,4.556277959394309e-13,5250000.0,BID
7,1712601593.9919384,35795.68406931,5250000.0,2.870102480120698e-14,5250000.0,BID
8,1712601597.439878,35795.68575154,5250000.0,8.554901401374798e-15,5250000.0,BID
9,1712601598.5100746,35795.77153873,5250000.0,4.362667139311833e-13,5250000.0,BID
10,1712601599.829767,35795.77294907,5250000.0,7.172217652359978e-15,5250000.0,BID
11,1712601599.9102013,35795.77413002,5250000.0,6.005665595138829e-15,5250000.0,BID
12,1712601600.070627,35795.77413002,5250000.0,0.0,5250000.0,BID
13,1712601600.9812827,35795.79317764,5250000.0,9.682572385451513e-14,5250000.0,BID
14,1712601600.9829323,35797.058235,5250000.0,6.4307296447534206e-12,5250000.0,BID
15,1712601600.984496,35799.29014458,5250000.0,1.134557811717225e-11,5250000.0,BID
16,1712601601.6197436,35799.36728763,5250000.0,3.921451423302441e-13,5250000.0,BID
17,1712601603.21078,35800.62727033,5250000.0,6.404933370606746e-12,5250000.0,BID
18,1712601603.2130566,35801.39195598,5250000.0,3.887164988615753e-12,5250000.0,BID
19,1712601603.2146995,35803.55353279,5250000.0,1.0988052013330502e-11,5250000.0,BID
20,1712601604.1096764,35804.55353279,5250000.0,5.083350248063145e-12,5250000.0,BID
21,1712601606.7399251,35804.5725804,5250000.0,9.682567303542009e-14,5250000.0,BID
22,1712601610.900001,35804.57372325,5250000.0,5.8095068319060455e-15,5250000.0,BID
23,1712601611.641407,35804.80541033,5250000.0,1.1777465755842372e-12,5250000.0,BID
24,1712601611.6431324,35808.56777594,5250000.0,1.912542215688136e-11,5250000.0,BID
25,1712601611.6448216,35816.90476591,5250000.0,4.23798400321231e-11,5250000.0,BID
26,1712601612.1399994,35817.0952421,5250000.0,9.682571876520838e-13,5250000.0,BID
27,1712601613.6097932,35817.15238495,5250000.0,2.904771207444504e-13,5250000.0,BID
28,1712601615.609796,35817.36377904,5250000.0,1.0745901998492456e-12,5250000.0,BID
29,1712601615.619761,35818.19238495,5250000.0,4.212094058140863e-12,5250000.0,BID
30,1712601615.9603791,35819.26377904,5250000.0,5.446271413149523e-12,5250000.0,BID
31,1712601615.9621758,35819.91776194,5250000.0,3.324424136959455e-12,5250000.0,BID
32,1712601615.9639904,35819.92026194,5250000.0,1.2708375631993462e-14,5250000.0,BID
33,1712601620.7499714,35821.16276291,5250000.0,6.316067614040648e-12,5250000.0,BID
34,1712601620.7597833,35821.17677653,5250000.0,7.123613873454232e-14,5250000.0,BID
35,1712601622.1806498,35821.17791938,5249000.0,-5.8095068319060455e-15,5250000.0,ASK
36,1712601622.4201713,35822.17791938,5250000.0,5.083350248063145e-12,5250000.0,BID
37,1712601622.4314885,35822.61051593,5250000.0,2.199039779731653e-12,5250000.0,BID
38,1712601622.4333398,35822.62013501,5250000.0,4.889715272028573e-14,5250000.0,BID
39,1712601622.4351983,35831.37908105,5250000.0,4.452479052519391e-11,5250000.0,BID
40,1712601622.4370282,35841.40793794,5250000.0,5.0980192159569185e-11,5250000.0,BID
41,1712601623.5524669,35841.42698194,5251000.0,9.680732212704502e-14,5251000.0,BID
42,1712601623.554593,35841.64630854,5251000.0,1.1149139265326778e-12,5251000.0,BID
43,1712601623.556564,35844.76519979,5251000.0,1.5854416609370288e-11,5251000.0,BID
44,1712601624.8521252,35844.78264391,5250000.0,-8.867457172776439e-14,5251000.0,ASK
45,1712601628.3417492,35844.81044391,5250000.0,-1.413171368768634e-13,5251000.0,ASK
46,1712601630.0425644,35844.81044391,5250000.0,-0.0,5251000.0,ASK
47,1712601630.6324544,35847.33117069,5251000.0,1.2796989962645436e-11,5251000.0,BID
48,1712601630.634325,35847.39066917,5251000.0,3.020563186189411e-13,5251000.0,BID
49,1712601630.647779,35851.4921339,5251000.0,2.0821932546736645e-11,5251000.0,BID
50,1712601630.649639,35851.93331366,5252000.0,2.239740143712161e-12,5252000.0,BID
51,1712601630.651561,35851.95027548,5251000.0,8.611018137219911e-14,5252000.0,BID
52,1712601630.6534147,35854.67437017,5252000.0,1.3829429147930771e-11,5252000.0,BID
53,1712601630.6553574,35854.68690988,5251000.0,6.366042692732359e-14,5252000.0,BID
54,1712601630.6562314,35854.68881392,5252000.0,9.666252195480336e-15,5252000.0,BID
55,1712601630.657056,35854.72755859,5251000.0,1.966953169978833e-13,5252000.0,BID
56,1712601630.657883,35855.77688754,5251000.0,5.327135073590504e-12,5252000.0,BID
57,1712601630.6587255,35858.40681677,5252000.0,1.3351378747528231e-11,5252000.0,BID
58,1712601636.5900133,35858.40874021,5252000.0,9.764740275312695e-15,5252000.0,BID
59,1712601636.6007726,35858.41064425,5252000.0,9.666252195480336e-15,5252000.0,BID
60,1712601636.602239,35858.5802447,5253000.0,8.61011702493252e-13,5253000.0,BID
61,1712601636.6037762,35858.58085403,5252000.0,3.0933895364918275e-15,5253000.0,BID
62,1712601636.6052766,35858.79304407,5253000.0,1.0772265497468933e-12,5253000.0,BID
63,1712601637.5600476,35858.80254435,5253000.0,4.8230132982713976e-14,5253000.0,BID
64,1712601640.590423,35858.8108815,5253000.0,4.2325263380093457e-14,5253000.0,BID
65,1712601640.592513,35858.85729359,5253000.0,2.356205577627011e-13,5253000.0,BID
66,1712601640.5944743,35858.85827871,5253000.0,5.001165087196303e-15,5253000.0,BID
67,1712601641.149507,35859.35827871,5253000.0,2.538353236888108e-12,5253000.0,BID
68,1712601641.4494925,35859.37127871,5252000.0,-6.599718415406726e-14,5253000.0,ASK
69,1712601643.7995255,35859.42268126,5253000.0,2.6095565836128304e-13,5253000.0,BID
70,1712601644.1395988,35859.48976501,5252000.0,-3.4056450791102445e-13,5253000.0,ASK
71,1712601644.6796763,35859.52111535,5252000.0,1.591564740112411e-13,5253000.0,BID
72,1712601644.929412,35859.54015209,5253000.0,9.664394119321524e-14,5253000.0,BID
73,1712601646.0097055,35859.59113136,5252000.0,-2.5880679005339724e-13,5253000.0,ASK
74,1712601646.489857,35860.17191908,5253000.0,2.948488778006748e-12,5253000.0,BID
75,1712601646.4921815,35861.65113136,5253000.0,7.509526557960435e-12,5253000.0,BID
76,1712601651.4496255,35861.6549387,5253000.0,1.932874762172697e-14,5253000.0,BID
77,1712601653.5799687,35861.7261656,5253000.0,3.6159806433498713e-13,5253000.0,BID
78,1712601654.6494422,35861.97037561,5253000.0,1.239782538735835e-12,5253000.0,BID
79,1712601655.3900526,35862.92221265,5253000.0,4.832197262966969e-12,5253000.0,BID
80,1712601655.5300066,35863.06313351,5253000.0,7.154138422235135e-13,5253000.0,BID
81,1712601655.532372,35863.37571424,5253000.0,1.5868806155792672e-12,5253000.0,BID
82,1712601658.2396464,35864.39935901,5253000.0,5.196744030710371e-12,5253000.0,BID
83,1712601660.072431,35864.39935901,5253000.0,0.0,5253000.0,BID
84,1712601661.0705154,35864.68539756,5253000.0,1.4513757245586325e-12,5253000.0,BID
85,1712601661.0725925,35865.17834033,5253000.0,2.501219398448859e-12,5253000.0,BID
86,1712601662.0202718,35865.17929236,5253000.0,4.8306538834374636e-15,5253000.0,BID
87,1712601662.0220563,35865.25312051,5253000.0,3.746081942469057e-13,5253000.0,BID
88,1712601662.0238757,35866.4027138,5253000.0,5.833101147402036e-12,5253000.0,BID
89,1712601666.110932,35866.4037138,5254000.0,5.074056345066985e-15,5254000.0,BID
90,1712601666.112054,35866.460765,5254000.0,2.8948100437287573e-13,5254000.0,BID
91,1712601666.8303075,35866.46181167,5254000.0,5.310862557035223e-15,5254000.0,BID
92,1712601666.831869,35867.38537545,5254000.0,4.686214674082433e-12,5254000.0,BID
93,1712601666.8410368,35867.500765,5254000.0,5.854930803203184e-13,5254000.0,BID
94,1712601667.9808898,35868.0774117,5254000.0,2.925937857042306e-12,5254000.0,BID
95,1712601667.9827943,35868.28504849,5254000.0,1.0535607753912635e-12,5254000.0,BID
96,1712601667.98462,35868.95214113,5254000.0,3.3848656543833995e-12,5254000.0,BID
97,1712601669.5998676,35868.96410365,5254000.0,6.069850072896807e-14,5254000.0,BID
98,1712601669.601693,35868.96981467,5254000.0,2.897803736519355e-14,5254000.0,BID
99,1712601669.6794207,35870.00981467,5254000.0,5.277018616959787e-12,5254000.0,BID
100,1712601669.7997162,35870.04206643,5253000.0,-1.6364724806539041e-13,5254000.0,ASK
101,1712601670.269944,35870.10040859,5254000.0,2.9603140812386505e-13,5254000.0,BID
102,1712601671.7496564,35870.13847482,5254000.0,1.931501965340867e-13,5254000.0,BID
103,1712601671.84983,35870.38263835,5254000.0,1.2388995128766816e-12,5254000.0,BID
104,1712601671.9111454,35870.62680188,5254000.0,1.2388995128766816e-12,5254000.0,BID
105,1712601672.3295977,35870.62794386,5254000.0,5.794470918584564e-15,5254000.0,BID
106,1712601672.4694698,35870.97494386,5254000.0,1.7606975577559784e-12,5254000.0,BID
107,1712601672.5695467,35871.64995386,5254000.0,3.4250387852411376e-12,5254000.0,BID
108,1712601673.1202648,35872.43026945,5254000.0,3.959365284210614e-12,5254000.0,BID
109,1712601674.220086,35872.79146945,5254000.0,1.832749158129128e-12,5254000.0,BID
110,1712601674.4596868,35872.89553294,5254000.0,5.280240135286763e-13,5254000.0,BID
111,1712601674.5200045,35872.94243441,5254000.0,2.379807022601216e-13,5254000.0,BID
112,1712601676.8895469,35872.96049846,5254000.0,9.165800785460289e-14,5254000.0,BID
113,1712601678.2417226,35873.20888084,5254000.0,1.2603061955669238e-12,5254000.0,BID
114,1712601679.8009684,35873.22791396,5254000.0,9.657512363013461e-14,5254000.0,BID
115,1712601679.8035002,35873.2631072,5254000.0,1.785724833428287e-13,5254000.0,BID
116,1712601679.805915,35873.45084021,5254000.0,9.525678738201317e-13,5254000.0,BID
117,1712601679.8081772,35874.24888084,5255000.0,4.049303136203611e-12,5255000.0,BID
118,1712601680.4821308,35875.97766493,5255000.0,8.771947911216662e-12,5255000.0,BID
119,1712601680.4844573,35876.03330998,5255000.0,2.8234611999751573e-13,5255000.0,BID
120,1712601680.619831,35876.22364116,5254000.0,-9.657511348858997e-13,5255000.0,ASK
121,1712601682.0295198,35876.5471136,5254000.0,-1.641317392249579e-12,5255000.0,ASK
122,1712601682.1117804,35876.6552136,5254000.0,-5.48505492810434e-13,5255000.0,ASK
123,1712601682.1142447,35877.9651811,5254000.0,-6.646848928021226e-12,5255000.0,ASK
124,1712601682.9291985,35878.00324734,5254000.0,-1.9315024726026922e-13,5255000.0,ASK
125,1712601684.6396506,35878.03676024,5255000.0,1.700463434775259e-13,5255000.0,BID
126,1712601688.1096177,35878.03790222,5254000.0,-5.794470881665944e-15,5255000.0,ASK
127,1712601688.8693204,35878.07571554,5255000.0,1.918669169292076e-13,5255000.0,BID
128,1712601690.0630364,35878.07571554,5255000.0,0.0,5255000.0,BID
129,1712601691.550383,35880.18470169,5255000.0,1.0697214362944008e-11,5255000.0,BID
130,1712601691.5532012,35881.19516829,5255000.0,5.125295785768421e-12,5255000.0,BID
131,1712601691.555796,35881.94578507,5255000.0,3.807283703605619e-12,5255000.0,BID
132,1712601691.7907565,35882.28489071,5255000.0,1.720014008986494e-12,5255000.0,BID
133,1712601691.7933886,35882.29255104,5255000.0,3.885477965024547e-14,5255000.0,BID
134,1712601691.7959726,35891.45577802,5255000.0,4.6477784247803735e-11,5255000.0,BID
135,1712601692.4898338,35891.62481596,5255000.0,8.57395426554299e-13,5255000.0,BID
136,1712601692.492551,35891.87164278,5255000.0,1.2519567300585226e-12,5255000.0,BID
137,1712601693.4097662,35892.02023927,5255000.0,7.53712160269146e-13,5255000.0,BID
138,1712601693.5698612,35892.05014135,5255000.0,1.5166954020565758e-13,5255000.0,BID
139,1712601693.5726075,35892.74794757,5255000.0,3.5394176102721774e-12,5255000.0,BID
140,1712601693.5794454,35893.93900876,5255000.0,6.0413089335626995e-12,5255000.0,BID
141,1712601694.50018,35893.94043571,5256000.0,7.237785825149465e-15,5256000.0,BID
142,1712601694.5028155,35893.95490124,5256000.0,7.337216288182485e-14,5256000.0,BID
143,1712601694.5054183,35893.96875723,5256000.0,7.028044980149475e-14,5256000.0,BID
144,1712601695.0600083,35894.00136891,5256000.0,1.6541319234501338e-13,5256000.0,BID
145,1712601698.43005,35894.00234891,5256000.0,4.970762868381474e-15,5256000.0,BID
146,1712601698.4327264,35894.1763318,5256000.0,8.82477236677262e-13,5256000.0,BID
147,1712601698.435376,35894.3506874,5256000.0,8.843676989442061e-13,5256000.0,BID
148,1712601698.5114362,35894.37301513,5256000.0,1.1325086890720941e-13,5256000.0,BID
149,1712601698.5136049,35894.39581149,5256000.0,1.15627857330288e-13,5256000.0,BID
150,1712601698.5158143,35897.6745088,5256000.0,1.663023152441361e-11,5256000.0,BID
151,1712601703.7695258,35897.86681651,5256000.0,-9.754245173761365e-13,5256000.0,ASK
152,1712601705.7197104,35898.86681651,5256000.0,-5.072207023712262e-12,5256000.0,ASK
153,1712601708.7899168,35898.87644564,5257000.0,4.884094081654674e-14,5257000.0,BID
154,1712601708.7930825,35900.92681651,5257000.0,1.0399905528018904e-11,5257000.0,BID
155,1712601709.244479,35900.98388328,5256000.0,-2.8945447162094493e-13,5257000.0,ASK
156,1712601709.2601788,35901.11714439,5256000.0,-6.759279381327527e-13,5257000.0,ASK
157,1712601711.0393755,35901.13714439,5257000.0,1.0144414045800697e-13,5257000.0,BID
158,1712601711.080012,35901.13828572,5257000.0,5.789062051002025e-15,5257000.0,BID
159,1712601717.451717,35902.23350889,5257000.0,5.555198655403222e-12,5257000.0,BID
160,1712601717.454126,35903.87426356,5257000.0,8.322247361359125e-12,5257000.0,BID
161,1712601717.4568176,35904.63099158,5257000.0,3.838281178093517e-12,5257000.0,BID
162,1712601718.129719,35904.63199158,5258000.0,5.072207006293025e-15,5258000.0,BID
163,1712601718.1330206,35904.73362109,5258000.0,5.154859144652966e-13,5258000.0,BID
164,1712601720.0493343,35904.73362109,5258000.0,0.0,5258000.0,BID
165,1712601721.3795674,35904.75291865,5257000.0,-9.7811710868492e-14,5258000.0,ASK
166,1712601721.5194025,35904.75483582,5257000.0,-9.717377607252136e-15,5258000.0,ASK
167,1712601723.9494638,35904.75597715,5257000.0,-5.784951057562456e-15,5258000.0,ASK
168,1712601724.4991171,35904.79044398,5258000.0,1.746987499958712e-13,5258000.0,BID
169,1712601725.5994265,35904.81229582,5258000.0,1.1075834747854573e-13,5258000.0,BID
170,1712601725.7395625,35904.81419768,5258000.0,9.639777314109695e-15,5258000.0,BID
171,1712601729.7400277,35904.81612557,5258000.0,9.77171306927586e-15,5258000.0,BID
172,1712601729.7425358,35905.03504667,5258000.0,1.1096246020349844e-12,5258000.0,BID
173,1712601729.9994557,35905.05117255,5257000.0,-8.173571747036183e-14,5258000.0,ASK
174,1712601740.0491958,35905.07019118,5258000.0,9.639792486112116e-14,5258000.0,BID
175,1712601740.9595494,35905.13454783,5258000.0,3.261984438552333e-13,5258000.0,BID
176,1712601740.9626274,35905.20882612,5258000.0,3.764873188620121e-13,5258000.0,BID
177,1712601740.999043,35905.20996723,5258000.0,5.783835985454649e-15,5258000.0,BID
178,1712601742.1792665,35905.21186909,5258000.0,9.63977727723074e-15,5258000.0,BID
179,1712601744.7723355,35905.31186909,5258000.0,5.068605091302157e-13,5258000.0,BID
180,1712601744.7753825,35905.33891198,5258000.0,1.37069729922613e-13,5258000.0,BID
181,1712601744.776732,35908.7179953,5258000.0,1.7127238919954193e-11,5258000.0,BID
182,1712601745.4293034,35908.7191362,5259000.0,5.782771548153166e-15,5259000.0,BID
183,1712601746.182113,35908.8039682,5259000.0,4.29979907113936e-13,5259000.0,BID
184,1712601746.185631,35909.4550803,5259000.0,3.300230105118079e-12,5259000.0,BID
185,1712601746.188613,35909.66475558,5259000.0,1.0627611917381914e-12,5259000.0,BID
186,1712601746.1913152,35909.70769438,5260000.0,2.1763982028490374e-13,5260000.0,BID
187,1712601746.192642,35911.39916076,5259000.0,8.573375105549148e-12,5260000.0,BID
188,1712601746.1939485,35911.67689463,5260000.0,1.4077233075469252e-12,5260000.0,BID
189,1712601746.195524,35912.29018681,5259000.0,3.108535866057832e-12,5260000.0,BID
190,1712601746.1968644,35912.74867111,5260000.0,2.323875857283292e-12,5260000.0,BID
191,1712601746.198202,35912.95065963,5259000.0,1.023800040865654e-12,5260000.0,BID
192,1712601746.1995957,35912.99372254,5260000.0,2.1826888488066562e-13,5260000.0,BID
193,1712601746.200946,35912.99562405,5259000.0,9.638003288819512e-15,5260000.0,BID
194,1712601746.2023137,35923.8614843,5260000.0,5.5074754585329016e-11,5260000.0,BID
195,1712601746.2036877,35924.8635826,5260000.0,5.079240545436557e-12,5260000.0,BID
196,1712601746.2059786,35924.9205826,5260000.0,2.8891049021196774e-13,5260000.0,BID
197,1712601747.1992962,35924.92368336,5260000.0,1.5716527909569276e-14,5260000.0,BID
198,1712601747.490054,35924.95521393,5260000.0,1.5981600762950733e-13,5260000.0,BID
199,1712601747.4935954,35924.9686208,5260000.0,6.795412953643074e-14,5260000.0,BID
200,1712601747.496778,35925.52996253,5260000.0,2.8452195507032938e-12,5260000.0,BID
201,1712601747.9292498,35925.60412446,5258000.0,-3.758975359597869e-13,5260000.0,ASK
202,1712601748.0713432,35925.78461646,5258000.0,-9.148426701501057e-13,5260000.0,ASK
203,1712601748.074546,35925.79412446,5259000.0,-4.8192297223119504e-14,5260000.0,ASK
204,1712601750.0489712,35925.79412446,5259000.0,-0.0,5260000.0,ASK
205,1712601750.1339352,35925.79526514,5260000.0,5.7784122625050084e-15,5260000.0,BID
206,1712601750.6220305,35925.83635294,5260000.0,2.0814097560917212e-13,5260000.0,BID
207,1712601750.6252756,35926.17549327,5260000.0,1.7180038636145988e-12,5260000.0,BID
208,1712601752.5992408,35926.21347769,5260000.0,1.9241999415739362e-13,5260000.0,BID
209,1712601754.9491494,35926.35925366,5260000.0,7.384662263021585e-13,5260000.0,BID
210,1712601755.689395,35926.45925366,5260000.0,5.06576101912578e-13,5260000.0,BID
211,1712601755.6926918,35926.96401399,5260000.0,2.556995203552172e-12,5260000.0,BID
212,1712601755.6990542,35927.05637732,5260000.0,4.678905566690787e-13,5260000.0,BID
213,1712601756.579167,35927.22852499,5260000.0,8.72058956189091e-13,5260000.0,BID
214,1712601756.8191156,35927.24753639,5260000.0,9.630720903201688e-14,5260000.0,BID
215,1712601757.2992845,35927.24848716,5260000.0,4.8163736115192506e-15,5260000.0,BID
216,1712601757.302569,35929.94946185,5260000.0,1.3682492297452399e-11,5260000.0,BID
217,1712601759.239431,35929.95060296,5258000.0,-5.780590548957931e-15,5260000.0,ASK
218,1712601763.699084,35930.29179706,5260000.0,1.7284077716416974e-12,5260000.0,BID
219,1712601767.3718305,35932.19293774,5260000.0,9.630724348048611e-12,5260000.0,BID
220,1712601768.539879,35932.20933656,5260000.0,8.30725031117203e-14,5260000.0,BID
221,1712601768.5425704,35933.16324479,5260000.0,4.832271127056537e-12,5260000.0,BID
222,1712601768.545158,35933.48541279,5260000.0,1.6320260959454099e-12,5260000.0,BID
223,1712601769.439458,35933.67552686,5260000.0,9.630724449335117e-13,5260000.0,BID
224,1712601771.729386,35933.70846286,5260000.0,1.668459048958032e-13,5260000.0,BID
225,1712601772.9500475,35935.41522833,5260000.0,8.646065986214606e-12,5260000.0,BID
226,1712601772.9535372,35935.58713286,5260000.0,8.708272670235383e-13,5260000.0,BID
227,1712601772.9570067,35936.82136009,5260000.0,6.2523001901193535e-12,5260000.0,BID
228,1712601773.989071,35936.82593316,5260000.0,-2.3166079744073232e-14,5260000.0,ASK
229,1712601776.3597808,35936.84494096,5261000.0,9.62889723009186e-14,5261000.0,BID
230,1712601776.3626142,35936.94251574,5261000.0,4.94290516928024e-13,5261000.0,BID
231,1712601777.655481,35936.96248309,5260000.0,-1.0114982329375989e-13,5261000.0,ASK
232,1712601777.7695837,35937.91287274,5261000.0,4.814446841684348e-12,5261000.0,BID
233,1712601780.071532,35937.91287274,5261000.0,0.0,5261000.0,BID
234,1712601783.4892254,35937.93188053,5261000.0,9.625783800278537e-14,5261000.0,BID
235,1712601784.8292673,35938.44169268,5261000.0,2.581752815773971e-12,5261000.0,BID
236,1712601784.8327842,35939.02132246,5261000.0,2.9353180708604927e-12,5261000.0,BID
237,1712601787.2592268,35939.13078123,5261000.0,5.54312971272695e-13,5261000.0,BID
238,1712601787.2626903,35939.21140039,5261000.0,4.082655608201033e-13,5261000.0,BID
239,1712601787.4397292,35939.23030071,5261000.0,9.57135964249408e-14,5261000.0,BID
240,1712601787.4435885,35939.24159649,5261000.0,5.720324991138625e-14,5261000.0,BID
241,1712601787.4472015,35939.43476922,5261000.0,9.782509883675725e-13,5261000.0,BID
242,1712601787.8591652,35939.62484715,5261000.0,9.62578532092798e-13,5261000.0,BID
243,1712601790.1691694,35939.63291009,5260000.0,-4.083174172874263e-14,5261000.0,ASK
244,1712601790.3694086,35939.64005332,5261000.0,3.6174214705617896e-14,5261000.0,BID
245,1712601790.3729627,35939.89410748,5261000.0,1.286562203253411e-12,5261000.0,BID
246,1712601793.6590252,35939.92338062,5261000.0,1.48242860853017e-13,5261000.0,BID
247,1712601794.679495,35939.98674656,5261000.0,3.2089308584141666e-13,5261000.0,BID
248,1712601796.2298172,35939.98770313,5261000.0,4.844190740068947e-15,5261000.0,BID
249,1712601796.2339334,35940.20803499,5261000.0,1.1157882368307174e-12,5261000.0,BID
250,1712601796.2375057,35940.88409839,5261000.0,3.423670045142459e-12,5261000.0,BID
251,1712601799.17996,35940.88504859,5262000.0,4.811932227376918e-15,5262000.0,BID
252,1712601800.2194138,35940.88509839,5262000.0,2.521934646432006e-16,5262000.0,BID
253,1712601800.223595,35940.98605922,5262000.0,5.112783348515268e-13,5262000.0,BID
254,1712601800.228897,35941.39402525,5262000.0,2.065991261114399e-12,5262000.0,BID
255,1712601801.649033,35941.47811012,5262000.0,4.258163519163498e-13,5262000.0,BID
256,1712601801.651686,35944.01673726,5262000.0,1.2855926966276072e-11,5262000.0,BID
257,1712601803.8990111,35944.4165402,5262000.0,2.0246523471660215e-12,5262000.0,BID
258,1712601805.7789576,35944.43364396,5262000.0,8.661559074963923e-14,5262000.0,BID
259,1712601807.6890223,35944.43478421,5262000.0,5.774369351341367e-15,5262000.0,BID
260,1712601809.7420175,35944.47846875,5262000.0,2.212240020991855e-13,5262000.0,BID
261,1712601810.068919,35944.47846875,5262000.0,0.0,5262000.0,BID
262,1712601810.3601005,35944.7393556,5262000.0,1.3209327188326377e-12,5262000.0,BID
263,1712601810.559862,35944.98314792,5262000.0,1.2343790117500948e-12,5262000.0,BID
264,1712601810.6204898,35945.22694024,5262000.0,1.2343790117500948e-12,5262000.0,BID
265,1712601811.7791324,35948.72694024,5262000.0,1.772133979103781e-11,5262000.0,BID
266,1712601811.8789625,35948.97073256,5262000.0,1.2343790117869346e-12,5262000.0,BID
267,1712601811.9592965,35952.14635725,5262000.0,1.6078949765783376e-11,5262000.0,BID
268,1712601811.9620986,35952.23958142,5262000.0,4.720163409414625e-13,5262000.0,BID
269,1712601811.969037,35952.57621873,5262000.0,1.704475473384903e-12,5262000.0,BID
270,1712601813.3491998,35952.67485948,5263000.0,4.99441785152107e-13,5263000.0,BID
271,1712601813.353049,35953.22301874,5263000.0,2.775461858861165e-12,5263000.0,BID
272,1712601813.4688802,35953.65421874,5263000.0,2.1832690622512017e-12,5263000.0,BID
273,1712601814.628857,35953.663701,5263000.0,4.8010957558139916e-14,5263000.0,BID
274,1712601815.2797291,35953.7094579,5263000.0,2.3167816361962413e-13,5263000.0,BID
275,1712601815.2837052,35953.76692695,5263000.0,2.9097958928979085e-13,5263000.0,BID
276,1712601815.2874672,35953.78585061,5263000.0,9.581503115585509e-14,5263000.0,BID
277,1712601815.5594237,35953.78685061,5263000.0,5.0632399229080756e-15,5263000.0,BID
278,1712601815.562848,35954.06780444,5263000.0,1.4225366534297449e-12,5263000.0,BID
279,1712601817.9190216,35954.12989926,5263000.0,3.144009727157042e-13,5263000.0,BID
280,1712601818.328899,35954.50972074,5263000.0,1.923127287741148e-12,5263000.0,BID
281,1712601818.6688464,35954.60472359,5263000.0,4.810222245304126e-13,5263000.0,BID
282,1712601818.9090128,35954.79463433,5263000.0,9.61563643870574e-13,5263000.0,BID
283,1712601819.5491288,35955.02680544,5263000.0,1.1755380371411437e-12,5263000.0,BID
284,1712601819.808856,35955.18093915,5263000.0,7.804159566123064e-13,5263000.0,BID
285,1712601820.52908,35955.57944803,5263000.0,2.017746077797295e-12,5263000.0,BID
286,1712601821.340259,35955.58134809,5263000.0,9.620459683390931e-15,5263000.0,BID
287,1712601821.3443196,35956.98901009,5263000.0,7.127330460826534e-12,5263000.0,BID
288,1712601821.3477724,35957.57944803,5263000.0,2.9895289600831106e-12,5263000.0,BID
289,1712601821.4241023,35958.61047841,5263000.0,5.220354199673678e-12,5263000.0,BID
290,1712601821.4279654,35958.61161845,5263000.0,5.772296042518181e-15,5263000.0,BID
291,1712601821.43175,35958.62380674,5263000.0,6.17122367240608e-14,5263000.0,BID
292,1712601821.4350271,35959.04230236,5264000.0,2.1189437380446762e-12,5264000.0,BID
293,1712601821.4367416,35959.0617216,5263000.0,9.832427158477597e-14,5264000.0,BID
294,1712601821.43848,35959.57944803,5264000.0,2.6213731385233258e-12,5264000.0,BID
295,1712601821.6018455,35960.44930234,5264000.0,4.404281084612329e-12,5264000.0,BID
296,1712601821.6059074,35960.48760234,5265000.0,1.9392208971418185e-13,5265000.0,BID
297,1712601821.609866,35960.89178247,5265000.0,2.0464609772763533e-12,5265000.0,BID
298,1712601821.6122303,35960.90603019,5264000.0,7.213962499303026e-14,5265000.0,BID
299,1712601821.6139984,35961.57944803,5265000.0,3.4096761039971405e-12,5265000.0,BID
300,1712601823.9506214,35961.67020721,5265000.0,4.595355051180449e-13,5265000.0,BID
301,1712601823.9547293,35961.68941582,5264000.0,9.725780134767101e-14,5265000.0,BID
302,1712601823.9587936,35961.75337208,5265000.0,3.238258900498739e-13,5265000.0,BID
303,1712601823.962545,35961.93316879,5265000.0,9.103538832019066e-13,5265000.0,BID
304,1712601825.2088175,35961.93507864,5263000.0,-9.670028826186936e-15,5265000.0,ASK
305,1712601825.7088416,35962.14374638,5265000.0,1.0565348354206104e-12,5265000.0,BID
306,1712601827.398969,35962.17063838,5263000.0,-1.3616064844612316e-13,5265000.0,ASK
307,1712601828.738968,35962.17443921,5265000.0,1.9244514279776847e-14,5265000.0,BID
308,1712601829.4091227,35962.17557946,5263000.0,-5.773359353105935e-15,5265000.0,ASK
309,1712601829.5287094,35962.17747879,5265000.0,9.616763497458072e-15,5265000.0,BID
310,1712601829.988958,35962.55734583,5265000.0,1.9233579689262963e-12,5265000.0,BID
311,1712601833.9794767,35963.78711538,5265000.0,6.2266183029303336e-12,5265000.0,BID
312,1712601833.983903,35963.79811538,5265000.0,5.5695639336188437e-14,5265000.0,BID
313,1712601836.010637,35963.81255157,5266000.0,7.309389380391562e-14,5266000.0,BID
314,1712601836.0150251,35963.85915002,5266000.0,2.359391331805363e-13,5266000.0,BID
315,1712601836.0183084,35963.98801283,5266000.0,6.524633264159557e-13,5266000.0,BID
316,1712601837.0889297,35964.00798018,5265000.0,-1.0109948403627897e-13,5266000.0,ASK
317,1712601838.1991718,35964.01812012,5265000.0,-5.1340949205041047e-14,5266000.0,ASK
318,1712601840.0486646,35964.01812012,5265000.0,-0.0,5266000.0,ASK
319,1712601841.0289636,35964.09431058,5265000.0,-3.855698162090008e-13,5266000.0,ASK
320,1712601841.4492106,35964.17251058,5265000.0,-3.957393041854429e-13,5266000.0,ASK
321,1712601842.129001,35964.17347832,5266000.0,4.89734980475043e-15,5266000.0,BID
322,1712601848.0488968,35964.19635287,5265000.0,-1.1575906010963472e-13,5266000.0,ASK
323,1712601848.2688885,35964.2448376,5266000.0,2.4536206286395453e-13,5266000.0,BID
324,1712601848.2731948,35964.24635287,5266000.0,7.66818280565626e-15,5266000.0,BID
325,1712601849.5198486,35964.24825184,5266000.0,9.609936894345357e-15,5266000.0,BID
326,1712601849.524199,35964.36925184,5266000.0,6.123331944806915e-13,5266000.0,BID
327,1712601849.5284808,35967.04243971,5266000.0,1.3527947668560752e-11,5266000.0,BID
328,1712601850.2188847,35967.04647118,5266000.0,-2.040167689807237e-14,5266000.0,ASK
329,1712601850.3457024,35967.13731851,5266000.0,-4.597424445425491e-13,5266000.0,ASK
330,1712601851.038875,35968.13731851,5266000.0,-5.060604913097648e-12,5266000.0,ASK
331,1712601854.9288902,35968.14606598,5267000.0,4.426748964710754e-14,5267000.0,BID
332,1712601855.18903,35968.14724312,5267000.0,5.957040478817089e-15,5267000.0,BID
333,1712601860.68865,35968.17969015,5266000.0,-1.6420159941595209e-13,5267000.0,ASK
334,1712601864.209119,35968.67969015,5267000.0,2.530302456548824e-12,5267000.0,BID
335,1712601868.3997004,35968.86976554,5267000.0,9.618964525156977e-13,5267000.0,BID
336,1712601868.4041314,35969.06152592,5267000.0,9.704235211436358e-13,5267000.0,BID
337,1712601868.408395,35970.57830416,5267000.0,7.675815413434574e-12,5267000.0,BID
338,1712601869.4609194,35971.33111012,5267000.0,3.809653539789452e-12,5267000.0,BID
339,1712601869.465135,35971.33270012,5267000.0,8.046361811071172e-15,5267000.0,BID
340,1712601869.4695475,35972.74403477,5267000.0,7.142207063823367e-12,5267000.0,BID
341,1712601870.055812,35972.74403477,5267000.0,0.0,5267000.0,BID
342,1712601870.6493022,35972.74593339,5267000.0,-9.605931709622278e-15,5267000.0,ASK
343,1712601872.1488383,35972.74786128,5268000.0,9.754021206303284e-15,5268000.0,BID
344,1712601872.158574,35972.74972989,5268000.0,9.454098303209623e-15,5268000.0,BID
345,1712601873.3995924,35972.75068424,5268000.0,4.828465416630343e-15,5268000.0,BID
346,1712601873.4039493,35972.75071389,5268000.0,1.500120130840168e-16,5268000.0,BID
347,1712601876.91206,35972.7775201,5268000.0,1.3562409723227684e-13,5268000.0,BID
348,1712601876.9164755,35973.77130863,5268000.0,5.028001803296884e-12,5268000.0,BID
349,1712601876.9207785,35974.63844794,5268000.0,4.3872291566752655e-12,5268000.0,BID
350,1712601878.1486056,35974.69540636,5268000.0,2.881770415123086e-13,5268000.0,BID
351,1712601879.85876,35975.60918046,5268000.0,4.623174532515247e-12,5268000.0,BID
352,1712601880.7593598,35975.68520818,5267000.0,-3.8465679742953334e-13,5268000.0,ASK
353,1712601880.7637534,35975.72318046,5267000.0,-1.9211802767487242e-13,5268000.0,ASK
354,1712601881.0991664,35975.75019846,5267000.0,-1.3669563355151112e-13,5268000.0,ASK
355,1712601881.118746,35975.76070941,5267000.0,-5.3179397788346254e-14,5268000.0,ASK
356,1712601881.6886148,35975.84435407,5268000.0,4.2319415914172564e-13,5268000.0,BID
357,1712601881.9491944,35975.8454928,5269000.0,5.761322759110848e-15,5269000.0,BID
358,1712601884.6396286,35975.90129087,5269000.0,2.823063339199686e-13,5269000.0,BID
359,1712601884.6440673,35975.93227087,5269000.0,1.5674108841363774e-13,5269000.0,BID
360,1712601884.6485984,35976.03531816,5269000.0,5.213603742776824e-13,5269000.0,BID
361,1712601886.0388002,35976.0398731,5269000.0,2.3045392306766508e-14,5269000.0,BID
362,1712601886.839293,35976.22969846,5269000.0,9.60407796611289e-13,5269000.0,BID
363,1712601886.898561,35976.23083719,5268000.0,-5.761322759110848e-15,5269000.0,ASK
364,1712601887.4485729,35976.23539213,5269000.0,2.3045392306766508e-14,5269000.0,BID
365,1712601887.748701,35976.35639213,5268000.0,-6.12190823125508e-13,5269000.0,ASK
366,1712601888.8489316,35976.36094707,5269000.0,2.3045392306766508e-14,5269000.0,BID
367,1712601889.0094335,35976.42186966,5269000.0,3.0823347535116253e-13,5269000.0,BID
368,1712601889.0128355,35976.43976755,5269000.0,9.055309100475396e-14,5269000.0,BID
369,1712601889.0157063,35977.3863613,5269000.0,4.789223198192213e-12,5269000.0,BID
370,1712601889.349594,35977.51972714,5269000.0,6.747549038771776e-13,5269000.0,BID
371,1712601889.354111,35978.47969958,5269000.0,4.856911720850041e-12,5269000.0,BID
372,1712601889.358531,35978.65029833,5269000.0,8.631321420580831e-13,5269000.0,BID
373,1712601889.468552,35978.66547859,5270000.0,7.680343690467998e-14,5270000.0,BID
374,1712601889.488796,35978.68369119,5270000.0,9.21453436802664e-14,5270000.0,BID
375,1712601889.4928522,35978.72208236,5270000.0,1.9423737158331325e-13,5270000.0,BID
376,1712601890.0785031,35978.95065377,5269000.0,-1.156440658113336e-12,5270000.0,ASK
377,1712601890.219043,35978.95520784,5270000.0,2.3040990600086936e-14,5270000.0,BID
378,1712601891.1586812,35978.97456517,5269000.0,-9.7937023019396e-14,5270000.0,ASK
379,1712601891.1987286,35979.05075563,5269000.0,-3.85480168778898e-13,5270000.0,ASK
380,1712601891.519182,35979.1269461,5269000.0,-3.854802193588413e-13,5270000.0,ASK
381,1712601891.5984144,35979.7137461,5269000.0,-2.9688725207873976e-12,5270000.0,ASK
382,1712601891.6186898,35979.71830017,5270000.0,2.3040990600086936e-14,5270000.0,BID
383,1712601892.0787442,35979.79449064,5269000.0,-3.854802193588413e-13,5270000.0,ASK
384,1712601892.91199,35979.80018324,5270000.0,2.880130146583472e-14,5270000.0,BID
385,1712601892.916858,35979.83416324,5270000.0,1.7191937330611857e-13,5270000.0,BID
386,1712601892.921522,35980.1760564,5270000.0,1.7297839259869092e-12,5270000.0,BID
387,1712601892.9487848,35980.20824583,5269000.0,-1.6286011278930138e-13,5270000.0,ASK
388,1712601893.208784,35980.21015897,5269000.0,-9.679394659772424e-15,5270000.0,ASK
389,1712601894.7086136,35980.33715897,5269000.0,-6.425473928368448e-13,5270000.0,ASK
390,1712601895.6587863,35980.3561343,5270000.0,9.600432142082164e-14,5270000.0,BID
391,1712601900.076344,35980.3561343,5270000.0,0.0,5270000.0,BID
392,1712601900.1493492,35980.5461343,5269000.0,-9.612170016416289e-13,5270000.0,ASK
393,1712601900.1608198,35980.5746065,5269000.0,-1.440419090183545e-13,5270000.0,ASK
394,1712601900.269143,35980.6956065,5269000.0,-6.121434589285714e-13,5270000.0,ASK
395,1712601900.8489532,35980.70903738,5270000.0,6.794731687889752e-14,5270000.0,BID
396,1712601900.8537483,35980.75235099,5270000.0,2.1912514910793322e-13,5270000.0,BID
397,1712601901.528676,35980.76892011,5270000.0,8.3823788672525e-14,5270000.0,BID
398,1712601901.5391407,35981.10206048,5270000.0,1.685369408277555e-12,5270000.0,BID
399,1712601901.5428376,35981.21509351,5270000.0,5.718382641155392e-13,5270000.0,BID
400,1712601901.5493042,35981.23837791,5270000.0,1.177966376378285e-13,5270000.0,BID
401,1712601901.6992962,35981.25823393,5270000.0,1.0045233689088485e-13,5270000.0,BID
402,1712601901.7037246,35981.27800495,5270000.0,1.0002231876023761e-13,5270000.0,BID
403,1712601901.7087836,35981.2880983,5270000.0,5.1062629595865976e-14,5270000.0,BID
404,1712601901.7183094,35981.38804552,5270000.0,5.05636669094686e-13,5270000.0,BID
405,1712601901.8791656,35981.41405441,5270000.0,1.315799329712597e-13,5270000.0,BID
406,1712601901.884539,35981.43047482,5270000.0,8.307145929402392e-14,5270000.0,BID
407,1712601901.8991463,35981.43920841,5270000.0,4.4183553661513756e-14,5270000.0,BID
408,1712601901.9042113,35981.44328923,5270000.0,2.064501875704497e-14,5270000.0,BID
409,1712601901.918487,35981.44963686,5270000.0,3.2112894076130534e-14,5270000.0,BID
410,1712601903.4790964,35981.79693686,5269000.0,-1.7570034982487719e-12,5270000.0,ASK
411,1712601904.6693954,35982.06485895,5269000.0,-1.3554277263988936e-12,5270000.0,ASK
412,1712601904.674368,35982.09978426,5269000.0,-1.7668843030840697e-13,5270000.0,ASK
413,1712601904.9514632,35982.17736049,5269000.0,-3.924610063253807e-13,5270000.0,ASK
414,1712601905.3900385,35982.17831049,5270000.0,4.806085015570013e-15,5270000.0,BID
415,1712601905.395116,35982.66549881,5270000.0,2.4647036640811298e-12,5270000.0,BID
416,1712601905.399245,35983.17736049,5270000.0,2.589527101586722e-12,5270000.0,BID
417,1712601906.4889922,35983.22805926,5269000.0,-2.564869457099933e-13,5270000.0,ASK
418,1712601906.7685947,35983.22919777,5270000.0,5.759764047911786e-15,5270000.0,BID
419,1712601907.749938,35983.76859777,5269000.0,-2.728844477266117e-12,5270000.0,ASK
420,1712601907.8385916,35983.86793934,5269000.0,-5.025726634323382e-13,5270000.0,ASK
421,1712601908.9386585,35983.9664359,5269000.0,-4.98297726705843e-13,5270000.0,ASK
422,1712601909.105152,35984.1835359,5269000.0,-1.098316900291793e-12,5270000.0,ASK
423,1712601909.262221,35984.9094359,5269000.0,-3.67235484989914e-12,5270000.0,ASK
424,1712601909.5788388,35986.23820956,5269000.0,-6.722314912136902e-12,5270000.0,ASK
425,1712601909.5989852,35986.30823981,5269000.0,-3.5428561543530174e-13,5270000.0,ASK
426,1712601909.6588554,35986.67363981,5269000.0,-1.848572065215104e-12,5270000.0,ASK
427,1712601909.739508,35986.67963981,5269000.0,-3.03542211102845e-14,5270000.0,ASK
428,1712601909.744092,35987.73762069,5269000.0,-5.3523642592537285e-12,5270000.0,ASK
429,1712601909.748428,35989.04447673,5269000.0,-6.6114328648922385e-12,5270000.0,ASK
430,1712601909.9787478,35989.13935339,5269000.0,4.799845191980283e-13,5270000.0,BID
431,1712601910.6688511,35989.15995358,5268000.0,-1.042171203438644e-13,5270000.0,ASK
432,1712601910.6740816,35989.17863206,5268000.0,-9.449511864772185e-14,5270000.0,ASK
433,1712601911.6689882,35989.34977894,5268000.0,-8.658383727922064e-13,5270000.0,ASK
434,1712601911.6741028,35989.53439482,5268000.0,-9.33978540159299e-13,5270000.0,ASK
435,1712601911.9285023,35989.66799482,5268000.0,-6.758873232564879e-13,5270000.0,ASK
436,1712601912.490925,35989.86419482,5268000.0,-9.9258303009649e-13,5270000.0,ASK
437,1712601912.888374,35989.92145379,5268000.0,-2.8967523923697524e-13,5270000.0,ASK
438,1712601912.9483604,35990.07955379,5268000.0,-7.998337260958759e-13,5270000.0,ASK
439,1712601912.9686835,35992.24718302,5268000.0,-1.09661161532063e-11,5270000.0,ASK
440,1712601913.0947328,35993.53918302,5268000.0,-6.536275611089459e-12,5270000.0,ASK
441,1712601913.1788642,35999.34977894,5268000.0,-2.9396018883693326e-11,5270000.0,ASK
442,1712601913.183872,35999.95015852,5268000.0,-3.0373424196119865e-12,5270000.0,ASK
443,1712601913.3786836,36000.09615852,5267000.0,-7.386193802030187e-13,5270000.0,ASK
444,1712601913.7990415,36000.56766711,5267000.0,-2.3853793322363574e-12,5270000.0,ASK
445,1712601913.804268,36002.97470869,5267000.0,-1.2177312054355e-11,5270000.0,ASK
446,1712601913.859015,36003.33711438,5266000.0,-1.833423740611105e-12,5270000.0,ASK
447,1712601913.8640842,36003.59771844,5266000.0,-1.3184055429793957e-12,5270000.0,ASK
448,1712601914.939364,36003.71661451,5266000.0,-6.014995995044302e-13,5270000.0,ASK
449,1712601914.944627,36004.73217153,5266000.0,-5.1377403881523394e-12,5270000.0,ASK
450,1712601915.7601638,36005.36893971,5265000.0,-3.221433687982119e-12,5270000.0,ASK
451,1712601915.7655475,36005.61002732,5265000.0,-1.2196711032160516e-12,5270000.0,ASK
452,1712601915.7711585,36010.07643716,5265000.0,-2.2595731970828183e-11,5270000.0,ASK
453,1712601916.7888863,36010.08308616,5264000.0,-3.3637535996808065e-14,5270000.0,ASK
454,1712601916.792894,36010.09108339,5264000.0,-4.045828127799648e-14,5270000.0,ASK
455,1712601916.968299,36010.18193073,5264000.0,-4.596000408717817e-13,5270000.0,ASK
456,1712601917.148809,36010.33004664,5264000.0,-7.493238468642414e-13,5270000.0,ASK
457,1712601917.15327,36010.68314104,5264000.0,-1.7863175813396304e-12,5270000.0,ASK
458,1712601917.668728,36010.69970197,5263000.0,-8.3782355161783e-14,5270000.0,ASK
459,1712601919.0523026,36011.09275829,5266000.0,1.988486407260928e-12,5270000.0,BID
460,1712601923.6493936,36011.18776114,5263000.0,-4.806229190751987e-13,5270000.0,ASK
461,1712601923.655143,36011.61517756,5263000.0,-2.1623154193837908e-12,5270000.0,ASK
462,1712601923.6607664,36011.88295862,5263000.0,-1.3547142504542276e-12,5270000.0,ASK
463,1712601923.7684095,36011.8839533,5263000.0,5.032122765820884e-15,5270000.0,BID
464,1712601924.288374,36011.88509181,5262000.0,-5.759764047911786e-15,5270000.0,ASK
465,1712601925.7989416,36012.0739951,5262000.0,-9.556687053246848e-13,5270000.0,ASK
466,1712601925.8601055,36012.64422889,5261000.0,-2.884833757115894e-12,5270000.0,ASK
467,1712601925.8655114,36012.64878715,5261000.0,-2.3060405313035063e-14,5270000.0,ASK
468,1712601926.2195194,36013.4379928,5263000.0,3.992620466110587e-12,5270000.0,BID
469,1712601926.2252395,36014.5477617,5264000.0,5.614361760850775e-12,5270000.0,BID
470,1712601926.5391884,36014.68076569,5263000.0,-6.728720866905544e-13,5270000.0,ASK
471,1712601930.049095,36014.68076569,5263000.0,-0.0,5270000.0,ASK
472,1712601930.0533075,36014.68456075,5261000.0,-1.9181804404716388e-14,5270000.0,ASK
473,1712601930.8389988,36015.09120153,5260000.0,-2.055330851520294e-12,5270000.0,ASK
474,1712601930.8444898,36015.10044004,5260000.0,-4.6695254284511977e-14,5270000.0,ASK
475,1712601931.6384404,36015.67894612,5260000.0,2.9240092300390087e-12,5270000.0,BID
476,1712601933.5484984,36015.68084365,5260000.0,9.590902183970342e-15,5270000.0,BID
477,1712601935.1682596,36015.68274479,5260000.0,9.609148632411432e-15,5270000.0,BID
478,1712601937.5800457,36015.70175981,5259000.0,-9.610978330236998e-14,5270000.0,ASK
479,1712601937.5838833,36015.70576009,5259000.0,-2.021907124470072e-14,5270000.0,ASK
480,1712601937.5876076,36015.73457285,5258000.0,-1.4563161753010878e-13,5270000.0,ASK
481,1712601937.5909584,36016.42061108,5260000.0,3.4675212344606105e-12,5270000.0,BID
482,1712601937.5930912,36016.46394133,5260000.0,2.1900902224870245e-13,5270000.0,BID
483,1712601938.3585196,36016.46508201,5260000.0,5.765468945455601e-15,5270000.0,BID
484,1712601939.4407718,36016.47417708,5258000.0,-4.597024915818135e-14,5270000.0,ASK
485,1712601939.9484527,36016.47987725,5260000.0,2.881101903697828e-14,5270000.0,BID
486,1712601940.4688454,36017.13595343,5258000.0,-3.316080629458048e-12,5270000.0,ASK
487,1712601940.474362,36017.1809907,5258000.0,-2.27637008022428e-13,5270000.0,ASK
488,1712601940.748642,36017.19126214,5257000.0,-5.1916110130135576e-14,5270000.0,ASK
489,1712601940.754231,36017.57170726,5257000.0,-1.922927140902334e-12,5270000.0,ASK
490,1712601943.0591476,36018.35927444,5256000.0,-3.980690580773317e-12,5270000.0,ASK
491,1712601945.42851,36018.70528204,5255000.0,-1.748865657640534e-12,5270000.0,ASK
492,1712601945.432593,36018.73669973,5255000.0,-1.5879801218944268e-13,5270000.0,ASK
493,1712601947.3689077,36019.04122961,5254000.0,-1.5392200889791157e-12,5270000.0,ASK
494,1712601947.3735735,36019.51701532,5254000.0,-2.4048179537960525e-12,5270000.0,ASK
495,1712601950.4790387,36019.52272091,5254000.0,2.883841395615936e-14,5270000.0,BID
496,1712601950.7681935,36019.52386289,5254000.0,5.7720396969131445e-15,5270000.0,BID
497,1712601951.929416,36019.70362243,5253000.0,9.08579135694434e-13,5270000.0,BID
498,1712601951.9358015,36020.99761898,5255000.0,6.540394278659111e-12,5270000.0,BID
499,1712601951.9414268,36021.58386289,5254000.0,2.963119426310369e-12,5270000.0,BID
500,1712601952.9388573,36021.62433664,5252000.0,-2.0457108864184017e-13,5270000.0,ASK
501,1712601953.2986438,36021.62623958,5255000.0,9.618246573336827e-15,5270000.0,BID
502,1712601953.458584,36021.8386724,5252000.0,-1.073723419536832e-12,5270000.0,ASK
503,1712601955.6688857,36022.15669133,5252000.0,-1.607399332137809e-12,5270000.0,ASK
504,1712601955.673019,36022.92811433,5252000.0,-3.899091211389549e-12,5270000.0,ASK
505,1712601956.9290345,36023.15669133,5252000.0,-1.1553227889205997e-12,5270000.0,ASK
506,1712601956.934855,36025.21859536,5252000.0,-1.042171659653162e-11,5270000.0,ASK
507,1712601957.048252,36028.71859536,5252000.0,1.769044900108552e-11,5270000.0,BID
508,1712601957.228165,36028.791482,5252000.0,3.6839925366295093e-13,5270000.0,BID
509,1712601957.3083692,36029.08271317,5252000.0,1.472002902966389e-12,5270000.0,BID
510,1712601957.47053,36029.15583481,5255000.0,3.6958704095059963e-13,5270000.0,BID
511,1712601958.679157,36029.15697549,5254000.0,-5.765468945455601e-15,5270000.0,ASK
512,1712601960.0698664,36029.15697549,5254000.0,-0.0,5270000.0,ASK
513,1712601960.7388358,36029.22034143,5252000.0,-3.2015461326583454e-13,5270000.0,ASK
514,1712601961.8286743,36032.68441393,5255000.0,1.750212798045312e-11,5270000.0,BID
515,1712601962.3282518,36032.70344342,5255000.0,9.614595809420864e-14,5270000.0,BID
516,1712601962.348243,36033.83684342,5255000.0,5.726471329058556e-12,5270000.0,BID
517,1712601962.9083629,36034.48784342,5255000.0,3.289159021713191e-12,5270000.0,BID
518,1712601966.0707843,36034.49996056,5252000.0,-6.122150592364307e-14,5270000.0,ASK
519,1712601967.098235,36034.5045285,5254000.0,2.3079387187018904e-14,5270000.0,BID
520,1712601968.0884998,36034.5453285,5254000.0,2.0614084189027445e-13,5270000.0,BID
521,1712601969.8883598,36034.54667232,5252000.0,-6.789612426453191e-15,5270000.0,ASK
522,1712601970.5983136,36034.56487958,5254000.0,9.19916643472146e-14,5270000.0,BID
523,1712601971.5786686,36034.59850801,5254000.0,1.6990668804660554e-13,5270000.0,BID
524,1712601971.584586,36036.46777958,5255000.0,9.444441549188722e-12,5270000.0,BID
525,1712601974.1490698,36036.62748978,5255000.0,8.0693125222106e-13,5270000.0,BID
526,1712601974.1551087,36037.04358739,5255000.0,2.1023213638012115e-12,5270000.0,BID
527,1712601977.1384308,36037.04549033,5255000.0,9.614550331683455e-15,5270000.0,BID
528,1712601977.71841,36037.07909033,5255000.0,1.6976304629501557e-13,5270000.0,BID
529,1712601979.40833,36037.21459033,5255000.0,6.846099038902909e-13,5270000.0,BID
530,1712601979.6883616,36037.21651451,5252000.0,-9.72186485189337e-15,5270000.0,ASK
531,1712601980.4085133,36037.21765627,5255000.0,5.768709972794633e-15,5270000.0,BID
532,1712601981.8791492,36037.31265912,5252000.0,-4.799992030266171e-13,5270000.0,ASK
533,1712601984.5185142,36037.9884283,5252000.0,-3.414304600619835e-12,5270000.0,ASK
534,1712601984.5282643,36038.54093574,5252000.0,-2.791528157976864e-12,5270000.0,ASK
535,1712601984.5328815,36038.5599761,5252000.0,-9.620087844507392e-14,5270000.0,ASK
536,1712601984.5401354,36038.5644712,5252000.0,2.2711365168177123e-14,5270000.0,BID
537,1712601984.666678,36038.7364712,5252000.0,8.69025117867873e-13,5270000.0,BID
538,1712601984.6781707,36040.67212618,5252000.0,9.779841843946028e-12,5270000.0,BID
539,1712601984.83846,36042.57502618,5252000.0,9.614348237235328e-12,5270000.0,BID
540,1712601984.868085,36042.57952048,5252000.0,2.2707323196868643e-14,5270000.0,BID
541,1712601985.2681725,36042.58066224,5251000.0,-5.768709972794633e-15,5270000.0,ASK
542,1712601985.5281715,36042.95517796,5252000.0,1.8922300448915938e-12,5270000.0,BID
543,1712601986.0282168,36042.95967226,5252000.0,2.2707323196868643e-14,5270000.0,BID
544,1712601986.6085012,36042.96416736,5252000.0,2.2711365131415542e-14,5270000.0,BID
545,1712601987.4881375,36042.96866246,5252000.0,2.2711365168177123e-14,5270000.0,BID
546,1712601987.88259,36043.00319389,5252000.0,1.744690699159909e-13,5270000.0,BID
547,1712601987.891451,36043.03381527,5252000.0,1.547136532764614e-13,5270000.0,BID
548,1712601987.9981432,36043.05341527,5252000.0,9.902844366290202e-14,5270000.0,BID
549,1712601988.2616632,36043.05791037,5252000.0,2.2711365168177123e-14,5270000.0,BID
550,1712601988.2790363,36043.12902147,5252000.0,3.592868142916296e-13,5270000.0,BID
551,1712601988.342234,36043.18252527,5252000.0,2.703264308323398e-13,5270000.0,BID
552,1712601988.5586276,36043.22243614,5252000.0,2.0164853782849402e-13,5270000.0,BID
553,1712601988.6428168,36043.25246602,5252000.0,1.5172511631508e-13,5270000.0,BID
554,1712601988.8387537,36043.55186602,5252000.0,1.5127100017134977e-12,5270000.0,BID
555,1712601988.8619795,36043.60507517,5252000.0,2.688377200576031e-13,5270000.0,BID
556,1712601989.0588365,36043.60697811,5252000.0,9.614550331683455e-15,5270000.0,BID
557,1712601989.0817058,36043.64686227,5252000.0,2.015135862913221e-13,5270000.0,BID
558,1712601989.5684006,36043.67758113,5252000.0,1.552061682395261e-13,5270000.0,BID
559,1712601990.0682056,36043.67758113,5252000.0,0.0,5270000.0,BID
560,1712601990.8892584,36046.67758113,5252000.0,1.5151574926723858e-11,5270000.0,BID
561,1712601990.9084673,36047.28112682,5252000.0,3.0482225812404145e-12,5270000.0,BID
562,1712601991.1684697,36049.28112682,5252000.0,1.010104995114924e-11,5270000.0,BID
563,1712601991.408094,36051.28112682,5252000.0,1.010104995114924e-11,5270000.0,BID
564,1712601991.568205,36053.28112682,5252000.0,1.010104995114924e-11,5270000.0,BID
565,1712601992.5482502,36053.33112682,5252000.0,2.5252624875668255e-13,5270000.0,BID
566,1712601992.7284205,36053.83112682,5252000.0,2.52526248778731e-12,5270000.0,BID
567,1712601993.6584709,36053.83562192,5252000.0,2.2702614826819305e-14,5270000.0,BID
568,1712601994.4184458,36053.85897348,5252000.0,1.17937636986186e-13,5270000.0,BID
569,1712601995.7584064,36053.87807348,5252000.0,9.646502705863989e-14,5270000.0,BID
570,1712601995.8187284,36054.3543527,5252000.0,2.4054600959476282e-12,5270000.0,BID
571,1712601999.203109,36054.50843982,5251000.0,-7.782208479628072e-13,5270000.0,ASK
572,1712601999.208493,36054.51615412,5249000.0,-3.8961264827562117e-14,5270000.0,ASK
573,1712601999.211739,36054.52072446,5251000.0,-2.3082616331154342e-14,5270000.0,ASK
574,1712601999.214008,36054.77440748,5250000.0,-1.2812324283738926e-12,5270000.0,ASK
575,1712601999.2163243,36054.79345872,5249000.0,-9.621876343772756e-14,5270000.0,ASK
576,1712601999.218624,36056.69690615,5251000.0,-9.613408784902147e-12,5270000.0,ASK
577,1712601999.220971,36056.69790615,5250000.0,-5.0505249949772506e-15,5270000.0,ASK
578,1712601999.2233708,36056.70590615,5247000.0,-4.040419977608097e-14,5270000.0,ASK
579,1712601999.225746,36057.70590615,5248000.0,-5.05052497557462e-12,5270000.0,ASK
580,1712601999.228132,36057.70685927,5247000.0,-4.813756389221653e-15,5270000.0,ASK
581,1712601999.2307272,36057.73785927,5246000.0,-1.5656627421958885e-13,5270000.0,ASK
582,1712601999.2331328,36057.83785927,5249000.0,-5.050524975868599e-13,5270000.0,ASK
583,1712601999.23556,36057.93785927,5250000.0,-5.050524975501125e-13,5270000.0,ASK
584,1712601999.237989,36059.02893321,5248000.0,-5.510496184162294e-12,5270000.0,ASK
585,1712601999.2404938,36059.1190951,5247000.0,-4.553648773025945e-13,5270000.0,ASK
586,1712601999.242937,36059.33828882,5246000.0,-1.1070433573331397e-12,5270000.0,ASK
587,1712601999.418616,36059.55238432,5252000.0,1.081294669905763e-12,5270000.0,BID
588,1712602000.5983326,36059.76566382,5252000.0,1.0771734415269124e-12,5270000.0,BID
589,1712602002.828355,36059.76680624,5252000.0,5.7698207343100696e-15,5270000.0,BID
590,1712602004.5283182,36059.80407672,5252000.0,1.8823549010638614e-13,5270000.0,BID
591,1712602004.590777,36059.80720695,5252000.0,1.5809304782289088e-14,5270000.0,BID
592,1712602004.608332,36059.83543332,5252000.0,1.4255798665064096e-13,5270000.0,BID
593,1712602004.64803,36059.85638794,5252000.0,1.0583183169294692e-13,5270000.0,BID
594,1712602004.728339,36059.88391846,5252000.0,1.3904357883806374e-13,5270000.0,BID
595,1712602004.868805,36059.91538858,5252000.0,1.5894062702822557e-13,5270000.0,BID
596,1712602004.8980606,36059.94685829,5252000.0,1.5893855634866456e-13,5270000.0,BID
597,1712602005.59922,36059.97206942,5252000.0,1.2732944172574821e-13,5270000.0,BID
598,1712602005.6071205,36059.9971528,5252000.0,1.2668423717136506e-13,5270000.0,BID
599,1712602008.8687618,36060.94917107,5252000.0,4.808192049837462e-12,5270000.0,BID
600,1712602020.0489252,36060.94917107,5252000.0,0.0,5270000.0,BID
601,1712602021.492905,36060.97812107,5251000.0,1.4614575351808157e-13,5270000.0,BID
602,1712602024.3582385,36060.97926349,5247000.0,-5.767178980827785e-15,5270000.0,ASK
603,1712602028.6206703,36060.98046349,5247000.0,-6.057855062016963e-15,5270000.0,ASK
604,1712602029.5982742,36060.98226349,5247000.0,-9.086782593025443e-15,5270000.0,ASK
605,1712602030.8881524,36060.98683404,5251000.0,2.3073107909024085e-14,5270000.0,BID
606,1712602031.208897,36060.98803404,5247000.0,-6.057855062016963e-15,5270000.0,ASK
607,1712602032.408724,36060.98923404,5247000.0,-6.057855062016963e-15,5270000.0,ASK
608,1712602033.8588085,36060.99103404,5247000.0,-9.086782629756023e-15,5270000.0,ASK
609,1712602034.2586474,36061.09366832,5250000.0,-5.18119661031187e-13,5270000.0,ASK
610,1712602034.8988078,36061.43203822,5248000.0,-1.7081631780355092e-12,5270000.0,ASK
611,1712602034.90552,36061.60209589,5247000.0,-8.584872650445238e-13,5270000.0,ASK
612,1712602034.9585264,36061.60590396,5251000.0,1.9223946807672643e-14,5270000.0,BID
613,1712602037.7280853,36061.60710396,5248000.0,-6.057855062016963e-15,5270000.0,ASK
614,1712602040.398239,36061.60830396,5248000.0,-6.057855062016963e-15,5270000.0,ASK
615,1712602040.7981324,36061.94224586,5248000.0,-1.685809692833159e-12,5270000.0,ASK
616,1712602041.7578752,36063.94224586,5248000.0,1.0096425113548219e-11,5270000.0,BID
617,1712602041.798551,36065.47837349,5248000.0,7.754698790550746e-12,5270000.0,BID
618,1712602041.8077586,36065.94224586,5248000.0,2.3417263229974723e-12,5270000.0,BID
619,1712602042.208696,36066.18197843,5248000.0,1.2102209701434552e-12,5270000.0,BID
620,1712602042.2126832,36071.57595155,5248000.0,2.7229922835289745e-11,5270000.0,BID
621,1712602043.1687136,36073.20063253,5251000.0,8.201734923985738e-12,5270000.0,BID
622,1712602043.1744535,36073.57595155,5251000.0,1.8946901895624807e-12,5270000.0,BID
623,1712602043.527925,36073.57715155,5249000.0,-6.057855062016963e-15,5270000.0,ASK
624,1712602044.7482429,36073.57829418,5251000.0,5.7682390988447875e-15,5270000.0,BID
625,1712602046.617978,36073.57949418,5249000.0,-6.057855062016963e-15,5270000.0,ASK
626,1712602047.7580106,36073.58069418,5249000.0,-6.057855062016963e-15,5270000.0,ASK
627,1712602049.688912,36073.58090515,5249000.0,-1.0650214025888524e-15,5270000.0,ASK
628,1712602049.6956334,36073.58249418,5248000.0,-8.021761227167172e-15,5270000.0,ASK
629,1712602050.0505297,36073.58249418,5248000.0,-0.0,5270000.0,ASK
630,1712602051.2378995,36073.58369418,5248000.0,-6.055828019519186e-15,5270000.0,ASK
631,1712602052.2781403,36073.58489418,5248000.0,-6.055828019519186e-15,5270000.0,ASK
632,1712602055.508055,36073.58603681,5247000.0,-5.766308965873464e-15,5270000.0,ASK
633,1712602057.078375,36073.81983342,5251000.0,1.1798600526235324e-12,5270000.0,BID
634,1712602061.8183117,36074.01027333,5251000.0,9.610594534911849e-13,5270000.0,BID
635,1712602062.2381618,36074.01980076,5248000.0,-4.808039798764128e-14,5270000.0,ASK
636,1712602063.5386467,36074.21158682,5248000.0,9.678528308971586e-13,5270000.0,BID
637,1712602066.287905,36074.2220683,5248000.0,5.2895033610341605e-14,5270000.0,BID
638,1712602071.1302884,36074.22321093,5251000.0,5.766309002591754e-15,5270000.0,BID
639,1712602074.5983484,36074.23517345,5248000.0,-6.036913653569992e-14,5270000.0,ASK
640,1712602079.5984075,36076.69899154,5250000.0,1.243371553289565e-11,5270000.0,BID
641,1712602080.063168,36076.69899154,5250000.0,0.0,5270000.0,BID
642,1712602082.0085528,36076.69996296,5250000.0,4.901889002697019e-15,5270000.0,BID
643,1712602082.0156045,36076.85129551,5250000.0,7.636401948075523e-13,5270000.0,BID
644,1712602082.588259,36076.85320099,5250000.0,9.615255396646666e-15,5270000.0,BID
645,1712602084.0584152,36077.43262595,5250000.0,2.9238401740822135e-12,5270000.0,BID
646,1712602085.3422096,36077.75532585,5248000.0,-1.6283781281716668e-12,5270000.0,ASK
647,1712602085.3494723,36077.77152379,5248000.0,-8.173653359582395e-14,5270000.0,ASK
648,1712602085.3553567,36079.64046421,5248000.0,-9.430872779407868e-12,5270000.0,ASK
649,1712602085.5783916,36079.98551631,5250000.0,1.7411697144081417e-12,5270000.0,BID
650,1712602087.0679555,36080.33475549,5250000.0,1.762298166884379e-12,5270000.0,BID
651,1712602087.428106,36080.38499259,5250000.0,2.535017669921276e-13,5270000.0,BID
652,1712602088.1080842,36080.79839259,5250000.0,2.086060510679418e-12,5270000.0,BID
653,1712602088.4888153,36080.81369259,5250000.0,7.720543257597964e-14,5270000.0,BID
654,1712602088.4958212,36080.82899259,5250000.0,7.72054325392644e-14,5270000.0,BID
655,1712602088.9483175,36081.15693394,5250000.0,1.6548270441578393e-12,5270000.0,BID
656,1712602090.338114,36081.41779244,5250000.0,1.3163198251668917e-12,5270000.0,BID
657,1712602090.418134,36081.54130076,5249000.0,-6.232361613342453e-13,5270000.0,ASK
658,1712602090.720694,36081.56983076,5250000.0,1.439654242301903e-13,5270000.0,BID
659,1712602090.8783147,36081.59524941,5250000.0,1.2826522010135274e-13,5270000.0,BID
660,1712602091.9378984,36081.62514509,5250000.0,1.5085679123207788e-13,5270000.0,BID
661,1712602092.3983667,36081.63466889,5250000.0,4.8058111007641656e-14,5270000.0,BID
662,1712602093.0083494,36082.41666421,5250000.0,3.946031825351837e-12,5270000.0,BID
663,1712602093.3279154,36082.41780684,5249000.0,-5.765832886244138e-15,5270000.0,ASK
664,1712602094.1168077,36082.45299904,5250000.0,1.7758359627146809e-13,5270000.0,BID
665,1712602094.567703,36082.4549038,5250000.0,9.611622201528332e-15,5270000.0,BID
666,1712602097.1986036,36083.56766266,5250000.0,5.615099941416646e-12,5270000.0,BID
667,1712602097.204136,36083.84802937,5250000.0,1.4147603343771061e-12,5270000.0,BID
668,1712602101.318083,36084.13152936,5251000.0,1.4305711996167574e-12,5270000.0,BID
669,1712602103.1985092,36084.13343412,5250000.0,9.611622201528332e-15,5270000.0,BID
670,1712602107.099414,36084.26948543,5250000.0,6.86529427238571e-13,5270000.0,BID
671,1712602108.5179632,36087.43172555,5250000.0,1.5957001063513024e-11,5270000.0,BID
672,1712602110.0630608,36087.43172555,5250000.0,0.0,5270000.0,BID
673,1712602113.0382545,36089.48369884,5250000.0,1.0351533119214026e-11,5270000.0,BID
674,1712602113.258015,36089.48484169,5250000.0,5.765303907608344e-15,5270000.0,BID
675,1712602114.3081434,36089.75362489,5250000.0,1.3559232034156656e-12,5270000.0,BID
676,1712602116.1477504,36089.76314869,5250000.0,4.804445145337761e-14,5270000.0,BID
677,1712602116.838021,36090.83281545,5250000.0,5.396118432249294e-12,5270000.0,BID
678,1712602116.9378164,36091.47308655,5250000.0,3.2299579771701614e-12,5270000.0,BID
679,1712602117.9784813,36091.48261217,5249000.0,-4.805363276107448e-14,5270000.0,ASK
680,1712602117.9858956,36091.6742008,5249000.0,-9.665018830168837e-13,5270000.0,ASK
681,1712602118.3580444,36091.9566023,5250000.0,1.4246230662059553e-12,5270000.0,BID
682,1712602119.407925,36093.24475679,5250000.0,6.498317463924948e-12,5270000.0,BID
683,1712602120.5679283,36093.24932821,5250000.0,2.3061316495286725e-14,5270000.0,BID
684,1712602123.857853,36094.08406977,5250000.0,4.210997748576201e-12,5270000.0,BID
685,1712602124.9778757,36094.08521262,5249000.0,-5.765303907608344e-15,5270000.0,ASK
686,1712602128.4978256,36094.62616148,5250000.0,2.728909809614465e-12,5270000.0,BID
687,1712602130.7180195,36094.81010029,5250000.0,9.279110468358e-13,5270000.0,BID
688,1712602132.0278862,36094.81200505,5250000.0,9.608890290675521e-15,5270000.0,BID
689,1712602132.9679568,36095.23224587,5250000.0,2.119977285998695e-12,5270000.0,BID
690,1712602135.740114,36095.84597129,5250000.0,3.09604371665016e-12,5270000.0,BID
691,1712602135.748666,36096.00595918,5250000.0,8.070865006358319e-13,5270000.0,BID
692,1712602136.87781,36096.64026391,5250000.0,-3.1998595947760744e-12,5270000.0,ASK
693,1712602139.2277515,36097.59198739,5251000.0,4.801133217266335e-12,5270000.0,BID
694,1712602140.044796,36097.59198739,5251000.0,0.0,5270000.0,BID
695,1712602141.4786675,36097.59389215,5251000.0,9.606305295939888e-15,5270000.0,BID
696,1712602147.3979542,36097.77389215,5251000.0,9.077967583176936e-13,5270000.0,BID
697,1712602150.370109,36097.77579654,5251000.0,9.604439284417128e-15,5270000.0,BID
698,1712602150.7463992,36099.97121754,5251000.0,1.1072200371868796e-11,5270000.0,BID
699,1712602151.3282986,36100.14743631,5251000.0,8.887268231165596e-13,5270000.0,BID
700,1712602151.332062,36100.97121754,5251000.0,4.154588500862473e-12,5270000.0,BID
701,1712602151.928194,36101.62086677,5250000.0,-3.2763859168668537e-12,5270000.0,ASK
702,1712602151.9346583,36102.18048196,5250000.0,-2.822315863271852e-12,5270000.0,ASK
703,1712602151.940913,36102.19972502,5250000.0,9.704881937828817e-14,5270000.0,BID
704,1712602153.0582106,36102.29494497,5250000.0,4.802242329961342e-13,5270000.0,BID
705,1712602153.4777274,36102.46873225,5250000.0,8.764640523386371e-13,5270000.0,BID
706,1712602153.5377524,36102.58979829,5250000.0,6.105742147234675e-13,5270000.0,BID
707,1712602155.3810694,36103.20955789,5250000.0,3.125643087854847e-12,5270000.0,BID
708,1712602155.9084375,36103.30456518,5251000.0,4.79151721553663e-13,5270000.0,BID
709,1712602155.9141395,36103.46346039,5251000.0,8.013586474956953e-13,5270000.0,BID
710,1712602155.9196188,36104.22512004,5250000.0,3.841289784507018e-12,5270000.0,BID
711,1712602155.925089,36105.20955789,5251000.0,4.96483049440169e-12,5270000.0,BID
712,1712602156.1676476,36105.83256764,5251000.0,3.142034619168764e-12,5270000.0,BID
713,1712602156.2479615,36108.03234806,5251000.0,1.1094186301575156e-11,5270000.0,BID
714,1712602156.3877375,36108.65244666,5252000.0,3.127352771778041e-12,5270000.0,BID
715,1712602156.6295831,36108.93421695,5252000.0,1.4210564213952749e-12,5270000.0,BID
716,1712602157.127885,36109.08421695,5252000.0,7.564972986041938e-13,5270000.0,BID
717,1712602157.5876355,36109.16821695,5252000.0,4.236384871904604e-13,5270000.0,BID
718,1712602157.6275492,36109.24263304,5252000.0,3.753038070447346e-13,5270000.0,BID
719,1712602157.8876295,36109.38224765,5252000.0,7.04120502071643e-13,5270000.0,BID
720,1712602157.967626,36109.60246077,5252000.0,1.1106042026517665e-12,5270000.0,BID
721,1712602157.977428,36109.66794973,5252000.0,3.3028147550588494e-13,5270000.0,BID
722,1712602157.987502,36109.67284113,5252000.0,2.466887257523617e-14,5270000.0,BID
723,1712602158.717877,36109.74243453,5252000.0,3.509814606840111e-13,5270000.0,BID
724,1712602160.1095765,36109.75713444,5252000.0,7.413628134456935e-14,5270000.0,BID
725,1712602160.1175272,36109.95864937,5254000.0,1.0163033344728345e-12,5270000.0,BID
726,1712602160.1211417,36110.00907927,5252000.0,2.543338874678263e-13,5270000.0,BID
727,1712602160.124558,36110.38981409,5253000.0,1.920165752072884e-12,5270000.0,BID
728,1712602160.1279824,36110.50403453,5253000.0,5.76049695374219e-13,5270000.0,BID
729,1712602160.4612803,36110.62716713,5251000.0,-6.209965284508717e-13,5270000.0,ASK
730,1712602160.4688928,36110.69678703,5252000.0,-3.511151085302987e-13,5270000.0,ASK
731,1712602165.137936,36110.76638043,5254000.0,3.509814606840111e-13,5270000.0,BID
732,1712602166.96763,36110.83597383,5254000.0,3.5098146064731654e-13,5270000.0,BID
733,1712602167.5889914,36110.8555934,5255000.0,9.894767805397338e-14,5270000.0,BID
734,1712602167.595199,36110.89555403,5254000.0,2.0153405762451533e-13,5270000.0,BID
735,1712602167.600061,36110.90555403,5255000.0,5.043315325006491e-14,5270000.0,BID
736,1712602167.6482537,36111.03091466,5255000.0,6.322331862736543e-13,5270000.0,BID
737,1712602167.6546035,36111.4631577,5255000.0,2.179937947309564e-12,5270000.0,BID
738,1712602167.659417,36111.79597566,5255000.0,1.6785059177969817e-12,5270000.0,BID
739,1712602170.0474796,36111.79597566,5255000.0,0.0,5270000.0,BID
740,1712602173.9141052,36111.80350906,5256000.0,3.797902471363176e-14,5270000.0,BID
741,1712602176.057891,36111.81104246,5256000.0,3.797902471363176e-14,5270000.0,BID
742,1712602176.8209474,36111.82633726,5256000.0,7.710749290925175e-14,5270000.0,BID
743,1712602176.8580768,36112.17649317,5256000.0,1.765282602911602e-12,5270000.0,BID
744,1712602177.018093,36112.19178507,5257000.0,7.709287279332384e-14,5270000.0,BID
745,1712602180.2919033,36112.41977977,5257000.0,1.149416776864018e-12,5270000.0,BID
746,1712602181.177929,36112.4209211,5257000.0,5.753922540722908e-15,5270000.0,BID
747,1712602181.6182103,36112.49280949,5257000.0,3.624194840084529e-13,5270000.0,BID
748,1712602181.6261475,36112.62882669,5257000.0,6.857196751340585e-13,5270000.0,BID
749,1712602187.6876168,36112.65674624,5258000.0,1.4075414546133836e-13,5270000.0,BID
750,1712602191.9388218,36112.65788757,5257000.0,-5.753922577404058e-15,5270000.0,ASK
751,1712602197.107636,36113.01034079,5258000.0,1.776864304827954e-12,5270000.0,BID
752,1712602197.1175394,36113.03069073,5258000.0,1.0259257095322881e-13,5270000.0,BID
753,1712602199.5778997,36113.39307581,5258000.0,-1.826934971005382e-12,5270000.0,ASK
754,1712602200.0732274,36113.39307581,5258000.0,-0.0,5270000.0,ASK
755,1712602204.797573,36114.93686295,5258000.0,-7.785912941411556e-12,5270000.0,ASK
756,1712602205.988191,36115.50753063,5257000.0,-2.878096830714677e-12,5270000.0,ASK
757,1712602205.9966192,36116.49821739,5257000.0,-4.996414768408928e-12,5270000.0,ASK
758,1712602207.9676075,36116.72015455,5257000.0,1.1193145489138856e-12,5270000.0,BID
759,1712602208.0299385,36116.72129588,5257000.0,5.7561666375013766e-15,5270000.0,BID
760,1712602208.087533,36116.72309588,5254000.0,-9.078093033220684e-15,5270000.0,ASK
761,1712602208.3584232,36117.07738092,5257000.0,1.7867958648243618e-12,5270000.0,BID
762,1712602208.3631682,36117.08005625,5257000.0,1.3492719240645324e-14,5270000.0,BID
763,1712602208.4576633,36117.5228891,5257000.0,-2.2333765636226214e-12,5270000.0,ASK
764,1712602208.5773711,36117.59658038,5254000.0,-3.7165349791003083e-13,5270000.0,ASK
765,1712602209.2682357,36117.77348536,5254000.0,-8.921999267156245e-13,5270000.0,ASK
766,1712602209.272754,36118.7556082,5254000.0,-4.953223622553433e-12,5270000.0,ASK
767,1712602209.345223,36119.8183602,5254000.0,-5.3598675205317376e-12,5270000.0,ASK
768,1712602209.3576467,36120.7564632,5254000.0,-4.731214620744114e-12,5270000.0,ASK
769,1712602209.3791358,36125.4066802,5254000.0,-2.3452834774042318e-11,5270000.0,ASK
770,1712602209.4181223,36127.48695104,5254000.0,-1.0491606799375064e-11,5270000.0,ASK
771,1712602209.7205262,36127.48815104,5252000.0,-6.052062022147121e-15,5270000.0,ASK
772,1712602217.837534,36127.55285059,5254000.0,3.26304741496048e-13,5270000.0,BID
773,1712602218.137486,36128.22501861,5254000.0,-3.390002125368102e-12,5270000.0,ASK
774,1712602227.5083375,36128.22615994,5252000.0,-5.7561666375013766e-15,5270000.0,ASK
775,1712602230.048157,36128.22615994,5252000.0,-0.0,5270000.0,ASK
776,1712602230.317967,36128.29514452,5256000.0,3.477790799481256e-13,5270000.0,BID
777,1712602232.6092932,36129.51774452,5256000.0,6.163619509471167e-12,5270000.0,BID
778,1712602232.617607,36129.85982622,5255000.0,1.7245717650538729e-12,5270000.0,BID
779,1712602232.6212373,36138.17275062,5256000.0,4.190880338010807e-11,5270000.0,BID
780,1712602232.6474388,36149.25510708,5256000.0,-5.5870626932531656e-11,5270000.0,ASK
781,1712602242.6580768,36149.26667207,5255000.0,5.830377720642186e-14,5270000.0,BID
782,1712602242.669443,36150.19426079,5256000.0,4.676348708770214e-12,5270000.0,BID
783,1712602242.8875012,36150.35228565,5256000.0,7.966670293460696e-13,5270000.0,BID
784,1712602243.167655,36150.3534272,5256000.0,5.7550138073048186e-15,5270000.0,BID
785,1712602244.050148,36150.58668138,5256000.0,1.1759283612832988e-12,5270000.0,BID
786,1712602251.5380237,36151.34738992,5253000.0,-3.835038441166372e-12,5270000.0,ASK
787,1712602251.5456247,36151.39729882,5254000.0,-2.516108863846763e-13,5270000.0,ASK
788,1712602253.0774806,36152.20791626,5253000.0,4.086649327587729e-12,5270000.0,BID
789,1712602253.0875833,36152.34962098,5254000.0,7.143906239019378e-13,5270000.0,BID
790,1712602254.9674127,36152.53640602,5254000.0,9.41658691827467e-13,5270000.0,BID
791,1712602258.41812,36152.5485542,5252000.0,-6.124387310808871e-14,5270000.0,ASK
792,1712602258.4264414,36153.19855636,5252000.0,-3.276922946649719e-12,5270000.0,ASK
793,1712602258.4339817,36153.22724823,5252000.0,-1.446472842279597e-13,5270000.0,ASK
794,1712602260.0721374,36153.22724823,5252000.0,-0.0,5270000.0,ASK
795,1712602260.1477606,36153.22838978,5250000.0,-5.751204024015992e-15,5270000.0,ASK
796,1712602260.4699826,36153.32410106,5250000.0,-4.821997283276471e-13,5270000.0,ASK
797,1712602260.4764824,36155.23411652,5250000.0,-9.622783603850997e-12,5270000.0,ASK
798,1712602262.1181896,36155.26778713,5249000.0,-1.696347493590984e-13,5270000.0,ASK
799,1712602262.1257086,36155.27405147,5249000.0,-3.1560157243766985e-14,5270000.0,ASK
800,1712602262.1330378,36155.46118591,5249000.0,-9.427956258223699e-13,5270000.0,ASK
801,1712602271.7877414,36155.46552937,5254000.0,2.1882637370264184e-14,5270000.0,BID
802,1712602272.787464,36155.58537805,5254000.0,6.038055382213464e-13,5270000.0,BID
803,1712602290.0437434,36155.58537805,5254000.0,0.0,5270000.0,BID
804,1712602292.6976311,36155.58918349,5253000.0,1.917086139883869e-14,5270000.0,BID
805,1712602295.0679216,36155.62345154,5253000.0,1.726339229511499e-13,5270000.0,BID
1006,1712602295.0779912,36155.63409902,5254000.0,5.363935916268331e-14,5270000.0,BID
806,1712602295.0779912,36155.63409902,5254000.0,5.3639359162683314e-14,5270000.0,BID
807,1712602298.8873253,36155.64361739,5253000.0,-4.7951183505851365e-14,5270000.0,ASK
808,1712602304.7877066,36155.64818533,5254000.0,2.3012146939765137e-14,5270000.0,BID
809,1712602311.717249,36155.73834722,5250000.0,-4.5421320365643974e-13,5270000.0,ASK
810,1712602316.477424,36155.7394892,5254000.0,5.7530115441588704e-15,5270000.0,BID
811,1712602320.0672133,36155.7394892,5254000.0,0.0,5270000.0,BID
812,1712602320.4474027,36155.7522466,5254000.0,6.426834996051576e-14,5270000.0,BID
813,1712602320.4515302,36156.37185934,5254000.0,3.1214423326547522e-12,5270000.0,BID
814,1712602321.4985554,36156.4271278,5250000.0,-2.7842763646064893e-13,5270000.0,ASK
815,1712602321.579979,36157.59026887,5250000.0,-5.859591871476245e-12,5270000.0,ASK
816,1712602321.5876052,36159.19248132,5250000.0,-8.07151539100256e-12,5270000.0,ASK
817,1712602321.5940075,36159.34069846,5250000.0,-7.46678086733654e-13,5270000.0,ASK
818,1712602321.5994048,36159.83520525,5249000.0,-2.491192205136986e-12,5270000.0,ASK
819,1712602321.603115,36159.84472905,5250000.0,-4.797834286973803e-14,5270000.0,ASK
820,1712602325.7073252,36159.84587103,5249000.0,-5.752988089164563e-15,5270000.0,ASK
821,1712602337.4276624,36159.92356469,5250000.0,3.9139976254957363e-13,5270000.0,BID
822,1712602338.697483,36160.01423808,5250000.0,-4.567881512694628e-13,5270000.0,ASK
823,1712602342.6073687,36160.01521464,5250000.0,-4.9196466090285186e-15,5270000.0,ASK
1023,1712602342.6073687,36160.01521464,5250000.0,-4.919646609028519e-15,5270000.0,ASK
824,1712602345.2235303,36160.02473844,5250000.0,-4.797834286973803e-14,5270000.0,ASK
825,1712602345.2341928,36160.03426224,5250000.0,-4.797834286973803e-14,5270000.0,ASK
826,1712602346.0474138,36160.0359327,5250000.0,8.415328184042034e-15,5270000.0,BID
827,1712602346.767026,36160.03688508,5250000.0,4.7978343053009616e-15,5270000.0,BID
828,1712602347.1712563,36160.04789195,5250000.0,5.544965065231816e-14,5270000.0,BID
1028,1712602347.1712563,36160.04789195,5250000.0,5.5449650652318164e-14,5270000.0,BID
829,1712602350.0371983,36160.05741575,5250000.0,4.797834286973803e-14,5270000.0,BID
830,1712602350.077423,36160.05741575,5250000.0,0.0,5270000.0,BID
831,1712602354.1293638,36160.05950575,5250000.0,1.0527655505552992e-14,5270000.0,BID
832,1712602362.0971766,36160.13550479,5250000.0,3.828190005540362e-13,5270000.0,BID
1032,1712602362.0971766,36160.13550479,5250000.0,3.8281900055403623e-13,5270000.0,BID
833,1712602369.617484,36160.14007621,5250000.0,2.3026954504704422e-14,5270000.0,BID
834,1712602369.8768752,36160.14960001,5250000.0,4.797286383393076e-14,5270000.0,BID
835,1712602370.1173944,36160.26074434,5250000.0,5.598512998094073e-13,5270000.0,BID
836,1712602370.2171054,36160.64149881,5250000.0,1.917919564111423e-12,5270000.0,BID
837,1712602378.0270183,36160.64264166,5250000.0,5.7567134383731225e-15,5270000.0,BID
838,1712602379.5996745,36160.65216728,5249000.0,-4.7982031461214143e-14,5270000.0,ASK
839,1712602379.6088724,36160.7377964,5249000.0,-4.313272133009317e-13,5270000.0,ASK
840,1712602379.6147993,36160.94953837,5249000.0,-1.0665772795909188e-12,5270000.0,ASK
841,1712602379.6186523,36161.00159427,5248000.0,-2.622136754849832e-13,5270000.0,ASK
842,1712602379.6226032,36161.01321237,5249000.0,-5.852217912749347e-14,5270000.0,ASK
843,1712602379.6264868,36161.03226724,5248000.0,-9.598234778306405e-14,5270000.0,ASK
844,1712602379.6303947,36161.04179286,5249000.0,-4.7982031461214143e-14,5270000.0,ASK
845,1712602380.042858,36161.04179286,5249000.0,-0.0,5270000.0,ASK
846,1712602382.067316,36161.05131666,5250000.0,4.797161515435298e-14,5270000.0,BID
847,1712602384.8780863,36161.06084046,5250000.0,4.797161515435298e-14,5270000.0,BID
848,1712602386.966828,36161.07036426,5250000.0,4.797161515435298e-14,5270000.0,BID
849,1712602391.9472983,36161.12874844,5250000.0,2.940825525938892e-13,5270000.0,BID
850,1712602391.9559662,36161.23364026,5250000.0,5.283426806499633e-13,5270000.0,BID
851,1712602392.1269424,36161.24316406,5250000.0,4.797161515435298e-14,5270000.0,BID
852,1712602395.907307,36161.24430691,5249000.0,-5.756563597610428e-15,5270000.0,ASK
853,1712602396.750162,36161.25383071,5250000.0,4.797161515435298e-14,5270000.0,BID
854,1712602399.4769895,36161.26335451,5250000.0,4.7971615191002167e-14,5270000.0,BID
855,1712602401.3687916,36161.27287831,5250000.0,4.797161515435298e-14,5270000.0,BID
856,1712602406.947104,36161.28240211,5250000.0,4.797161515435298e-14,5270000.0,BID
857,1712602408.936856,36161.28678389,5250000.0,2.207113375682829e-14,5270000.0,BID
1057,1712602408.936856,36161.28678389,5250000.0,2.2071133756828292e-14,5270000.0,BID
858,1712602410.0433714,36161.28678389,5250000.0,0.0,5270000.0,BID
859,1712602411.8268938,36161.29630769,5250000.0,4.7971304366023024e-14,5270000.0,BID
860,1712602412.9872296,36161.29745054,5250000.0,5.756526303206621e-15,5270000.0,BID
1060,1712602412.9872296,36161.29745054,5250000.0,5.7565263032066205e-15,5270000.0,BID
861,1712602413.836804,36161.30087911,5250000.0,1.7269679657556648e-14,5270000.0,BID
862,1712602413.8568647,36161.31040291,5250000.0,4.7971304366023024e-14,5270000.0,BID
863,1712602415.726941,36161.31992671,5250000.0,4.7971304366023024e-14,5270000.0,BID
864,1712602417.6869144,36161.32945051,5250000.0,4.7971304366023024e-14,5270000.0,BID
865,1712602418.5367453,36161.35176811,5250000.0,1.1241357256341945e-13,5270000.0,BID
866,1712602419.6168127,36161.36129191,5250000.0,4.7971304366023024e-14,5270000.0,BID
867,1712602421.848827,36161.37081571,5250000.0,4.7971304366023024e-14,5270000.0,BID
868,1712602424.3573534,36161.38033951,5250000.0,4.7971304366023024e-14,5270000.0,BID
869,1712602426.406693,36161.38986331,5250000.0,4.797130440267196e-14,5270000.0,BID
870,1712602428.7871778,36161.39938711,5250000.0,4.7971304366023024e-14,5270000.0,BID
1071,1712602430.284902,36161.40052996,5249000.0,-5.7565263032066205e-15,5270000.0,ASK
871,1712602430.284902,36161.40052996,5249000.0,-5.756526303206621e-15,5270000.0,ASK
872,1712602433.1072092,36161.48160451,5249000.0,-4.0837185939872643e-13,5270000.0,ASK
873,1712602433.1158233,36161.94160289,5249000.0,-2.317008158103286e-12,5270000.0,ASK
874,1712602433.927679,36161.95112669,5250000.0,4.7971304366023024e-14,5270000.0,BID
875,1712602436.4369972,36161.95551592,5250000.0,2.2108516386610022e-14,5270000.0,BID
876,1712602437.5667014,36161.96503972,5250000.0,4.7971304366023024e-14,5270000.0,BID
877,1712602440.0673456,36161.96503972,5250000.0,0.0,5270000.0,BID
878,1712602440.5072598,36161.96808733,5250000.0,1.5350511892502462e-14,5270000.0,BID
879,1712602441.5371144,36161.97761113,5250000.0,4.797044410211455e-14,5270000.0,BID
880,1712602442.617017,36162.03475398,5250000.0,2.878229164596884e-13,5270000.0,BID
881,1712602443.0968304,36162.04427778,5250000.0,4.797044410211455e-14,5270000.0,BID
882,1712602443.5475786,36162.07203553,5249000.0,-1.3981305728229074e-13,5270000.0,ASK
883,1712602443.746763,36162.57275319,5249000.0,-2.522065616797512e-12,5270000.0,ASK
884,1712602444.9266996,36162.58227881,5249000.0,4.7979611266986536e-14,5270000.0,BID
885,1712602448.5771902,36162.59180443,5249000.0,4.7979611266986536e-14,5270000.0,BID
886,1712602450.52663,36162.60133005,5249000.0,4.7979611266986536e-14,5270000.0,BID
887,1712602452.0967915,36162.60833005,5248000.0,-3.525831170093732e-14,5270000.0,ASK
888,1712602452.1365776,36162.61785567,5249000.0,4.7979611266986536e-14,5270000.0,BID
889,1712602452.4171429,36162.93989733,5248000.0,-1.622092174364478e-12,5270000.0,ASK
1090,1712602452.426589,36162.94407702,5248000.0,-2.105268755300156e-14,5270000.0,ASK
890,1712602452.426589,36162.94407702,5248000.0,-2.1052687553001562e-14,5270000.0,ASK
891,1712602453.0167568,36162.94522031,5248000.0,5.758639303699984e-15,5270000.0,BID
892,1712602453.9366376,36162.95474774,5248000.0,4.798872804046934e-14,5270000.0,BID
893,1712602455.5866702,36162.96427517,5248000.0,4.7988728077117623e-14,5270000.0,BID
1093,1712602455.5866702,36162.96427517,5248000.0,4.798872807711762e-14,5270000.0,BID
894,1712602456.0466375,36163.45198043,5248000.0,2.4565234375397173e-12,5270000.0,BID
895,1712602456.1466904,36163.45578922,5248000.0,1.9184500718608163e-14,5270000.0,BID
896,1712602457.200549,36163.50711007,5247000.0,-2.5849807495324365e-13,5270000.0,ASK
897,1712602457.2094064,36165.7891662,5247000.0,-1.1494492327460226e-11,5270000.0,ASK
898,1712602457.213699,36165.83368125,5246000.0,-2.242179296015038e-13,5270000.0,ASK
899,1712602457.2180235,36165.85274702,5245000.0,-9.603240871542972e-14,5270000.0,ASK
900,1712602457.222322,36165.87307541,5247000.0,-1.0239210152016338e-13,5270000.0,ASK
901,1712602457.2266464,36167.09229061,5245000.0,-6.141067074426007e-12,5270000.0,ASK
902,1712602457.2310114,36167.10681119,5246000.0,-7.313873362090878e-14,5270000.0,ASK
903,1712602457.2353203,36167.44960539,5245000.0,-1.7266206777228693e-12,5270000.0,ASK
904,1712602457.2396452,36167.53290872,5246000.0,-4.1959068182264034e-13,5270000.0,ASK
905,1712602457.2440414,36167.54290872,5245000.0,-5.0369016689447396e-14,5270000.0,ASK
906,1712602457.476834,36167.55243615,5248000.0,4.798872804046934e-14,5270000.0,BID
907,1712602457.6569972,36167.9452247,5248000.0,1.9784373026422268e-12,5270000.0,BID
908,1712602460.3651145,36168.15483444,5248000.0,1.0557836490129232e-12,5270000.0,BID
909,1712602462.2267096,36168.16436187,5248000.0,4.7988728077117623e-14,5270000.0,BID
1109,1712602462.2267096,36168.16436187,5248000.0,4.798872807711762e-14,5270000.0,BID
910,1712602462.736862,36168.18341311,5248000.0,9.59592224973248e-14,5270000.0,BID
911,1712602464.9368992,36168.19294054,5248000.0,4.7988728077117623e-14,5270000.0,BID
1111,1712602464.9368992,36168.19294054,5248000.0,4.798872807711762e-14,5270000.0,BID
912,1712602466.5070117,36168.19408383,5245000.0,-5.758639303699984e-15,5270000.0,ASK
913,1712602467.0066774,36168.19504665,5245000.0,-4.849629657238647e-15,5270000.0,ASK
914,1712602468.8373013,36168.3530881,5245000.0,-7.96039243098038e-13,5270000.0,ASK
915,1712602468.896779,36168.37234114,5248000.0,9.697566929749845e-14,5270000.0,BID
916,1712602469.9967358,36168.40132113,5245000.0,-1.4596935995887058e-13,5270000.0,ASK
917,1712602470.0630276,36168.40132113,5245000.0,-0.0,5270000.0,ASK
918,1712602477.0468173,36168.41275405,5248000.0,5.757670014187717e-14,5270000.0,BID
919,1712602478.9665515,36168.50799214,5245000.0,-4.796233114613412e-13,5270000.0,ASK
920,1712602484.8974235,36168.50913543,5248000.0,5.7576599376238805e-15,5270000.0,BID
1120,1712602484.8974235,36168.50913543,5248000.0,5.757659937623881e-15,5270000.0,BID
921,1712602486.7569442,36168.51688905,5245000.0,-3.904757958230703e-14,5270000.0,ASK
922,1712602486.7659595,36168.54826917,5245000.0,-1.5803169791543794e-13,5270000.0,ASK
923,1712602488.6079032,36172.7203389,5245000.0,-2.1010731099684223e-11,5270000.0,ASK
924,1712602488.6152573,36173.24831127,5245000.0,-2.6588926389184226e-12,5270000.0,ASK
925,1712602488.6219008,36173.25212224,5246000.0,-1.9192216610780693e-14,5270000.0,ASK
926,1712602488.626031,36173.54826917,5245000.0,-1.4914092800191974e-12,5270000.0,ASK
927,1712602492.0868528,36173.97862711,5245000.0,-2.1673019721954e-12,5270000.0,ASK
928,1712602493.8266337,36174.1535298,5245000.0,-8.808178256882346e-13,5270000.0,ASK
929,1712602493.836399,36174.34235191,5245000.0,-9.509166518466234e-13,5270000.0,ASK
930,1712602493.946577,36174.87635191,5245000.0,2.6892480551210854e-12,5270000.0,BID
931,1712602494.836951,36174.93359514,5247000.0,2.8827948489803565e-13,5270000.0,BID
932,1712602494.8455925,36174.93361277,5245000.0,8.878548335051917e-17,5270000.0,BID
933,1712602498.6465015,36175.06412645,5247000.0,6.57272771736567e-13,5270000.0,BID
934,1712602500.074556,36175.06412645,5247000.0,0.0,5270000.0,BID
935,1712602501.6177063,36177.12412645,5245000.0,-1.037451327498784e-11,5270000.0,ASK
936,1712602501.798115,36178.66962645,5245000.0,7.783403041996909e-12,5270000.0,BID
937,1712602503.4268467,36178.67076974,5244000.0,-5.757804501695783e-15,5270000.0,ASK
1137,1712602503.4268467,36178.67076974,5244000.0,-5.7578045016957825e-15,5270000.0,ASK
938,1712602504.0265422,36178.67078742,5245000.0,8.903952307997233e-17,5270000.0,BID
939,1712602508.1169724,36178.67648947,5245000.0,-2.871650167306162e-14,5270000.0,ASK
940,1712602508.4081151,36178.67839677,5243000.0,-9.6054898896318e-15,5270000.0,ASK
941,1712602508.416824,36178.75383705,5244000.0,-3.799301875080976e-13,5270000.0,ASK
942,1712602508.4233122,36178.77290646,5244000.0,-9.603681903490492e-14,5270000.0,ASK
943,1712602508.4276662,36178.83976547,5243000.0,-3.36713440208974e-13,5270000.0,ASK
944,1712602511.617053,36178.84694033,5247000.0,3.6133825370296956e-14,5270000.0,BID
945,1712602511.6262622,36179.60763715,5247000.0,3.830999639511857e-12,5270000.0,BID
946,1712602511.9969382,36179.6642241,5247000.0,2.849815844435553e-13,5270000.0,BID
947,1712602512.005877,36179.73571033,5247000.0,3.6001691365307705e-13,5270000.0,BID
948,1712602516.7369788,36179.73875969,5247000.0,1.5357099897195194e-14,5270000.0,BID
1149,1712602518.4378195,36179.74009403,5243000.0,-6.719965063150772e-15,5270000.0,ASK
949,1712602518.4378195,36179.74009403,5243000.0,-6.7199650631507715e-15,5270000.0,ASK
950,1712602519.9887726,36179.80130966,5243000.0,-3.082924107027255e-13,5270000.0,ASK
951,1712602520.6675124,36179.80226369,5242000.0,-4.80465869722674e-15,5270000.0,ASK
952,1712602520.6796458,36179.88046355,5242000.0,-3.938279056644715e-13,5270000.0,ASK
953,1712602520.687454,36179.88427597,5242000.0,-1.92000009224256e-14,5270000.0,ASK
954,1712602522.6573884,36179.95646908,5241000.0,-3.635768825787257e-13,5270000.0,ASK
1155,1712602522.665091,36179.95742329,5241000.0,-4.8055651710264845e-15,5270000.0,ASK
955,1712602522.665091,36179.95742329,5241000.0,-4.805565171026485e-15,5270000.0,ASK
956,1712602522.6781404,36180.25742329,5240000.0,-1.5108514478301277e-12,5270000.0,ASK
957,1712602522.6853864,36180.35742329,5240000.0,-5.03617149264495e-13,5270000.0,ASK
958,1712602522.6926506,36180.74339564,5240000.0,-1.9438229460427564e-12,5270000.0,ASK
959,1712602522.6970625,36180.89503947,5241000.0,-7.637043337041206e-13,5270000.0,ASK
960,1712602522.7013123,36181.0926151,5240000.0,-9.950247554702337e-13,5270000.0,ASK
961,1712602522.7985542,36181.4866741,5240000.0,1.984548702240889e-12,5270000.0,BID
962,1712602522.83696,36181.8141741,5240000.0,1.6493461638622904e-12,5270000.0,BID
963,1712602523.796875,36181.81608249,5240000.0,9.610979299729317e-15,5270000.0,BID
964,1712602524.0370493,36181.85486079,5240000.0,1.952941690172091e-13,5270000.0,BID
965,1712602524.357198,36182.21636079,5240000.0,1.8205759946129515e-12,5270000.0,BID
966,1712602524.477403,36182.25106131,5240000.0,1.747577696162385e-13,5270000.0,BID
967,1712602524.5979908,36182.28079064,5240000.0,1.4972200422075757e-13,5270000.0,BID
968,1712602524.6624255,36182.40938452,5240000.0,6.476208325902205e-13,5270000.0,BID
969,1712602524.6674452,36182.41138452,5240000.0,1.0072342987488476e-14,5270000.0,BID
970,1712602524.696903,36182.48880629,5240000.0,3.899093109989528e-13,5270000.0,BID
971,1712602524.92669,36182.58903002,5240000.0,5.047438919103515e-13,5270000.0,BID
972,1712602525.000671,36182.66927849,5240000.0,4.041450569655065e-13,5270000.0,BID
973,1712602525.1871042,36183.34654849,5240000.0,3.410847866873959e-12,5270000.0,BID
974,1712602525.2066555,36183.5108653,5240000.0,8.275276342869643e-13,5270000.0,BID
975,1712602525.226956,36183.56567307,5240000.0,2.760213288558733e-13,5270000.0,BID
976,1712602525.2669282,36183.59596862,5240000.0,1.525735852713994e-13,5270000.0,BID
977,1712602525.2869277,36186.24560556,5240000.0,1.334402602326826e-11,5270000.0,BID
978,1712602526.5470848,36186.29404578,5241000.0,2.439532550740342e-13,5270000.0,BID
1179,1712602527.050516,36186.29519016,5243000.0,5.7632939484362685e-15,5270000.0,BID
979,1712602527.050516,36186.29519016,5243000.0,5.763293948436269e-15,5270000.0,BID
980,1712602530.054862,36186.29519016,5243000.0,0.0,5270000.0,BID
981,1712602530.538804,36189.11364296,5240000.0,-1.419000414755975e-11,5270000.0,ASK
982,1712602530.5434358,36189.74414296,5240000.0,-3.1743648909187975e-12,5270000.0,ASK
983,1712602530.5504808,36189.76320146,5241000.0,-9.595342312372222e-14,5270000.0,ASK
984,1712602530.5664723,36189.82213369,5240000.0,2.967048403749784e-13,5270000.0,BID
985,1712602530.5720377,36190.45253369,5240000.0,3.173861423029552e-12,5270000.0,BID
986,1712602530.5876703,36190.4964945,5240000.0,2.2132855171992493e-13,5270000.0,BID
987,1712602530.6081526,36190.54067609,5240000.0,2.224401080309693e-13,5270000.0,BID
988,1712602530.628932,36190.57755155,5240000.0,1.856560912863176e-13,5270000.0,BID
989,1712602530.6351955,36190.76255155,5240000.0,9.314155508536673e-13,5270000.0,BID
990,1712602530.8245852,36190.78458881,5240000.0,1.1095052250748373e-13,5270000.0,BID
991,1712602530.8318567,36190.80641821,5240000.0,1.0990401419779313e-13,5270000.0,BID
992,1712602530.8388488,36191.56833253,5240000.0,3.835993762562942e-12,5270000.0,BID
993,1712602530.846813,36191.59562882,5240000.0,1.3742804860481438e-13,5270000.0,BID
994,1712602531.2872036,36191.65815213,5240000.0,3.147847741921119e-13,5270000.0,BID
995,1712602531.2947698,36191.99906543,5240000.0,1.7163889141199404e-12,5270000.0,BID
996,1712602531.78711,36192.02875709,5240000.0,1.4948796681143058e-13,5270000.0,BID
997,1712602531.8470268,36192.05156619,5240000.0,1.1483648884820944e-13,5270000.0,BID
998,1712602532.0072527,36192.08770474,5240000.0,1.8194598624733306e-13,5270000.0,BID
999,1712602532.066979,36192.14180984,5240000.0,2.7240179202448454e-13,5270000.0,BID
1000,1712602532.5271082,36192.14295422,5239000.0,-5.761585536256343e-15,5270000.0,ASK
1201,1712602532.7672822,36192.95505422,5240000.0,4.088662534380637e-12,5270000.0,BID
1202,1712602533.1881263,36193.07005422,5240000.0,5.78988045122283e-13,5270000.0,BID
1203,1712602534.9377804,36193.09758855,5240000.0,1.3862650349370486e-13,5270000.0,BID
1204,1712602535.0578969,36193.12516708,5240000.0,1.3884903626294736e-13,5270000.0,BID
1205,1712602535.297603,36193.78306708,5240000.0,3.312315086051709e-12,5270000.0,BID
1206,1712602535.781448,36193.84206708,5240000.0,2.9704604051519533e-13,5270000.0,BID
1207,1712602536.4308002,36194.10285979,5240000.0,1.3130074899974849e-12,5270000.0,BID
1208,1712602536.4334466,36207.04760635,5240000.0,6.517263917836475e-11,5270000.0,BID
1209,1712602539.957566,36207.94760635,5240000.0,-4.5312107879644806e-12,5270000.0,ASK
1210,1712602541.1177564,36208.74020635,5243000.0,3.990486300629928e-12,5270000.0,BID
1211,1712602541.3175728,36208.96658993,5240000.0,-1.1397685777099546e-12,5270000.0,ASK
1212,1712602541.8480003,36209.08392163,5239000.0,-5.907274053451796e-13,5270000.0,ASK
1213,1712602541.8519576,36209.08849589,5239000.0,-2.3029929165451834e-14,5270000.0,ASK
1214,1712602542.4878745,36209.69477506,5240000.0,-3.052420795167453e-12,5270000.0,ASK
1215,1712602544.8593097,36209.69858967,5241000.0,1.920533552663575e-14,5270000.0,BID
1216,1712602548.4282873,36212.65240769,5240000.0,1.487152453112197e-11,5270000.0,BID
1217,1712602548.450492,36213.06810922,5238000.0,-2.0929236192494618e-12,5270000.0,ASK
1218,1712602549.0135648,36213.80497679,5238000.0,-3.709891424998152e-12,5270000.0,ASK
1219,1712602549.3084674,36214.29533849,5240000.0,2.468813583407987e-12,5270000.0,BID
1220,1712602550.8183737,36214.81171961,5243000.0,2.599813001826505e-12,5270000.0,BID
1221,1712602550.82113,36216.15752924,5244000.0,6.775719015611682e-12,5270000.0,BID
1222,1712602550.8237746,36216.56909975,5241000.0,2.072125261023316e-12,5270000.0,BID
1223,1712602552.057644,36216.57024413,5243000.0,5.761585572888452e-15,5270000.0,BID
1224,1712602554.7078652,36216.57126516,5241000.0,-5.140557921099889e-15,5270000.0,ASK
1225,1712602558.6681497,36216.57508268,5245000.0,1.9219986465159165e-14,5270000.0,BID
1226,1712602560.1180792,36216.57508268,5245000.0,0.0,5270000.0,BID
1227,1712602567.9987843,36216.57632196,5245000.0,6.234396064545947e-15,5270000.0,BID
1228,1712602568.002776,36216.8839409,5245000.0,1.547526234458886e-12,5270000.0,BID
1229,1712602568.0582116,36216.93084238,5245000.0,-2.359453899045119e-13,5270000.0,ASK
1230,1712602568.0779924,36223.38905833,5245000.0,-3.248908734412935e-11,5270000.0,ASK
1231,1712602568.2183049,36223.3909649,5245000.0,9.591305031310404e-15,5270000.0,BID
1232,1712602568.2984374,36223.66150136,5240000.0,-1.3609768931388124e-12,5270000.0,ASK
1233,1712602570.028473,36223.66264574,5240000.0,-5.75698643820154e-15,5270000.0,ASK
1234,1712602570.42832,36223.72124085,5240000.0,-2.947720642160862e-13,5270000.0,ASK
1235,1712602573.7626865,36223.72505691,5244000.0,1.9197299635198052e-14,5270000.0,BID
1236,1712602574.0982397,36223.72798451,5240000.0,-1.472775961681001e-14,5270000.0,ASK
1237,1712602577.6283815,36223.73103503,5245000.0,1.534612834985372e-14,5270000.0,BID
1238,1712602577.9786072,36223.750119,5240000.0,-9.600496062573373e-14,5270000.0,ASK
1239,1712602579.1585765,36223.75202557,5245000.0,9.591305067913272e-15,5270000.0,BID
1240,1712602580.7186124,36223.90937635,5240000.0,-7.915782430657096e-13,5270000.0,ASK
1241,1712602580.729041,36224.02402027,5240000.0,-5.767345593977075e-13,5270000.0,ASK
1242,1712602580.7325368,36224.13852408,5240000.0,-5.760297136450768e-13,5270000.0,ASK
1243,1712602583.579012,36225.02388016,5240000.0,-4.453925238241279e-12,5270000.0,ASK
1244,1712602583.5825646,36225.18718179,5238000.0,-8.21514944949252e-13,5270000.0,ASK
1245,1712602584.4587314,36225.18905199,5244000.0,9.408339924872147e-15,5270000.0,BID
1246,1712602589.8391287,36225.19019702,5240000.0,5.760256391968857e-15,5270000.0,BID
1247,1712602590.059811,36225.19019702,5240000.0,0.0,5270000.0,BID
1248,1712602590.480415,36225.19188016,5240000.0,8.465380798354428e-15,5270000.0,BID
1249,1712602593.7892468,36225.19210543,5240000.0,1.1329992339675962e-15,5270000.0,BID
1250,1712602595.9591248,36225.45068929,5240000.0,1.3005518522823028e-12,5270000.0,BID
1251,1712602596.119145,36225.45220452,5245000.0,7.620874630941676e-15,5270000.0,BID
1252,1712602596.8594306,36225.53423378,5239000.0,-4.125675362595781e-13,5270000.0,ASK
1253,1712602599.229172,36225.53805057,5245000.0,1.919660918531188e-14,5270000.0,BID
1254,1712602599.6417966,36225.53941395,5245000.0,6.857142517256662e-15,5270000.0,BID
1255,1712602600.7591796,36225.5838323,5243000.0,2.2340283483619932e-13,5270000.0,BID
1256,1712602601.079783,36225.58497733,5242000.0,-5.7589475552953305e-15,5270000.0,ASK
1257,1712602601.880642,36225.77581703,5243000.0,-9.598314655791413e-13,5270000.0,ASK
1258,1712602603.012735,36225.77704404,5245000.0,6.171267322697407e-15,5270000.0,BID
1259,1712602605.159357,36225.86095651,5244000.0,4.2203917245645093e-13,5270000.0,BID
1260,1712602607.13931,36225.86206099,5244000.0,5.555000672150683e-15,5270000.0,BID
1261,1712602607.5701072,36225.98241269,5245000.0,6.053108896708774e-13,5270000.0,BID
1262,1712602607.5741117,36227.43387091,5245000.0,7.300133413141045e-12,5270000.0,BID
1263,1712602607.5777264,36231.34039395,5244000.0,1.96479230201582e-11,5270000.0,BID
1264,1712602607.5803578,36235.26606928,5245000.0,1.9744249783292343e-11,5270000.0,BID
1265,1712602607.582107,36235.45690898,5242000.0,-9.598314655791413e-13,5270000.0,ASK
1266,1712602610.0997505,36235.47638883,5243000.0,-9.797423165176753e-14,5270000.0,ASK
1267,1712602612.349747,36235.49546187,5243000.0,-9.592817393488892e-14,5270000.0,ASK
1268,1712602612.3535776,36235.58670838,5242000.0,-4.589258493876384e-13,5270000.0,ASK
1269,1712602612.35731,36235.66722853,5243000.0,-4.0497744225661385e-13,5270000.0,ASK
1270,1712602612.4696412,36235.66822252,5244000.0,4.9992893299571145e-15,5270000.0,BID
1271,1712602613.5096636,36235.67204004,5244000.0,1.9200280753169262e-14,5270000.0,BID
1272,1712602619.9199784,36235.82751305,5243000.0,7.819541062054029e-13,5270000.0,BID
1273,1712602620.04612,36235.82751305,5243000.0,0.0,5270000.0,BID
1274,1712602620.1802523,36235.82865743,5243000.0,5.754063952434453e-15,5270000.0,BID
1275,1712602621.8999305,36235.90140774,5242000.0,-3.6579626973517684e-13,5270000.0,ASK
1276,1712602624.0495095,36235.90364458,5243000.0,1.1247068622086108e-14,5270000.0,BID
1277,1712602625.3212795,36236.00909657,5243000.0,5.302237829420947e-13,5270000.0,BID
1278,1712602625.3304305,36236.46684857,5243000.0,2.301625574754453e-12,5270000.0,BID
1279,1712602625.3831248,36237.49133414,5243000.0,5.151222034789118e-12,5270000.0,BID
1280,1712602625.3856406,36237.54884857,5244000.0,2.891886501696463e-13,5270000.0,BID
1281,1712602625.400936,36239.3934639,5244000.0,9.274921396519191e-12,5270000.0,BID
1282,1712602625.4043646,36239.40299861,5244000.0,4.7941532495279817e-14,5270000.0,BID
1283,1712602625.4078162,36239.46020685,5244000.0,2.876490944380607e-13,5270000.0,BID
1284,1712602626.5601275,36239.92873801,5245000.0,2.355824333729649e-12,5270000.0,BID
1285,1712602626.7596605,36240.5472551,5246000.0,3.109969487315822e-12,5270000.0,BID
1286,1712602628.1698186,36240.55171851,5248000.0,2.2442498597526948e-14,5270000.0,BID
1287,1712602628.173353,36240.56740982,5248000.0,7.88975698569476e-14,5270000.0,BID
1288,1712602629.4299436,36240.56908566,5248000.0,8.42630111940003e-15,5270000.0,BID
1289,1712602631.4201405,36240.69832439,5248000.0,6.498260329348455e-13,5270000.0,BID
1290,1712602632.7998235,36240.7002306,5248000.0,9.584625907686606e-15,5270000.0,BID
1291,1712602634.0500338,36240.70148736,5248000.0,6.319122482357781e-15,5270000.0,BID
1292,1712602638.980573,36241.2731337,5248000.0,2.8742983883366038e-12,5270000.0,BID
1293,1712602639.470216,36242.15285394,5248000.0,4.423326611371137e-12,5270000.0,BID
1294,1712602639.4744437,36243.15736538,5248000.0,5.050789992010372e-12,5270000.0,BID
1295,1712602639.8309476,36243.25470649,5248000.0,-4.894414185990984e-13,5270000.0,ASK
1296,1712602640.310009,36243.25585087,5248000.0,-5.754063952434453e-15,5270000.0,ASK
1297,1712602643.9402823,36243.25773354,5249000.0,9.466264291308941e-15,5270000.0,BID
1298,1712602644.8208346,36243.26773354,5249000.0,5.0281059945405524e-14,5270000.0,BID
1299,1712602644.8304846,36243.27300868,5249000.0,2.652396304996802e-14,5270000.0,BID
1300,1712602644.8336816,36243.42064978,5250000.0,7.423550997826813e-13,5270000.0,BID
1301,1712602646.2724967,36243.71003936,5247000.0,-1.4550814816627326e-12,5270000.0,ASK
1302,1712602646.2768493,36243.71192464,5248000.0,-9.479387696661728e-15,5270000.0,ASK
1303,1712602650.049964,36243.71192464,5248000.0,-0.0,5270000.0,ASK
1304,1712602653.6810308,36243.7138294,5250000.0,9.575343931505775e-15,5270000.0,BID
1305,1712602656.6905327,36243.71725928,5248000.0,-1.724221455434823e-14,5270000.0,ASK
1306,1712602658.582365,36243.7363069,5250000.0,9.575353986435052e-14,5270000.0,BID
1307,1712602658.58627,36243.89578439,5250000.0,8.017030051958056e-13,5270000.0,BID
1308,1712602658.5897102,36243.90578439,5250000.0,5.0270605924195864e-14,5270000.0,BID
1309,1712602658.5931273,36243.91908328,5252000.0,6.685432583052509e-14,5270000.0,BID
1310,1712602658.5964656,36245.26069662,5250000.0,6.744371550379739e-12,5270000.0,BID
1311,1712602660.2909474,36245.57200638,5252000.0,-1.564973026248636e-12,5270000.0,ASK
1312,1712602661.4309988,36245.57314858,5253000.0,5.741908583507869e-15,5270000.0,BID
1313,1712602667.690828,36245.57626168,5252000.0,-1.5649742325109588e-14,5270000.0,ASK
1314,1712602671.4512503,36245.57740388,5252000.0,-5.741908620084548e-15,5270000.0,ASK
1315,1712602677.8308952,36245.68081787,5252000.0,-5.198683937292834e-13,5270000.0,ASK
1316,1712602680.07876,36245.68081787,5252000.0,-0.0,5270000.0,ASK
1317,1712602683.3933554,36245.68562689,5253000.0,2.4173978663214333e-14,5270000.0,BID
1318,1712602683.3977056,36245.72175899,5253000.0,1.8162881720935122e-13,5270000.0,BID
1319,1712602683.401426,36245.75982522,5254000.0,1.9135130061843818e-13,5270000.0,BID
1320,1712602683.403293,36247.15553024,5254000.0,7.015929103028627e-12,5270000.0,BID
1321,1712602683.4051657,36248.55611869,5255000.0,7.040477125813005e-12,5270000.0,BID
1322,1712602683.4070566,36251.30988768,5256000.0,1.3842644199909398e-11,5270000.0,BID
1323,1712602683.4089403,36252.29788768,5254000.0,4.966477768887052e-12,5270000.0,BID
1324,1712602683.4108226,36253.28188768,5256000.0,4.9463705714745926e-12,5270000.0,BID
1325,1712602684.0152469,36253.47188768,5252000.0,-9.550918786461923e-13,5270000.0,ASK
1326,1712602685.1619508,36253.8219539,5255000.0,1.759712651060091e-12,5270000.0,BID
1327,1712602685.1661406,36253.9369539,5254000.0,5.780819265682612e-13,5270000.0,BID
1328,1712602687.5975084,36254.1259539,5252000.0,-9.50065079265647e-13,5270000.0,ASK
1329,1712602688.0310977,36254.12709588,5254000.0,5.740504331398407e-15,5270000.0,BID
1330,1712602689.5011148,36254.31709588,5252000.0,-9.55091878609618e-13,5270000.0,ASK
1331,1712602691.086736,36254.50709588,5253000.0,-9.550918786461923e-13,5270000.0,ASK
1332,1712602692.9754596,36254.69709588,5253000.0,-9.550918786461923e-13,5270000.0,ASK
1333,1712602693.211276,36254.8099539,5254000.0,5.673146228563172e-13,5270000.0,BID
1334,1712602694.585824,36254.98310283,5254000.0,-8.703849307225016e-13,5270000.0,ASK
1335,1712602695.449667,36255.03610283,5254000.0,-2.664203661448248e-13,5270000.0,ASK
1336,1712602696.24148,36256.71473375,5254000.0,-8.438140836384124e-12,5270000.0,ASK
1337,1712602697.476303,36256.71973375,5254000.0,-2.5133996793003835e-14,5270000.0,ASK
1338,1712602698.071257,36260.69709588,5254000.0,-1.9993401414504133e-11,5270000.0,ASK
1339,1712602699.3716178,36262.38839792,5254000.0,-8.501836014338499e-12,5270000.0,ASK
1340,1712602701.1621516,36264.29170968,5254000.0,-9.567566339384633e-12,5270000.0,ASK
1341,1712602701.2627845,36264.63257635,5253000.0,-1.7134683590115673e-12,5270000.0,ASK
1342,1712602701.2669456,36269.49078706,5253000.0,-2.442125049377396e-11,5270000.0,ASK
1343,1712602701.2704153,36271.13578706,5250000.0,-8.269084949214086e-12,5270000.0,ASK
1344,1712602701.2738776,36278.60437067,5252000.0,-3.7543071320088966e-11,5270000.0,ASK
1345,1712602701.277521,36278.7506913,5252000.0,-7.35524449435336e-13,5270000.0,ASK
1346,1712602701.2794669,36278.84526008,5248000.0,-4.753782828848498e-13,5270000.0,ASK
1347,1712602701.281461,36279.55146942,5252000.0,-3.5499726592186682e-12,5270000.0,ASK
1348,1712602708.531676,36279.5526114,5252000.0,-5.740504331398407e-15,5270000.0,ASK
1349,1712602710.061752,36279.5526114,5252000.0,-0.0,5270000.0,ASK
1350,1712602715.4816546,36279.64777699,5254000.0,4.779508123932169e-13,5270000.0,BID
1351,1712602715.5817971,36280.5526114,5254000.0,-4.544356225250654e-12,5270000.0,ASK
1352,1712602728.962653,36280.55375316,5255000.0,5.734269264437577e-15,5270000.0,BID
1353,1712602731.7719336,36280.75339111,5255000.0,1.0026430812915406e-12,5270000.0,BID
1354,1712602732.7623482,36280.94368606,5255000.0,9.557196666128485e-13,5270000.0,BID
1355,1712602736.6721203,36280.94482782,5252000.0,-5.734269264437577e-15,5270000.0,ASK
1356,1712602740.0519736,36280.94482782,5252000.0,-0.0,5270000.0,ASK
1357,1712602743.386531,36281.3298875,5252000.0,-1.9338168949429632e-12,5270000.0,ASK
1358,1712602743.966164,36281.33274192,5255000.0,1.4335247012535955e-14,5270000.0,BID
1359,1712602747.7621863,36281.42788939,5255000.0,4.77842252905701e-13,5270000.0,BID
1360,1712602749.344828,36281.52474662,5255000.0,4.864288771587382e-13,5270000.0,BID
1361,1712602749.349882,36286.19362798,5255000.0,2.344769427566836e-11,5270000.0,BID
1362,1712602749.3534882,36286.56262153,5255000.0,1.8531308214933825e-12,5270000.0,BID
1363,1712602749.9627223,36286.57471212,5254000.0,6.07204244432302e-14,5270000.0,BID
1364,1712602751.253495,36286.57851874,5254000.0,1.911731210559304e-14,5270000.0,BID
