,time,acc_trade_volume,trade_price,dev,high,ask_bid
0,1712601588.4185596,854894182.6109114,7.986,0.0,8.038,BID
1,1712601600.2866645,854894182.6109114,7.986,0.0,8.038,BID
2,1712601607.1466515,854894933.9257122,7.976,-1.0901211721874463e-07,8.038,ASK
3,1712601630.286408,854894933.9257122,7.976,-0.0,8.038,ASK
4,1712601646.6362276,854897187.8701149,7.976,-3.27036067321999e-07,8.038,ASK
5,1712601660.4391706,854897187.8701149,7.976,-0.0,8.038,ASK
6,1712601663.4465804,854905217.594148,7.976,-1.1650697845798463e-06,8.038,ASK
7,1712601671.6159737,854905969.8509184,7.976,1.0914841279622962e-07,8.038,BID
8,1712601690.4274628,854905969.8509184,7.976,0.0,8.038,BID
9,1712601707.756039,854906722.1076887,7.963,-1.0914730349695005e-07,8.038,ASK
10,1712601720.286311,854906722.1076887,7.963,-0.0,8.038,ASK
11,1712601740.1357696,854907474.364459,7.976,1.09147208650044e-07,8.038,BID
12,1712601750.2688613,854907474.364459,7.976,0.0,8.038,BID
13,1712601770.9657347,854917758.0328947,7.963,-1.4920872386962365e-06,8.038,ASK
14,1712601780.427964,854917758.0328947,7.963,-0.0,8.038,ASK
15,1712601810.45803,854917758.0328947,7.963,-0.0,8.038,ASK
16,1712601814.1956744,854918510.2896651,7.963,-1.0914581681613073e-07,8.038,ASK
17,1712601840.2772114,854918510.2896651,7.963,-0.0,8.038,ASK
18,1712601842.8953018,854919262.5464354,7.976,1.0914572193721629e-07,8.038,BID
19,1712601870.2956016,854919262.5464354,7.976,0.0,8.038,BID
20,1712601875.0456045,854920014.8032057,7.963,-1.0914562693819318e-07,8.038,ASK
21,1712601900.2907429,854920014.8032057,7.963,-0.0,8.038,ASK
22,1712601906.2593956,854920767.059976,7.976,1.0914553205960884e-07,8.038,BID
23,1712601930.278041,854920767.059976,7.976,0.0,8.038,BID
24,1712601943.2225752,854924407.4365876,7.976,5.281846730893216e-07,8.038,BID
25,1712601943.3350525,854933292.1100755,7.984,-1.2890832082515156e-06,8.038,ASK
26,1712601944.55538,854934044.3668451,7.963,-1.0914543695713936e-07,8.038,ASK
27,1712601944.55703,854934044.3668458,7.984,-1.0377693246921855e-16,8.038,ASK
28,1712601960.4285722,854934044.3668458,7.984,-0.0,8.038,ASK
29,1712601972.9749966,854934795.7757375,7.985,1.0902074169381637e-07,8.038,BID
30,1712601990.4468536,854934795.7757375,7.985,0.0,8.038,BID
31,1712602006.5952375,854935547.1846292,7.964,-1.0902064678800484e-07,8.038,ASK
32,1712602020.5779493,854935547.1846292,7.964,-0.0,8.038,ASK
33,1712602050.267243,854935547.1846292,7.964,-0.0,8.038,ASK
34,1712602070.7050822,854936298.7817731,7.983,1.0904786530347565e-07,8.038,BID
35,1712602080.4272358,854936298.7817731,7.983,0.0,8.038,BID
36,1712602090.234828,854937733.9815726,7.983,2.082303524617019e-07,8.038,BID
37,1712602110.434766,854937733.9815726,7.983,0.0,8.038,BID
38,1712602114.4249432,854938485.5787166,7.964,-1.0904758912138909e-07,8.038,ASK
39,1712602116.255211,854939777.5683807,7.964,-1.874519603496428e-07,8.038,ASK
40,1712602140.2660954,854939777.5683807,7.964,-0.0,8.038,ASK
41,1712602141.2261963,854940529.3538712,7.981,1.0907465834428637e-07,8.038,BID
42,1712602147.0045302,854941795.176656,7.964,-1.836550312779558e-07,8.038,ASK
43,1712602170.2766783,854941795.176656,7.964,-0.0,8.038,ASK
44,1712602179.1143444,854942546.9621466,7.964,-1.0907440387425309e-07,8.038,ASK
45,1712602200.2977142,854942546.9621466,7.964,-0.0,8.038,ASK
46,1712602207.474151,854943298.8418459,7.98,1.0908797756866685e-07,8.038,BID
47,1712602211.9042656,854964635.3702782,7.964,-3.095653117655084e-06,8.038,ASK
48,1712602211.9052572,854967466.6908749,7.964,-4.107878402066045e-07,8.038,ASK
49,1712602230.2861462,854967466.6908749,7.964,-0.0,8.038,ASK
50,1712602260.2878926,854967466.6908749,7.964,-0.0,8.038,ASK
51,1712602279.4840016,854968218.5705742,7.964,-1.0908483638158825e-07,8.038,ASK
52,1712602290.296496,854968218.5705742,7.964,-0.0,8.038,ASK
53,1712602308.6238942,854968970.4502734,7.98,1.090847416140404e-07,8.038,BID
54,1712602320.424437,854968970.4502734,7.98,0.0,8.038,BID
55,1712602350.4639542,854968970.4502734,7.98,0.0,8.038,BID
56,1712602380.2661138,854968970.4502734,7.98,0.0,8.038,BID
57,1712602410.2839098,854968970.4502734,7.98,0.0,8.038,BID
58,1712602440.426715,854968970.4502734,7.98,0.0,8.038,BID
59,1712602451.0336208,854969606.9064852,7.964,-9.233870930157353e-08,8.038,ASK
60,1712602452.663534,854970358.7861844,7.964,-1.090846466562659e-07,8.038,ASK
61,1712602454.993611,854970985.3526005,7.98,9.090387221355489e-08,8.038,BID
62,1712602463.9032483,854983516.6809213,7.98,1.8180774443229835e-06,8.038,BID
63,1712602470.4439414,854983516.6809213,7.98,0.0,8.038,BID
64,1712602484.1736832,854984268.5606205,7.98,1.0908280994101821e-07,8.038,BID
65,1712602500.2950916,854984268.5606205,7.98,0.0,8.038,BID
66,1712602527.693638,854991853.5286828,7.964,-1.10042724942234e-06,8.038,ASK
67,1712602527.8539968,855091393.5606205,7.964,1.444126892205872e-05,8.038,BID
68,1712602530.2739472,855091393.5606205,7.964,0.0,8.038,BID
69,1712602553.644576,855092145.4403198,7.963,-1.0906921504613305e-07,8.038,ASK
70,1712602560.4349296,855092145.4403198,7.963,-0.0,8.038,ASK
71,1712602581.455449,855142479.1297578,7.963,-7.301502135198173e-06,8.038,ASK
72,1712602581.4569714,855648758.9589463,7.962,-7.344192915527665e-05,8.038,ASK
73,1712602581.4653976,855983710.5583996,7.962,-4.858872548194329e-05,8.038,ASK
74,1712602583.4052832,856037257.6679,7.962,7.76764705143715e-06,8.038,BID
75,1712602583.4652123,856169786.7639135,7.962,1.922492645231213e-05,8.038,BID
76,1712602583.785434,856170540.3434161,7.962,1.0931569707257865e-07,8.038,BID
77,1712602583.8452036,856326412.0592022,7.962,2.261105192837936e-05,8.038,BID
78,1712602586.2352624,856416043.169573,7.962,1.3002061860745764e-05,8.038,BID
79,1712602590.4255674,856416043.169573,7.962,0.0,8.038,BID
80,1712602620.298436,856416043.169573,7.962,0.0,8.038,BID
81,1712602623.0265398,856416796.7490755,7.961,-1.091487990860215e-07,8.038,ASK
82,1712602650.2872417,856416796.7490755,7.961,-0.0,8.038,ASK
83,1712602655.1175923,856417550.3285781,7.962,1.0914870424304609e-07,8.038,BID
84,1712602680.4379652,856417550.3285781,7.962,0.0,8.038,BID
85,1712602692.2378998,856418303.9080808,7.961,-1.0914860940558844e-07,8.038,ASK
86,1712602710.433658,856418303.9080808,7.961,-0.0,8.038,ASK
87,1712602722.3485584,856419057.4875834,7.962,1.091485145456764e-07,8.038,BID
88,1712602740.2638345,856419057.4875834,7.962,0.0,8.038,BID
89,1712602755.1591897,856419811.0670861,7.961,-1.0914841970854841e-07,8.038,ASK
90,1712602765.1596096,856484143.4263662,7.962,9.317895890708011e-06,8.038,BID
91,1712602769.73985,856566260.1371353,7.961,-1.1893780523451616e-05,8.038,ASK
92,1712602769.7420115,856572767.769435,7.961,-9.425651560569278e-07,8.038,ASK
93,1712602770.2938952,856572767.769435,7.961,-0.0,8.038,ASK
94,1712602785.9202912,856573519.7433667,7.979,1.0889656715912277e-07,8.038,BID
95,1712602788.6496594,857717654.8601749,7.96,-0.0001656871087404,8.038,ASK
96,1712602800.3700392,857717654.8601749,7.96,-0.0,8.038,ASK
97,1712602824.3803918,857718406.8341066,7.96,-1.0875313597749689e-07,8.038,ASK
98,1712602830.29315,857718406.8341066,7.96,-0.0,8.038,ASK
99,1712602860.4310696,857718406.8341066,7.96,-0.0,8.038,ASK
100,1712602890.4422746,857718406.8341066,7.96,-0.0,8.038,ASK
101,1712602891.981528,857719158.8080381,7.979,1.0875304181547105e-07,8.038,BID
102,1712602920.2768476,857719158.8080381,7.979,0.0,8.038,BID
103,1712602930.982187,857719910.7819697,7.96,-1.087529474461318e-07,8.038,ASK
104,1712602950.3048065,857719910.7819697,7.96,-0.0,8.038,ASK
105,1712602963.072781,857720662.7559012,7.979,1.087528533016728e-07,8.038,BID
106,1712602980.4361243,857720662.7559012,7.979,0.0,8.038,BID
107,1712603004.4650445,857721414.7298328,7.96,-1.0875275893266073e-07,8.038,ASK
108,1712603010.446106,857721414.7298328,7.96,-0.0,8.038,ASK
109,1712603033.2734773,857722166.7037643,7.979,1.0875266478852812e-07,8.038,BID
110,1712603040.288591,857722166.7037643,7.979,0.0,8.038,BID
111,1712603070.336517,857722166.7037643,7.979,0.0,8.038,BID
112,1712603071.553823,857722918.677696,7.96,-1.087525704370836e-07,8.038,ASK
113,1712603100.4244392,857722918.677696,7.96,-0.0,8.038,ASK
114,1712603103.2443318,857723670.6516275,7.979,1.087682066242767e-07,8.038,BID
115,1712603130.441753,857723670.6516275,7.979,0.0,8.038,BID
116,1712603139.614673,857724422.6255591,7.96,-1.0876811222861744e-07,8.038,ASK
117,1712603160.287765,857724422.6255591,7.96,-0.0,8.038,ASK
118,1712603170.184777,857725174.5994906,7.979,1.0876801805790114e-07,8.038,BID
119,1712603190.280763,857725174.5994906,7.979,0.0,8.038,BID
120,1712603209.3852446,857725926.5734222,7.961,-1.0876792366256917e-07,8.038,ASK
121,1712603220.4353871,857725926.5734222,7.961,-0.0,8.038,ASK
122,1712603240.6603673,857726678.7358893,7.977,1.0879509984703029e-07,8.038,BID
123,1712603250.4554622,857726678.7358893,7.977,0.0,8.038,BID
124,1712603277.635569,857727430.8983564,7.961,-1.0879500542835885e-07,8.038,ASK
125,1712603280.2775362,857727430.8983564,7.961,-0.0,8.038,ASK
126,1712603308.725968,857728183.0608234,7.977,1.087949111819898e-07,8.038,BID
127,1712603310.2809556,857728183.0608234,7.977,0.0,8.038,BID
128,1712603326.416093,857729436.6649354,7.977,1.8132469464056186e-07,8.038,BID
129,1712603339.9661136,857730690.2690471,7.977,1.813246946233191e-07,8.038,BID
130,1712603340.445289,857730690.2690471,7.977,0.0,8.038,BID
131,1712603370.4462883,857730690.2690471,7.977,0.0,8.038,BID
132,1712603370.7428482,857731944.030331,7.976,1.813469038091437e-07,8.038,BID
133,1712603382.2863183,857732696.192798,7.961,-1.0879450203701602e-07,8.038,ASK
134,1712603400.3188047,857732696.192798,7.961,-0.0,8.038,ASK
135,1712603411.7564514,857733448.4495684,7.976,1.08807890670226e-07,8.038,BID
136,1712603430.3068326,857733448.4495684,7.976,0.0,8.038,BID
137,1712603441.0666506,857734702.2108523,7.976,1.813463270571569e-07,8.038,BID
138,1712603445.0567155,857735955.972136,7.976,1.813463270399142e-07,8.038,BID
139,1712603446.3368106,857736708.2289064,7.961,-1.0880779624119117e-07,8.038,ASK
140,1712603450.23708,857737961.9901903,7.976,1.813463270571569e-07,8.038,BID
141,1712603460.420759,857737961.9901903,7.976,0.0,8.038,BID
142,1712603473.7170308,857738714.3412874,7.975,1.0882087336853361e-07,8.038,BID
143,1712603490.4471357,857738714.3412874,7.975,0.0,8.038,BID
144,1712603512.1470587,857739466.6923846,7.962,-1.088207789460478e-07,8.038,ASK
145,1712603520.2924078,857739466.6923846,7.962,-0.0,8.038,ASK
146,1712603537.769601,857740219.1378323,7.974,1.0883433158855493e-07,8.038,BID
147,1712603550.307188,857740219.1378323,7.974,0.0,8.038,BID
148,1712603576.657334,857741219.1378323,7.974,1.4464070115965865e-07,8.038,BID
149,1712603579.147971,857741971.58328,7.962,-1.0883423713731073e-07,8.038,ASK
150,1712603580.3251724,857741971.58328,7.962,-0.0,8.038,ASK
151,1712603605.7976449,857742724.0287277,7.974,1.0883401730313668e-07,8.038,BID
152,1712603610.2826393,857742724.0287277,7.974,0.0,8.038,BID
153,1712603640.4379897,857742724.0287277,7.974,0.0,8.038,BID
154,1712603643.1476948,857743476.4741753,7.962,-1.0883392285243801e-07,8.038,ASK
155,1712603670.4479442,857743476.4741753,7.962,-0.0,8.038,ASK
156,1712603671.9281566,857744228.9196231,7.974,1.0883382856128333e-07,8.038,BID
157,1712603700.3379936,857744228.9196231,7.974,0.0,8.038,BID
158,1712603711.270204,857744981.3650708,7.962,-1.0883957226913961e-07,8.038,ASK
159,1712603730.2807536,857744981.3650708,7.962,-0.0,8.038,ASK
160,1712603740.7680306,857745733.9048927,7.973,1.088531289558149e-07,8.038,BID
161,1712603760.4383223,857745733.9048927,7.973,0.0,8.038,BID
162,1712603790.450073,857745733.9048927,7.973,0.0,8.038,BID
163,1712603820.2918105,857745733.9048927,7.973,0.0,8.038,BID
164,1712603822.4787686,857746486.4447145,7.962,-1.0885303448379052e-07,8.038,ASK
165,1712603844.988658,857747238.9845364,7.973,1.0885303448379052e-07,8.038,BID
166,1712603850.311062,857747238.9845364,7.973,0.0,8.038,BID
167,1712603880.458455,857747238.9845364,7.973,0.0,8.038,BID
168,1712603910.453347,857747238.9845364,7.973,0.0,8.038,BID
169,1712603917.3787525,857747991.5243584,7.962,-1.0885284568781537e-07,8.038,ASK
170,1712603937.3489337,857781155.7324061,7.962,-4.797112811213574e-06,8.038,ASK
171,1712603940.2705266,857781155.7324061,7.962,-0.0,8.038,ASK
172,1712603948.048952,857781909.3119088,7.962,1.08998975044584e-07,8.038,BID
173,1712603970.2794218,857781909.3119088,7.962,0.0,8.038,BID
174,1712603990.1646338,857782662.8914114,7.961,-1.0899888043268053e-07,8.038,ASK
175,1712604000.31461,857782662.8914114,7.961,-0.0,8.038,ASK
176,1712604016.469241,857783416.470914,7.962,1.0900440895882021e-07,8.038,BID
177,1712604030.2919457,857783416.470914,7.962,0.0,8.038,BID
178,1712604057.0004728,857784170.0504167,7.961,-1.090043143719709e-07,8.038,ASK
179,1712604060.4612336,857784170.0504167,7.961,-0.0,8.038,ASK
180,1712604084.1493113,857784923.6299193,7.962,1.090042197626809e-07,8.038,BID
181,1712604090.4625304,857784923.6299193,7.962,0.0,8.038,BID
182,1712604106.6590052,858136589.4197322,7.962,5.086791988835692e-05,8.038,BID
183,1712604120.3093526,858136589.4197322,7.962,0.0,8.038,BID
184,1712604122.6792507,858137342.9992349,7.961,-1.0895999524728145e-07,8.038,ASK
185,1712604150.283182,858137342.9992349,7.961,-0.0,8.038,ASK
186,1712604180.439525,858137342.9992349,7.961,-0.0,8.038,ASK
187,1712604185.0696018,858138096.5787375,7.962,1.0895990071490144e-07,8.038,BID
188,1712604210.4731357,858138096.5787375,7.962,0.0,8.038,BID
189,1712604218.6893468,858138850.1582402,7.961,-1.0895980620528605e-07,8.038,ASK
190,1712604240.2825215,858138850.1582402,7.961,-0.0,8.038,ASK
191,1712604248.3592873,858139603.7377428,7.962,1.08959711673234e-07,8.038,BID
192,1712604270.293598,858139603.7377428,7.962,0.0,8.038,BID
193,1712604284.3994515,858140357.3172454,7.961,-1.0895961714671017e-07,8.038,ASK
194,1712604300.4597092,858140357.3172454,7.961,-0.0,8.038,ASK
195,1712604317.3595154,858141110.8967481,7.962,1.089595226494589e-07,8.038,BID
196,1712604330.4398065,858141110.8967481,7.962,0.0,8.038,BID
197,1712604355.850144,858141864.4762506,7.961,-1.089594281060267e-07,8.038,ASK
198,1712604360.319764,858141864.4762506,7.961,-0.0,8.038,ASK
199,1712604386.6053164,858142618.0557534,7.962,1.0895933360910337e-07,8.038,BID
200,1712604390.3000455,858142618.0557534,7.962,0.0,8.038,BID
201,1712604399.899789,858172944.1075664,7.961,-4.384810783861887e-06,8.038,ASK
202,1712604420.3048627,858172944.1075664,7.961,-0.0,8.038,ASK
203,1712604424.3102157,858173697.6870689,7.961,-1.089554357064534e-07,8.038,ASK
204,1712604450.29016,858173697.6870689,7.961,-0.0,8.038,ASK
205,1712604456.742625,858174451.2665715,7.962,1.0895534119921982e-07,8.038,BID
206,1712604480.454063,858174451.2665715,7.962,0.0,8.038,BID
207,1712604497.3902266,858201624.9509718,7.961,-3.92886945160055e-06,8.038,ASK
208,1712604497.393484,858201744.7132033,7.961,-1.7315656049539338e-08,8.038,ASK
209,1712604510.4403183,858201744.7132033,7.961,-0.0,8.038,ASK
210,1712604530.6299584,858202498.2927059,7.961,-1.089518238955782e-07,8.038,ASK
211,1712604540.3040764,858202498.2927059,7.961,-0.0,8.038,ASK
212,1712604556.430266,858203251.8722085,7.962,1.0895172939461025e-07,8.038,BID
213,1712604568.690174,858222566.4208981,7.962,2.7924770710947223e-06,8.038,BID
214,1712604570.2981718,858222566.4208981,7.962,0.0,8.038,BID
215,1712604597.1262288,858223320.0004008,7.961,-1.089492125568991e-07,8.038,ASK
216,1712604600.3905053,858223320.0004008,7.961,-0.0,8.038,ASK
217,1712604608.3405287,858248038.0360702,7.962,3.5736626082428974e-06,8.038,BID
218,1712604609.4101305,858281632.1079115,7.962,4.856934426470773e-06,8.038,BID
219,1712604610.270054,858307246.4406114,7.962,3.703246658789185e-06,8.038,BID
220,1712604612.33986,858558439.6081573,7.962,3.631678675075916e-05,8.038,BID
221,1712604613.6601975,858618303.7064141,7.962,8.654979399558179e-06,8.038,BID
222,1712604613.7605672,858731796.0593596,7.962,1.6408398445026592e-05,8.038,BID
223,1712604613.8400517,858896656.1736997,7.962,2.383500186207865e-05,8.038,BID
224,1712604613.9401295,859032129.8752239,7.962,1.958639869330375e-05,8.038,BID
225,1712604621.6706283,859041574.3791608,7.962,1.3654592550966905e-06,8.038,BID
226,1712604621.689837,859097571.3280609,7.962,8.095878051804492e-06,8.038,BID
227,1712604624.8603308,859098324.9075634,7.962,1.089503602442977e-07,8.038,BID
228,1712604627.8307152,859129717.9075634,7.962,4.538709781022165e-06,8.038,BID
229,1712604630.2900963,859129717.9075634,7.962,0.0,8.038,BID
230,1712604631.200259,859196989.9895641,7.962,9.715867115590218e-06,8.038,BID
231,1712604631.2100482,859281983.2083014,7.962,1.2275267754772212e-05,8.038,BID
232,1712604631.219976,859281983.208302,7.962,8.608486475925856e-17,8.038,BID
233,1712604631.340145,859307481.1739235,7.961,-3.682580326469541e-06,8.038,ASK
234,1712604660.4615915,859307481.1739235,7.961,-0.0,8.038,ASK
235,1712604690.4504054,859307481.1739235,7.961,-0.0,8.038,ASK
236,1712604720.2905369,859307481.1739235,7.961,-0.0,8.038,ASK
237,1712604733.9903712,859308234.7534261,7.961,-1.0881455975233736e-07,8.038,ASK
238,1712604750.3205633,859308234.7534261,7.961,-0.0,8.038,ASK
239,1712604763.220395,859308986.8216136,7.978,1.085962364305192e-07,8.038,BID
240,1712604780.3502915,859308986.8216136,7.978,0.0,8.038,BID
241,1712604804.4376297,859309738.8898011,7.973,-1.0859614236212277e-07,8.038,ASK
242,1712604810.3058643,859309738.8898011,7.973,-0.0,8.038,ASK
243,1712604832.9309149,859310490.8637327,7.979,1.0858243808856865e-07,8.038,BID
244,1712604840.4504955,859310490.8637327,7.979,0.0,8.038,BID
245,1712604868.0403967,859311242.8376642,7.973,-1.0858234401507633e-07,8.038,ASK
246,1712604870.444018,859311242.8376642,7.973,-0.0,8.038,ASK
247,1712604889.760742,859316841.9773451,7.973,-8.084950277841213e-07,8.038,ASK
248,1712604889.770837,859363272.1556451,7.973,-6.7043457449371685e-06,8.038,ASK
249,1712604889.7743306,859452784.2034619,7.973,-1.292520810544819e-05,8.038,ASK
250,1712604895.850574,859453536.1773934,7.979,1.0858225001248765e-07,8.038,BID
251,1712604900.2945597,859453536.1773934,7.979,0.0,8.038,BID
252,1712604930.2909756,859453536.1773934,7.979,0.0,8.038,BID
253,1712604939.4905818,859454288.1513251,7.973,-1.0856446511394385e-07,8.038,ASK
254,1712604960.4450493,859454288.1513251,7.973,-0.0,8.038,ASK
255,1712604964.9907062,859455040.1252567,7.979,1.0856437112509857e-07,8.038,BID
256,1712604990.4511058,859455040.1252567,7.979,0.0,8.038,BID
257,1712605020.378938,859455040.1252567,7.979,0.0,8.038,BID
258,1712605040.000909,859455792.0991882,7.973,-1.0856427708290928e-07,8.038,ASK
259,1712605050.30599,859455792.0991882,7.973,-0.0,8.038,ASK
260,1712605067.2711508,859456544.0731198,7.979,1.0856418311160001e-07,8.038,BID
261,1712605080.4409254,859456544.0731198,7.979,0.0,8.038,BID
262,1712605110.4556105,859456544.0731198,7.979,0.0,8.038,BID
263,1712605110.9956212,859457296.0470513,7.973,-1.0856408906973644e-07,8.038,ASK
264,1712605140.2845333,859457296.0470513,7.973,-0.0,8.038,ASK
265,1712605144.3710806,859458048.0209829,7.979,1.0856399509875265e-07,8.038,BID
266,1712605170.2775223,859458048.0209829,7.979,0.0,8.038,BID
267,1712605183.5907388,859458799.9949144,7.973,-1.085639010572148e-07,8.038,ASK
268,1712605200.3413053,859458799.9949144,7.973,-0.0,8.038,ASK
269,1712605218.9796934,859459551.9688461,7.979,1.0857348591842169e-07,8.038,BID
270,1712605230.2960715,859459551.9688461,7.979,0.0,8.038,BID
271,1712605260.4466326,859459551.9688461,7.979,0.0,8.038,BID
272,1712605261.6511636,859460303.9427776,7.973,-1.0857339184322869e-07,8.038,ASK
273,1712605290.4409556,859460303.9427776,7.973,-0.0,8.038,ASK
274,1712605293.1812348,859461055.9167092,7.979,1.085732978561396e-07,8.038,BID
275,1712605320.2857044,859461055.9167092,7.979,0.0,8.038,BID
276,1712605334.1615758,859461618.0316346,7.973,-8.116055064045257e-08,8.038,ASK
277,1712605334.1659796,859461807.8906407,7.962,-2.7412653158031818e-08,8.038,ASK
278,1712605350.3035772,859461807.8906407,7.962,-0.0,8.038,ASK
279,1712605363.2311835,859462559.8645723,7.979,1.0857310984445993e-07,8.038,BID
280,1712605380.4413822,859462559.8645723,7.979,0.0,8.038,BID
281,1712605405.3316216,859463311.8385038,7.963,-1.0857301578713046e-07,8.038,ASK
282,1712605410.451244,859463311.8385038,7.963,-0.0,8.038,ASK
283,1712605434.9330778,859464063.8124355,7.979,1.0857292193578517e-07,8.038,BID
284,1712605440.2858908,859464063.8124355,7.979,0.0,8.038,BID
285,1712605470.2874067,859464063.8124355,7.979,0.0,8.038,BID
286,1712605500.3083453,859464063.8124355,7.979,0.0,8.038,BID
287,1712605530.311641,859464063.8124355,7.979,0.0,8.038,BID
288,1712605557.5912588,859464815.786367,7.963,-1.085728278615694e-07,8.038,ASK
289,1712605560.446893,859464815.786367,7.963,-0.0,8.038,ASK
290,1712605584.511412,859465567.7602986,7.979,1.0857273399333716e-07,8.038,BID
291,1712605590.4516056,859465567.7602986,7.979,0.0,8.038,BID
292,1712605620.2951932,859465567.7602986,7.979,0.0,8.038,BID
293,1712605622.561617,859466319.7342302,7.963,-1.085726399366589e-07,8.038,ASK
294,1712605639.0214794,859467573.0241162,7.979,1.809543999059061e-07,8.038,BID
295,1712605650.2942405,859467573.0241162,7.979,0.0,8.038,BID
296,1712605653.8316157,859468324.9980477,7.979,1.0857238930825437e-07,8.038,BID
297,1712605680.4631207,859468324.9980477,7.979,0.0,8.038,BID
298,1712605693.5516822,859469076.9719793,7.963,-1.0857229525217333e-07,8.038,ASK
299,1712605710.4617336,859469076.9719793,7.963,-0.0,8.038,ASK
300,1712605724.521679,859469828.9459108,7.979,1.08572201384862e-07,8.038,BID
301,1712605740.30167,859469828.9459108,7.979,0.0,8.038,BID
302,1712605760.2722044,859470580.9198424,7.963,-1.0857210732910654e-07,8.038,ASK
303,1712605770.2964742,859470580.9198424,7.963,-0.0,8.038,ASK
304,1712605781.822145,859470580.9198428,7.987,6.884702805174172e-17,8.038,BID
305,1712605781.8267417,859485515.3807948,7.99,2.1562775350170626e-06,8.038,BID
306,1712605781.8317924,859575238.4037299,7.979,1.2954450739915088e-05,8.038,BID
307,1712605781.8356252,859588360.0413103,7.987,1.894537233605016e-06,8.038,BID
308,1712605781.8373787,859589057.6427168,7.989,1.0072156243051337e-07,8.038,BID
309,1712605791.00171,859589808.6753867,7.989,1.0843611158021569e-07,8.038,BID
310,1712605800.32665,859589808.6753867,7.989,0.0,8.038,BID
311,1712605815.9732995,859596066.4976646,7.991,9.034591610586984e-07,8.038,BID
312,1712605815.9772954,859651071.8718847,7.989,7.941278457541848e-06,8.038,BID
313,1712605815.9800768,859708037.6843654,7.991,8.224312367348248e-06,8.038,BID
314,1712605825.6918032,859708788.7170353,7.963,-1.084286698702017e-07,8.038,ASK
315,1712605830.308685,859708788.7170353,7.963,-0.0,8.038,ASK
316,1712605854.521877,859709539.6557087,7.99,1.0840022180036285e-07,8.038,BID
317,1712605860.441781,859709539.6557087,7.99,0.0,8.038,BID
318,1712605890.4618423,859709539.6557087,7.99,0.0,8.038,BID
319,1712605920.302069,859709539.6557087,7.99,0.0,8.038,BID
320,1712605925.7120657,859710290.5943819,7.963,-1.0840012789587733e-07,8.038,ASK
321,1712605950.3362956,859710290.5943819,7.963,-0.0,8.038,ASK
322,1712605954.5521166,859711042.5683135,7.979,1.0854947666867249e-07,8.038,BID
323,1712605980.4454365,859711042.5683135,7.979,0.0,8.038,BID
324,1712605992.2220085,859711794.5422451,7.964,-1.0854938266949377e-07,8.038,ASK
325,1712606010.4422066,859711794.5422451,7.964,-0.0,8.038,ASK
326,1712606020.9620376,859712546.5161767,7.979,1.0854928881280586e-07,8.038,BID
327,1712606040.3063912,859712546.5161767,7.979,0.0,8.038,BID
328,1712606070.275956,859712546.5161767,7.979,0.0,8.038,BID
329,1712606088.546105,859713298.4901083,7.965,-1.085491947967443e-07,8.038,ASK
330,1712606100.3098168,859713298.4901083,7.965,-0.0,8.038,ASK
331,1712606117.002133,859714050.4640398,7.979,1.0854910094580637e-07,8.038,BID
332,1712606130.302104,859714050.4640398,7.979,0.0,8.038,BID
333,1712606160.45587,859714050.4640398,7.979,0.0,8.038,BID
334,1712606190.447229,859714050.4640398,7.979,0.0,8.038,BID
335,1712606216.3525164,859714802.4379714,7.97,-1.0854900693007032e-07,8.038,ASK
336,1712606220.29801,859714802.4379714,7.97,-0.0,8.038,ASK
337,1712606245.154162,859715554.4119029,7.979,1.0854891302054293e-07,8.038,BID
338,1712606250.2979407,859715554.4119029,7.979,0.0,8.038,BID
339,1712606280.4524915,859715554.4119029,7.979,0.0,8.038,BID
340,1712606310.4725747,859715554.4119029,7.979,0.0,8.038,BID
341,1712606315.32218,859716306.3858346,7.97,-1.0854881902234049e-07,8.038,ASK
342,1712606340.2909691,859716306.3858346,7.97,-0.0,8.038,ASK
343,1712606343.0225718,859717058.3597661,7.979,1.0854872509593017e-07,8.038,BID
344,1712606363.514074,859776963.7771237,7.979,8.647449609178815e-06,8.038,BID
345,1712606370.29712,859776963.7771237,7.979,0.0,8.038,BID
346,1712606386.6723316,859777715.7510552,7.979,-1.0854114196557138e-07,8.038,ASK
347,1712606400.4087386,859777715.7510552,7.979,-0.0,8.038,ASK
348,1712606430.3026872,859777715.7510552,7.979,-0.0,8.038,ASK
349,1712606460.4528265,859777715.7510552,7.979,-0.0,8.038,ASK
350,1712606475.152594,859778466.6897286,7.99,1.0839264742023805e-07,8.038,BID
351,1712606490.4462044,859778466.6897286,7.99,0.0,8.038,BID
352,1712606511.3828611,859779217.6284019,7.979,-1.0839255352887389e-07,8.038,ASK
353,1712606520.3231635,859779217.6284019,7.979,-0.0,8.038,ASK
354,1712606540.822793,859779968.4731022,7.991,1.0837889548590877e-07,8.038,BID
355,1712606550.3228576,859779968.4731022,7.991,0.0,8.038,BID
356,1712606576.622683,859780719.3178024,7.979,-1.0837880160661708e-07,8.038,ASK
357,1712606580.3149834,859780719.3178024,7.979,-0.0,8.038,ASK
358,1712606582.613053,859784366.5190024,7.979,-5.26445686227151e-07,8.038,ASK
359,1712606591.6226556,859863212.7686242,7.979,-1.138085499326534e-05,8.038,ASK
360,1712606605.5027125,859863963.6133244,7.991,1.0837870788564628e-07,8.038,BID
361,1712606610.29279,859863963.6133244,7.991,0.0,8.038,BID
362,1712606639.8580084,859864714.4580247,7.979,-1.0836831815468012e-07,8.038,ASK
363,1712606640.449628,859864714.4580247,7.979,-0.0,8.038,ASK
364,1712606670.4378412,859864714.4580247,7.979,-0.0,8.038,ASK
365,1712606670.531078,859865465.302725,7.991,1.083682244346344e-07,8.038,BID
366,1712606700.2831626,859865465.302725,7.991,0.0,8.038,BID
367,1712606710.9588332,859870771.4109119,7.991,7.658248364926438e-07,8.038,BID
368,1712606710.965875,859903007.5377394,7.992,4.652605202713116e-06,8.038,BID
369,1712606730.2889917,859903007.5377394,7.992,0.0,8.038,BID
370,1712606744.5987456,859903758.3824396,7.981,-1.0836390825603254e-07,8.038,ASK
371,1712606760.4591162,859903758.3824396,7.981,-0.0,8.038,ASK
372,1712606770.119558,859904509.1331904,7.992,1.083502555159008e-07,8.038,BID
373,1712606790.447921,859904509.1331904,7.992,0.0,8.038,BID
374,1712606809.1871872,859905259.8839412,7.982,-1.0835016169167729e-07,8.038,ASK
375,1712606820.2745905,859905259.8839412,7.982,-0.0,8.038,ASK
376,1712606850.2868187,859905259.8839412,7.982,-0.0,8.038,ASK
377,1712606867.38597,859906010.634692,7.992,1.0835006798501365e-07,8.038,BID
378,1712606880.425809,859906010.634692,7.992,0.0,8.038,BID
379,1712606894.205488,859909112.4770172,7.992,4.47664601652669e-07,8.038,BID
380,1712606906.6653,859909213.1922784,7.982,-1.4535444606054332e-08,8.038,ASK
381,1712606906.6689703,859909863.227768,7.992,-9.381452955506065e-08,8.038,ASK
382,1712606910.4549828,859909863.227768,7.992,-0.0,8.038,ASK
383,1712606934.445007,859910613.7906902,7.994,1.083223850063254e-07,8.038,BID
384,1712606940.2973058,859910613.7906902,7.994,0.0,8.038,BID
385,1712606952.2852154,859912863.227768,7.994,3.2464190671957546e-07,8.038,BID
386,1712606952.2902625,860027275.510977,7.998,1.6512140810852674e-05,8.038,BID
387,1712606952.2948575,860039775.510977,8.0,1.804017491360299e-06,8.038,BID
388,1712606952.2975817,860061532.2126766,8.0,3.139957633633036e-06,8.038,BID
389,1712606952.2996128,860161532.2126766,7.995,1.4432139930882392e-05,8.038,BID
390,1712606952.3016367,860245978.2798926,8.0,1.2187374586728505e-05,8.038,BID
391,1712606952.303693,860445978.2798926,7.996,2.8864279861764785e-05,8.038,BID
392,1712606952.3057363,860528333.2036991,8.0,1.18855778437326e-05,8.038,BID
393,1712606952.3843925,860658905.26995,8.0,-1.884434331197728e-05,8.038,ASK
394,1712606952.3884175,860658905.2699505,8.0,-6.881780591431803e-17,8.038,ASK
395,1712606968.6443217,860659655.8328727,7.994,-1.083222912068963e-07,8.038,ASK
396,1712606970.2841074,860659655.8328727,7.994,-0.0,8.038,ASK
397,1712606998.5535223,860660405.6454196,8.002,1.081205150778158e-07,8.038,BID
398,1712607000.377273,860660405.6454196,8.002,0.0,8.038,BID
399,1712607030.2840004,860660405.6454196,8.002,0.0,8.038,BID
400,1712607041.062692,860661155.4579664,7.994,-1.081204215341504e-07,8.038,ASK
401,1712607058.7826002,860663638.5871841,8.002,3.580587959770709e-07,8.038,BID
402,1712607060.4425838,860663638.5871841,8.002,0.0,8.038,BID
403,1712607065.5667028,860664388.3997309,8.002,1.081200183004194e-07,8.038,BID
404,1712607090.435451,860664388.3997309,8.002,0.0,8.038,BID
405,1712607104.3717177,860665138.2122778,7.994,-1.081199247576136e-07,8.038,ASK
406,1712607120.281785,860665138.2122778,7.994,-0.0,8.038,ASK
407,1712607130.7513468,860665888.0248247,8.002,1.0811983132567833e-07,8.038,BID
408,1712607150.3011775,860665888.0248247,8.002,0.0,8.038,BID
409,1712607180.4445114,860665888.0248247,8.002,0.0,8.038,BID
410,1712607203.1210997,860817399.0744158,7.994,-2.184724037931012e-05,8.038,ASK
411,1712607203.3408065,860818148.8869627,7.994,-1.081197377660066e-07,8.038,ASK
412,1712607210.4404109,860818148.8869627,7.994,-0.0,8.038,ASK
413,1712607229.770559,860818898.6995095,8.002,1.0810076487657957e-07,8.038,BID
414,1712607240.2801778,860818898.6995095,8.002,0.0,8.038,BID
415,1712607265.3698285,860819648.5120564,7.994,-1.0810067136708597e-07,8.038,ASK
416,1712607270.296496,860819648.5120564,7.994,-0.0,8.038,ASK
417,1712607296.9275548,860820398.3246032,8.002,1.0810057795124e-07,8.038,BID
418,1712607300.295858,860820398.3246032,8.002,0.0,8.038,BID
419,1712607316.2096517,860822925.1928861,8.002,3.642992126706698e-07,8.038,BID
420,1712607330.2830856,860822925.1928861,8.002,0.0,8.038,BID
421,1712607331.862091,860824503.6457157,8.003,2.275652635610869e-07,8.038,BID
422,1712607331.870382,860839325.8891068,8.002,2.136920192099755e-06,8.038,BID
423,1712607331.8735862,860856821.2922409,8.004,2.522309156575268e-06,8.038,BID
424,1712607331.8769577,860981743.2160385,8.005,1.80099715243158e-05,8.038,BID
425,1712607331.8802595,861024048.9760171,8.006,6.099213887904073e-06,8.038,BID
426,1712607331.8831666,861101123.4304479,8.003,1.1111810380059196e-05,8.038,BID
427,1712607331.884997,861175184.286555,8.007,1.0677340445994244e-05,8.038,BID
428,1712607331.8868415,861197700.1925473,8.003,3.2461141602488835e-06,8.038,BID
429,1712607332.039211,861198450.0050942,7.995,-1.0810034145174084e-07,8.038,ASK
430,1712607360.4453866,861198450.0050942,7.995,-0.0,8.038,ASK
431,1712607361.2689254,861199199.3494178,8.007,1.0798603948173237e-07,8.038,BID
432,1712607369.6391344,861202946.0710365,8.007,5.399301974773775e-07,8.038,BID
433,1712607390.4488852,861202946.0710365,8.007,0.0,8.038,BID
434,1712607397.9484804,861203695.4153601,7.995,-1.0798547926761054e-07,8.038,ASK
435,1712607420.278522,861203695.4153601,7.995,-0.0,8.038,ASK
436,1712607427.018288,861204444.7596838,8.007,1.079853860562643e-07,8.038,BID
437,1712607439.3783946,861206005.8936915,8.007,2.2496955426527365e-07,8.038,BID
438,1712607450.2837684,861206005.8936915,8.007,0.0,8.038,BID
439,1712607463.498417,861206755.2380153,7.994,-1.0798509817120977e-07,8.038,ASK
440,1712607480.447745,861206755.2380153,7.994,-0.0,8.038,ASK
441,1712607492.5775137,861207504.6759368,8.006,1.0799849295418957e-07,8.038,BID
442,1712607501.4278014,861208305.1924505,8.006,1.153592240025648e-07,8.038,BID
443,1712607510.431317,861208305.1924505,8.006,0.0,8.038,BID
444,1712607527.987302,861209054.630372,7.994,-1.0799829983142657e-07,8.038,ASK
445,1712607540.292667,861209054.630372,7.994,-0.0,8.038,ASK
446,1712607557.5071335,861209804.0682936,8.006,1.0799820659242669e-07,8.038,BID
447,1712607570.3075054,861209804.0682936,8.006,0.0,8.038,BID
448,1712607573.6475787,861212335.9194052,8.006,3.6485362582135473e-07,8.038,BID
449,1712607590.6672692,861213085.3573267,7.994,-1.0799811321362476e-07,8.038,ASK
450,1712607600.3073485,861213085.3573267,7.994,-0.0,8.038,ASK
451,1712607622.3270683,861213834.7952484,8.006,1.0800141271783293e-07,8.038,BID
452,1712607630.2599976,861213834.7952484,8.006,0.0,8.038,BID
453,1712607660.313982,861213834.7952484,8.006,0.0,8.038,BID
454,1712607689.5260904,861214584.2331699,7.994,-1.080013193163075e-07,8.038,ASK
455,1712607690.286296,861214584.2331699,7.994,-0.0,8.038,ASK
456,1712607719.4661007,861215333.6710914,8.006,1.0800122607209389e-07,8.038,BID
457,1712607720.4361742,861215333.6710914,8.006,0.0,8.038,BID
458,1712607748.606099,861217831.7974967,8.006,3.600037756498068e-07,8.038,BID
459,1712607750.4418256,861217831.7974967,8.006,0.0,8.038,BID
460,1712607754.5657694,861218581.2354182,7.994,-1.0800082140915829e-07,8.038,ASK
461,1712607780.2772863,861218581.2354182,7.994,-0.0,8.038,ASK
462,1712607786.9254704,861219330.6733397,8.006,1.0800072816580448e-07,8.038,BID
463,1712607810.294937,861219330.6733397,8.006,0.0,8.038,BID
464,1712607819.9554143,861220080.1112612,7.994,-1.08000634782642e-07,8.038,ASK
465,1712607831.0953448,861222601.9698673,8.006,3.634221360683282e-07,8.038,BID
466,1712607840.4252594,861222601.9698673,8.006,0.0,8.038,BID
467,1712607850.215282,861223351.4077889,8.006,1.0800022730699725e-07,8.038,BID
468,1712607870.4307382,861223351.4077889,8.006,0.0,8.038,BID
469,1712607886.4349957,861224100.8457104,7.994,-1.0800013392470089e-07,8.038,ASK
470,1712607900.312919,861224100.8457104,7.994,-0.0,8.038,ASK
471,1712607913.143516,861224850.2836319,8.006,1.080202750407156e-07,8.038,BID
472,1712607930.298849,861224850.2836319,8.006,0.0,8.038,BID
473,1712607960.421603,861224850.2836319,8.006,0.0,8.038,BID
474,1712607990.4356403,861224850.2836319,8.006,0.0,8.038,BID
475,1712608015.628411,861225599.7215536,7.994,-1.0802018164092977e-07,8.038,ASK
476,1712608020.2951562,861225599.7215536,7.994,-0.0,8.038,ASK
477,1712608043.504198,861226349.1594751,8.006,1.0802008834696114e-07,8.038,BID
478,1712608050.2927902,861226349.1594751,8.006,0.0,8.038,BID
479,1712608079.2839909,861227098.5973966,7.994,-1.08019994930316e-07,8.038,ASK
480,1712608080.4386594,861227098.5973966,7.994,-0.0,8.038,ASK
481,1712608108.6138,861227848.0353181,8.006,1.0801990165385204e-07,8.038,BID
482,1712608110.439133,861227848.0353181,8.006,0.0,8.038,BID
483,1712608129.5307198,861230369.3826884,8.006,3.634129680582126e-07,8.038,BID
484,1712608140.2883537,861230369.3826884,8.006,0.0,8.038,BID
485,1712608157.844736,861330369.3826884,8.006,1.4413401144266797e-05,8.038,BID
486,1712608170.2832155,861330369.3826884,8.006,0.0,8.038,BID
487,1712608179.8135197,861331118.82061,7.994,-1.08007030643934e-07,8.038,ASK
488,1712608200.535576,861331118.82061,7.994,-0.0,8.038,ASK
489,1712608207.9135697,861331658.8276141,8.006,7.78292787231479e-08,8.038,BID
490,1712608207.9186933,861331868.2323756,8.007,3.0180759566899984e-08,8.038,BID
491,1712608230.443252,861331868.2323756,8.007,0.0,8.038,BID
492,1712608260.302839,861331868.2323756,8.007,0.0,8.038,BID
493,1712608276.002863,861332617.6441412,7.995,-1.0800994488752485e-07,8.038,ASK
494,1712608290.2940502,861332617.6441412,7.995,-0.0,8.038,ASK
495,1712608303.6128616,861333367.0820627,8.006,1.080136213735935e-07,8.038,BID
496,1712608320.4329736,861333367.0820627,8.006,0.0,8.038,BID
497,1712608338.6734378,861334116.5199842,7.995,-1.0801352796813339e-07,8.038,ASK
498,1712608341.9026625,861344634.5483295,8.006,1.5159218878682895e-06,8.038,BID
499,1712608350.4328673,861344634.5483295,8.006,0.0,8.038,BID
500,1712608369.662405,861345383.9862511,8.006,1.0801212382351493e-07,8.038,BID
501,1712608380.293137,861345383.9862511,8.006,0.0,8.038,BID
502,1712608380.7525716,861470290.3065109,8.006,1.8002005068080126e-05,8.038,BID
503,1712608407.5025434,861471039.7444324,7.995,-1.0801203040346393e-07,8.038,ASK
504,1712608410.289533,861471039.7444324,7.995,-0.0,8.038,ASK
505,1712608440.3033905,861471039.7444324,7.995,-0.0,8.038,ASK
506,1712608448.4623897,861473637.7958938,8.006,3.743874238693568e-07,8.038,BID
507,1712608470.298968,861473637.7958938,8.006,0.0,8.038,BID
508,1712608472.4221714,861474387.2338154,8.006,1.079960485833792e-07,8.038,BID
509,1712608500.312295,861474387.2338154,8.006,0.0,8.038,BID
510,1712608501.0021095,861475100.8415381,8.006,1.028406173331852e-07,8.038,BID
511,1712608510.6724222,861475850.2794597,7.995,-1.08004238280321e-07,8.038,ASK
512,1712608530.293115,861475850.2794597,7.995,-0.0,8.038,ASK
513,1712608539.6520574,861476599.7173812,8.006,1.0800405607802573e-07,8.038,BID
514,1712608560.237029,861482847.3745098,8.003,9.003711868468153e-07,8.038,BID
515,1712608560.4391742,861482847.3745098,8.003,0.0,8.038,BID
516,1712608579.39202,861483596.8124313,7.996,-1.0800318445440928e-07,8.038,ASK
517,1712608590.4216688,861483596.8124313,7.996,-0.0,8.038,ASK
518,1712608605.4018097,861484346.5312867,8.003,1.0804357715866626e-07,8.038,BID
519,1712608620.2755082,861484346.5312867,8.003,0.0,8.038,BID
520,1712608646.1519368,861485096.2501422,7.996,-1.0804348375358977e-07,8.038,ASK
521,1712608650.27223,861485096.2501422,7.996,-0.0,8.038,ASK
522,1712608651.321513,861538644.6088951,7.996,-7.716954413344997e-06,8.038,ASK
523,1712608662.6015835,861604261.4302175,8.003,9.456163189445334e-06,8.038,BID
524,1712608662.7414289,861724204.8339055,8.003,-1.7285268867221267e-05,8.038,ASK
525,1712608662.7513196,861724204.8339057,8.003,-3.435894860406783e-17,8.038,ASK
526,1712608662.8615403,861756285.8419251,7.996,-4.623254235725183e-06,8.038,ASK
527,1712608662.8714588,861756333.8491575,7.996,-6.918412288686563e-09,8.038,ASK
528,1712608662.8752007,861757597.1387134,7.995,-1.820550272845259e-07,8.038,ASK
529,1712608662.9414132,861828808.9658444,7.994,-1.026246997032325e-05,8.038,ASK
530,1712608663.0215597,861828808.9658453,7.994,-1.3743579441627132e-16,8.038,ASK
531,1712608673.981841,861829522.5735681,7.996,1.0283934734510025e-07,8.038,BID
532,1712608673.9877703,861829559.295108,8.006,5.2920099821701345e-09,8.038,BID
533,1712608680.4563875,861829559.295108,8.006,0.0,8.038,BID
534,1712608710.432176,861829559.295108,8.006,0.0,8.038,BID
535,1712608717.15188,861832133.329845,8.003,3.7080172920745323e-07,8.038,BID
536,1712608718.1222026,861832883.6591077,7.983,-1.080884356758006e-07,8.038,ASK
537,1712608740.2864263,861832883.6591077,7.983,-0.0,8.038,ASK
538,1712608744.9326825,861833633.3779631,8.003,1.080000899618505e-07,8.038,BID
539,1712608770.2627263,861833633.3779631,8.003,0.0,8.038,BID
540,1712608781.6628103,861834383.0968186,7.983,-1.0799999663195625e-07,8.038,ASK
541,1712608800.3324158,861834383.0968186,7.983,-0.0,8.038,ASK
542,1712608830.2703805,861834383.0968186,7.983,-0.0,8.038,ASK
543,1712608840.773043,861835132.9093654,8.002,1.080201108551866e-07,8.038,BID
544,1712608860.4366271,861835132.9093654,8.002,0.0,8.038,BID
545,1712608877.6141906,861835882.7219123,7.983,-1.080200174851758e-07,8.038,ASK
546,1712608890.4217389,861835882.7219123,7.983,-0.0,8.038,ASK
547,1712608910.6607406,861836632.5344591,8.002,1.0801992433702424e-07,8.038,BID
548,1712608915.990696,861838953.9871813,8.0,-3.344344509262447e-07,8.038,ASK
549,1712608920.3034384,861838953.9871813,8.0,-0.0,8.038,ASK
550,1712608944.3245182,861839703.7997282,8.0,-1.0801954196393605e-07,8.038,ASK
551,1712608950.289673,861839703.7997282,8.0,-0.0,8.038,ASK
552,1712608974.7439723,861840453.612275,8.002,1.0801944861824513e-07,8.038,BID
553,1712608980.433834,861840453.612275,8.002,0.0,8.038,BID
554,1712609000.934635,861843453.7997282,8.0,-4.322124452016894e-07,8.038,ASK
555,1712609000.9406753,861868453.799728,8.0,-3.601545336323284e-06,8.038,ASK
556,1712609001.0042586,861868453.7997282,8.0,-1.7173506433203017e-17,8.038,ASK
557,1712609010.439803,861868453.7997282,8.0,-0.0,8.038,ASK
558,1712609040.297108,861868453.7997282,8.0,-0.0,8.038,ASK
559,1712609047.3543687,861869203.612275,7.984,-1.0801586957054393e-07,8.038,ASK
560,1712609070.3040743,861869203.612275,7.984,-0.0,8.038,ASK
561,1712609073.1997633,861869953.3311305,8.003,1.0800227951941825e-07,8.038,BID
562,1712609100.314844,861869953.3311305,8.003,0.0,8.038,BID
563,1712609113.78238,861870703.0499859,7.984,-1.0800218615139344e-07,8.038,ASK
564,1712609130.2945316,861870703.0499859,7.984,-0.0,8.038,ASK
565,1712609141.154834,861871452.7688413,8.003,1.0800209302232761e-07,8.038,BID
566,1712609160.3231657,861871452.7688413,8.003,0.0,8.038,BID
567,1712609190.2868023,861871452.7688413,8.003,0.0,8.038,BID
568,1712609209.9650297,861872202.4876968,7.984,-1.0800199968897105e-07,8.038,ASK
569,1712609220.441306,861872202.4876968,7.984,-0.0,8.038,ASK
570,1712609240.935483,861872952.3002436,8.002,1.0801540341207885e-07,8.038,BID
571,1712609250.4349897,861872952.3002436,8.002,0.0,8.038,BID
572,1712609271.6578052,861873702.1127905,7.984,-1.0801531005020588e-07,8.038,ASK
573,1712609280.2828245,861873702.1127905,7.984,-0.0,8.038,ASK
574,1712609305.236467,861874451.9253373,8.002,1.0801521689850549e-07,8.038,BID
575,1712609310.2901433,861874451.9253373,8.002,0.0,8.038,BID
576,1712609340.4430285,861874451.9253373,8.002,0.0,8.038,BID
577,1712609342.965158,861875201.7378842,7.984,-1.0801512353695496e-07,8.038,ASK
578,1712609346.4754248,861927209.2694229,7.984,-7.4920057921314894e-06,8.038,ASK
579,1712609346.484939,862000782.5491362,7.984,-1.0598684872161618e-05,8.038,ASK
580,1712609363.6053765,862094101.6166172,7.984,-1.3443187426876472e-05,8.038,ASK
581,1712609363.6104958,862529739.3295431,7.984,-6.27563003270326e-05,8.038,ASK
582,1712609370.4283297,862529739.3295431,7.984,-0.0,8.038,ASK
583,1712609373.7788022,862530490.8325491,7.984,1.0817711419895748e-07,8.038,BID
584,1712609400.323907,862530490.8325491,7.984,0.0,8.038,BID
585,1712609430.2921507,862530490.8325491,7.984,0.0,8.038,BID
586,1712609443.675362,862531242.3355551,7.982,-1.081895547459632e-07,8.038,ASK
587,1712609460.4397242,862531242.3355551,7.982,-0.0,8.038,ASK
588,1712609490.4451597,862531242.3355551,7.982,-0.0,8.038,ASK
589,1712609505.7551808,862531993.9326991,7.983,1.0820301381404717e-07,8.038,BID
590,1712609516.2154634,862533273.3595158,7.982,-1.8419154280373608e-07,8.038,ASK
591,1712609520.2963097,862533273.3595158,7.982,-0.0,8.038,ASK
592,1712609532.195585,863082316.8049501,7.984,7.904236641409078e-05,8.038,BID
593,1712609532.200437,863112480.5209588,7.983,4.342482390043382e-06,8.038,BID
594,1712609532.4353716,863264258.2018888,7.984,2.185048773337256e-05,8.038,BID
595,1712609532.455018,863264258.2018892,7.984,5.148545760626849e-17,8.038,BID
596,1712609543.4616337,863265009.7990332,7.984,-1.0820276126863425e-07,8.038,ASK
597,1712609550.278687,863265009.7990332,7.984,-0.0,8.038,ASK
598,1712609571.0852306,863265759.7052948,8.001,1.0786861165790925e-07,8.038,BID
599,1712609580.427545,863265759.7052948,8.001,0.0,8.038,BID
600,1712609610.4397397,863265759.7052948,8.001,0.0,8.038,BID
601,1712609611.8355527,863266509.6115565,7.984,-1.0786851856125489e-07,8.038,ASK
602,1712609640.260286,863266509.6115565,7.984,-0.0,8.038,ASK
603,1712609670.2855818,863266509.6115565,7.984,-0.0,8.038,ASK
604,1712609674.655284,863267259.5178182,8.001,1.078684256625664e-07,8.038,BID
605,1712609700.425253,863267259.5178182,8.001,0.0,8.038,BID
606,1712609730.447902,863267259.5178182,8.001,0.0,8.038,BID
607,1712609738.3953147,863268009.4240799,7.984,-1.0788058883908064e-07,8.038,ASK
608,1712609740.08545,863280507.8617753,8.001,1.7980098140818566e-06,8.038,BID
609,1712609760.273369,863280507.8617753,8.001,0.0,8.038,BID
610,1712609770.7653897,863281257.768037,8.001,1.0787894398776983e-07,8.038,BID
611,1712609790.2882276,863281257.768037,8.001,0.0,8.038,BID
612,1712609820.440114,863281257.768037,8.001,0.0,8.038,BID
613,1712609844.285342,863282007.6742986,7.985,-1.078788508732798e-07,8.038,ASK
614,1712609850.4355514,863282007.6742986,7.985,-0.0,8.038,ASK
615,1712609870.0153868,863282757.5805603,8.001,1.0787875794515585e-07,8.038,BID
616,1712609880.297836,863282757.5805603,8.001,0.0,8.038,BID
617,1712609907.423147,863283507.4868221,7.985,-1.0787866484813604e-07,8.038,ASK
618,1712609910.2901273,863283507.4868221,7.985,-0.0,8.038,ASK
619,1712609937.9652886,863284257.4868221,8.0,1.078920567296747e-07,8.038,BID
620,1712609939.515354,863284882.4868221,8.0,8.991004727472894e-08,8.038,BID
621,1712609940.3257751,863284882.4868221,8.0,0.0,8.038,BID
622,1712609970.3255231,863284882.4868221,8.0,0.0,8.038,BID
623,1712609976.0751622,863285632.4868221,7.992,-1.0789188599973825e-07,8.038,ASK
624,1712609992.2751908,863286288.3148341,7.992,-9.434469480668828e-08,8.038,ASK
625,1712610000.4387512,863286288.3148341,7.992,-0.0,8.038,ASK
626,1712610005.6359725,863287039.0655849,7.992,1.0811165643643468e-07,8.038,BID
627,1712610030.3044727,863287039.0655849,7.992,0.0,8.038,BID
628,1712610047.045173,863287789.8163356,7.985,-1.081115630078117e-07,8.038,ASK
629,1712610060.4636154,863287789.8163356,7.985,-0.0,8.038,ASK
630,1712610072.8560994,863288540.5670863,7.992,1.0811146969550013e-07,8.038,BID
631,1712610090.4285522,863288540.5670863,7.992,0.0,8.038,BID
632,1712610107.619217,863289291.3178371,7.985,-1.0811137628436653e-07,8.038,ASK
633,1712610118.515308,863307094.0438751,7.985,-2.563670048387588e-06,8.038,ASK
634,1712610120.3150334,863307094.0438751,7.985,-0.0,8.038,ASK
635,1712610137.7159076,863307845.076545,7.989,1.081496665812712e-07,8.038,BID
636,1712610150.2836306,863307845.076545,7.989,0.0,8.038,BID
637,1712610173.254949,863308596.1092149,7.985,-1.0814957313920873e-07,8.038,ASK
638,1712610174.176721,863333498.1450036,7.984,-3.58592195622107e-06,8.038,ASK
639,1712610174.1800578,863408596.1092149,7.985,-1.0814193707634504e-05,8.038,ASK
640,1712610180.434159,863408596.1092149,7.985,-0.0,8.038,ASK
641,1712610201.7150705,863409347.5181066,7.985,1.0819121610819781e-07,8.038,BID
642,1712610210.4351535,863409347.5181066,7.985,0.0,8.038,BID
643,1712610227.9946282,863410347.5181066,7.989,1.439843523804458e-07,8.038,BID
644,1712610236.8952425,863411098.9269983,7.984,-1.0819112264114473e-07,8.038,ASK
645,1712610240.2815032,863411098.9269983,7.984,-0.0,8.038,ASK
646,1712610240.9965444,863507872.649989,7.989,1.3933873768207289e-05,8.038,BID
647,1712610241.0031154,863521570.6381011,7.989,1.972291974863212e-06,8.038,BID
648,1712610265.575093,863522321.670771,7.989,1.081367347953759e-07,8.038,BID
649,1712610270.2692726,863522321.670771,7.989,0.0,8.038,BID
650,1712610277.0268006,863654073.976436,7.989,1.896780548999577e-05,8.038,BID
651,1712610277.0304725,863671696.707071,7.989,2.537067759070388e-06,8.038,BID
652,1712610277.094976,863671696.7070712,7.989,3.4324084203107776e-17,8.038,BID
653,1712610300.4297264,863671696.7070712,7.989,0.0,8.038,BID
654,1712610305.0352445,863672447.7397412,7.989,-1.0812316385603049e-07,8.038,ASK
655,1712610329.9648378,863673198.4904919,7.992,1.0808257705549621e-07,8.038,BID
656,1712610330.4571297,863673198.4904919,7.992,0.0,8.038,BID
657,1712610346.3352523,863733955.6972431,7.992,8.746956469723484e-06,8.038,BID
658,1712610346.340488,863846754.2202613,7.992,1.6239123281777997e-05,8.038,BID
659,1712610360.283317,863846754.2202613,7.992,0.0,8.038,BID
660,1712610368.3153117,863847504.9710121,7.989,-1.0806081182202585e-07,8.038,ASK
661,1712610390.2999475,863847504.9710121,7.989,-0.0,8.038,ASK
662,1712610394.952565,863848255.7217628,7.992,1.0806071851628389e-07,8.038,BID
663,1712610420.424831,863848255.7217628,7.992,0.0,8.038,BID
664,1712610433.3007991,863849006.4725136,7.989,-1.0806062520998892e-07,8.038,ASK
665,1712610450.438434,863849006.4725136,7.989,-0.0,8.038,ASK
666,1712610450.985196,863896822.7830036,7.989,-6.882518519916385e-06,8.038,ASK
667,1712610461.4948,863897573.8156735,7.989,1.0810111040962505e-07,8.038,BID
668,1712610480.275486,863897573.8156735,7.989,0.0,8.038,BID
669,1712610497.4554174,863898324.8483434,7.984,-1.0809507350944949e-07,8.038,ASK
670,1712610510.3097675,863898324.8483434,7.984,-0.0,8.038,ASK
671,1712610526.804458,863899075.8810133,7.989,1.0809498022012337e-07,8.038,BID
672,1712610540.4263844,863899075.8810133,7.989,0.0,8.038,BID
673,1712610551.39707,864172671.4036632,7.984,-3.937814991927925e-05,8.038,ASK
674,1712610551.4045806,864210255.968935,7.982,-5.409484159651124e-06,8.038,ASK
675,1712610551.407451,864212629.030901,7.984,-3.415508739234781e-07,8.038,ASK
676,1712610551.410126,864264205.0880853,7.982,-7.423256390965151e-06,8.038,ASK
677,1712610551.4127672,864273850.8806745,7.982,-1.3883029334269102e-06,8.038,ASK
678,1712610560.254719,865628234.7727189,7.989,0.0001949342278434,8.038,BID
679,1712610566.5945282,865628985.8053888,7.982,-1.0809488687253577e-07,8.038,ASK
680,1712610570.4465635,865628985.8053888,7.982,-0.0,8.038,ASK
681,1712610600.3083951,865628985.8053888,7.982,-0.0,8.038,ASK
682,1712610626.244357,865629736.8380588,7.989,1.0792926426769325e-07,8.038,BID
683,1712610630.300431,865629736.8380588,7.989,0.0,8.038,BID
684,1712610660.4348114,865629736.8380588,7.989,0.0,8.038,BID
685,1712610664.9348605,865630487.8707287,7.982,-1.0792917118896953e-07,8.038,ASK
686,1712610690.4474206,865630487.8707287,7.982,-0.0,8.038,ASK
687,1712610693.440513,865631238.9033986,7.989,1.0792907820907841e-07,8.038,BID
688,1712610696.224621,865652508.7823749,7.982,-3.056642571651015e-06,8.038,ASK
689,1712610696.2296832,865874230.095469,7.982,-3.186303059850155e-05,8.038,ASK
690,1712610720.282689,865874230.095469,7.982,-0.0,8.038,ASK
691,1712610725.65475,865874981.1281389,7.982,-1.0789891063648416e-07,8.038,ASK
692,1712610750.274255,865874981.1281389,7.982,-0.0,8.038,ASK
693,1712610757.2044237,865875732.1608088,7.989,1.07898817708724e-07,8.038,BID
694,1712610780.4568386,865875732.1608088,7.989,0.0,8.038,BID
695,1712610796.384592,865876483.1934787,7.983,-1.0789872469962901e-07,8.038,ASK
696,1712610810.4359572,865876483.1934787,7.983,-0.0,8.038,ASK
697,1712610823.0836196,865877234.2261486,7.989,1.0789863176054698e-07,8.038,BID
698,1712610825.4248831,866235122.572625,7.989,5.141675516312579e-05,8.038,BID
699,1712610840.3092322,866235122.572625,7.989,0.0,8.038,BID
700,1712610858.3148885,866235873.605295,7.983,-1.0785423567199417e-07,8.038,ASK
701,1712610870.2714934,866235873.605295,7.983,-0.0,8.038,ASK
702,1712610875.2450883,866246121.4765422,7.983,-1.4716741538601655e-06,8.038,ASK
703,1712610886.9652495,866246872.5092121,7.989,1.0785414280953805e-07,8.038,BID
704,1712610900.3248177,866246872.5092121,7.989,0.0,8.038,BID
705,1712610926.269054,866247623.541882,7.983,-1.0785371489736133e-07,8.038,ASK
706,1712610930.2926438,866247623.541882,7.983,-0.0,8.038,ASK
707,1712610956.9551897,866248374.6685721,7.988,1.0786712399354957e-07,8.038,BID
708,1712610960.4453127,866248374.6685721,7.988,0.0,8.038,BID
709,1712610990.449332,866248374.6685721,7.988,0.0,8.038,BID
710,1712610992.2355435,866249125.7952621,7.984,-1.0786703105072188e-07,8.038,ASK
711,1712611020.3044386,866249125.7952621,7.984,-0.0,8.038,ASK
712,1712611022.045423,866249876.9219521,7.988,1.0786693815459553e-07,8.038,BID
713,1712611050.3018355,866249876.9219521,7.988,0.0,8.038,BID
714,1712611073.3854332,866459177.6296353,7.988,3.005698950404784e-05,8.038,BID
715,1712611077.4553173,866800776.7529917,7.985,-4.9055931912347696e-05,8.038,ASK
716,1712611080.4289827,866800776.7529917,7.985,-0.0,8.038,ASK
717,1712611090.349462,866801527.8796817,7.983,-1.0779873723164786e-07,8.038,ASK
718,1712611110.017691,867075127.4439487,7.983,-3.926592933867667e-05,8.038,ASK
719,1712611110.4354205,867075127.4439487,7.983,-0.0,8.038,ASK
720,1712611119.005587,867075878.8528404,7.985,1.078053522689234e-07,8.038,BID
721,1712611130.8267765,867076505.3090599,7.983,-8.987827288870256e-08,8.038,ASK
722,1712611130.8323226,867104827.3910489,7.983,-4.063396187661634e-06,8.038,ASK
723,1712611140.2818208,867104827.3910489,7.983,-0.0,8.038,ASK
724,1712611150.4961016,867113842.9122524,7.982,-1.293421451140736e-06,8.038,ASK
725,1712611156.5958652,867114594.3211441,7.982,-1.0780168524197893e-07,8.038,ASK
726,1712611157.668461,867123609.8423475,7.982,-1.2934214511236335e-06,8.038,ASK
727,1712611170.299175,867123609.8423475,7.982,-0.0,8.038,ASK
728,1712611192.5658312,867323228.6030674,7.982,-2.8637904355353472e-05,8.038,ASK
729,1712611200.308036,867323228.6030674,7.982,-0.0,8.038,ASK
730,1712611218.3759737,867323979.6357373,7.989,1.0772092609200109e-07,8.038,BID
731,1712611230.28317,867323979.6357373,7.989,0.0,8.038,BID
732,1712611255.4662063,867324730.6684072,7.982,-1.077208333893393e-07,8.038,ASK
733,1712611260.4538202,867324730.6684072,7.982,-0.0,8.038,ASK
734,1712611285.1658547,867325730.6684072,7.982,-1.4343016633636102e-07,8.038,ASK
735,1712611285.6056645,867326481.7950972,7.988,1.0773422609069725e-07,8.038,BID
736,1712611290.446077,867326481.7950972,7.988,0.0,8.038,BID
737,1712611311.8798234,867337070.3561932,7.982,-1.5187160335604864e-06,8.038,ASK
738,1712611320.2965426,867337070.3561932,7.982,-0.0,8.038,ASK
739,1712611323.705757,867337821.4828832,7.982,-1.0773270405853805e-07,8.038,ASK
740,1712611348.125919,867350340.2610505,7.988,1.7955450676536997e-06,8.038,BID
741,1712611350.2962434,867350340.2610505,7.988,0.0,8.038,BID
742,1712611353.3731627,867351091.3877405,7.988,1.0773106625153097e-07,8.038,BID
743,1712611371.096032,867738748.9610571,7.988,5.560015942477309e-05,8.038,BID
744,1712611380.4285133,867738748.9610571,7.988,0.0,8.038,BID
745,1712611409.5058029,867739748.9610571,7.988,1.4336216414407032e-07,8.038,BID
746,1712611410.4487402,867739748.9610571,7.988,0.0,8.038,BID
747,1712611425.4361444,867740500.0877471,7.983,-1.076830245129677e-07,8.038,ASK
748,1712611440.2857373,867740500.0877471,7.983,-0.0,8.038,ASK
749,1712611440.5978055,868370500.0877471,7.985,-9.031798234023136e-05,8.038,ASK
750,1712611440.603961,869001635.6157876,7.985,-9.048077377120164e-05,8.038,ASK
751,1712611453.353226,869002387.0246793,7.985,1.07723388902942e-07,8.038,BID
752,1712611470.291479,869002387.0246793,7.985,0.0,8.038,BID
753,1712611492.7160752,869003138.433571,7.983,-1.0756800280961109e-07,8.038,ASK
754,1712611500.4206398,869003138.433571,7.983,-0.0,8.038,ASK
755,1712611518.4661524,869003889.8424627,7.985,1.0762932710421218e-07,8.038,BID
756,1712611528.9262943,869286039.5431454,7.983,-4.041419094646464e-05,8.038,ASK
757,1712611530.4467578,869286039.5431454,7.983,-0.0,8.038,ASK
758,1712611553.1661854,869301914.2211769,7.982,-2.2731011175472418e-06,8.038,ASK
759,1712611557.6757264,869302665.6300685,7.982,-1.0759452179279532e-07,8.038,ASK
760,1712611558.146147,869307428.0334779,7.982,-6.819303352539308e-07,8.038,ASK
761,1712611560.2972088,869307428.0334779,7.982,-0.0,8.038,ASK
762,1712611564.086254,869311714.1965464,7.982,-6.137222987619066e-07,8.038,ASK
763,1712611583.946112,869312465.7936903,7.983,1.0761884686015933e-07,8.038,BID
764,1712611590.29326,869312465.7936903,7.983,0.0,8.038,BID
765,1712611602.881249,869369003.5052904,7.983,8.095411674192216e-06,8.038,BID
766,1712611602.9188309,869390564.5636903,7.983,3.0872428143769487e-06,8.038,BID
767,1712611616.906026,869391316.1608343,7.982,-1.0761822722733445e-07,8.038,ASK
768,1712611620.426137,869391316.1608343,7.982,-0.0,8.038,ASK
769,1712611631.7159934,869397580.2550462,7.983,8.968500820263053e-07,8.038,BID
770,1712611650.436296,869397580.2550462,7.983,0.0,8.038,BID
771,1712611680.3004355,869397580.2550462,7.983,0.0,8.038,BID
772,1712611681.4960885,869398331.8521901,7.983,1.0760775801501244e-07,8.038,BID
773,1712611710.296427,869398331.8521901,7.983,0.0,8.038,BID
774,1712611740.4603777,869398331.8521901,7.983,0.0,8.038,BID
775,1712611751.1059809,869399083.4493341,7.982,-1.0760766559357289e-07,8.038,ASK
776,1712611770.4515338,869399083.4493341,7.982,-0.0,8.038,ASK
777,1712611779.1258054,869399835.046478,7.983,1.0760757314973669e-07,8.038,BID
778,1712611800.546967,869399835.046478,7.983,0.0,8.038,BID
779,1712611814.9460473,869400586.6436219,7.982,-1.0761284676470969e-07,8.038,ASK
780,1712611830.4477966,869400586.6436219,7.982,-0.0,8.038,ASK
781,1712611836.7861028,869443439.7237992,7.982,-6.135651295193722e-06,8.038,ASK
782,1712611860.315435,869443439.7237992,7.982,-0.0,8.038,ASK
783,1712611876.0664215,869444191.1326909,7.985,1.0758053187748285e-07,8.038,BID
784,1712611890.2927668,869444191.1326909,7.985,0.0,8.038,BID
785,1712611914.2863965,869444942.5415826,7.982,-1.075804394625991e-07,8.038,ASK
786,1712611920.4560666,869444942.5415826,7.982,-0.0,8.038,ASK
787,1712611942.279399,869445693.9504743,7.985,1.0758034708259469e-07,8.038,BID
788,1712611950.4501505,869445693.9504743,7.985,0.0,8.038,BID
789,1712611953.8758645,869471139.303848,7.982,-3.643046584071168e-06,8.038,ASK
790,1712611974.726117,869509784.4342843,7.982,-5.532876999542937e-06,8.038,ASK
791,1712611980.111636,869510825.6150583,7.982,-1.490672975261269e-07,8.038,ASK
792,1712611980.114868,869511452.1497614,7.982,-8.970184365421445e-08,8.038,ASK
793,1712611980.288442,869511452.1497614,7.982,-0.0,8.038,ASK
794,1712612010.3123703,869511452.1497614,7.982,-0.0,8.038,ASK
795,1712612012.2391407,869512203.5586531,7.98,-1.0757217082621669e-07,8.038,ASK
796,1712612016.00172,869524728.624441,7.98,-1.7930963174234611e-06,8.038,ASK
797,1712612016.007753,869538400.8997599,7.98,-1.957331557388762e-06,8.038,ASK
798,1712612016.0112576,870080107.1506222,7.977,-7.755100851318876e-05,8.038,ASK
799,1712612016.0168295,870117701.1355847,7.98,-5.381978596753285e-06,8.038,ASK
800,1712612021.046296,870130229.3240086,7.982,1.793543355956941e-06,8.038,BID
801,1712612036.0501044,870145017.2679086,7.982,2.117051375085582e-06,8.038,BID
802,1712612036.1646562,870145017.2679349,7.982,3.771603033402632e-15,8.038,BID
803,1712612036.17229,870158326.4169086,7.983,1.905346160801863e-06,8.038,BID
804,1712612036.176491,870173114.3608086,7.983,2.117051375085582e-06,8.038,BID
805,1712612036.2657974,870187754.4252086,7.983,2.095880852597407e-06,8.038,BID
806,1712612036.354488,870196544.1085167,7.983,1.258336605810733e-06,8.038,BID
807,1712612040.4364426,870196544.1085167,7.983,0.0,8.038,BID
808,1712612041.0759325,870197295.6115227,7.984,1.0750152850254625e-07,8.038,BID
809,1712612070.447685,870197295.6115227,7.984,0.0,8.038,BID
810,1712612074.299621,870198047.1145287,7.977,-1.0750143623490165e-07,8.038,ASK
811,1712612100.299191,870198047.1145287,7.977,-0.0,8.038,ASK
812,1712612106.8370457,870198798.6175348,7.984,1.0751697409705182e-07,8.038,BID
813,1712612125.4911036,870211323.667635,7.984,1.7919495680738498e-06,8.038,BID
814,1712612130.317835,870211323.667635,7.984,0.0,8.038,BID
815,1712612141.5458386,870212075.170641,7.977,-1.0751534357316233e-07,8.038,ASK
816,1712612151.375819,870227423.5666472,7.977,-2.195850258444797e-06,8.038,ASK
817,1712612160.4185734,870227423.5666472,7.977,-0.0,8.038,ASK
818,1712612169.4458768,870228175.0696532,7.984,1.0751336812819076e-07,8.038,BID
819,1712612190.450253,870228175.0696532,7.984,0.0,8.038,BID
820,1712612213.4757683,870228926.5726591,7.978,-1.0751327584022134e-07,8.038,ASK
821,1712612220.2869115,870228926.5726591,7.978,-0.0,8.038,ASK
822,1712612240.0256436,870229678.0756651,7.984,1.0751318362176489e-07,8.038,BID
823,1712612250.2867205,870229678.0756651,7.984,0.0,8.038,BID
824,1712612278.3858628,870230180.0196383,7.978,-7.18101561856313e-08,8.038,ASK
825,1712612278.390416,870230429.5786712,7.977,-3.5702935165535505e-08,8.038,ASK
826,1712612280.43951,870230429.5786712,7.977,-0.0,8.038,ASK
827,1712612306.0557327,870231181.0816772,7.984,1.0751299911981081e-07,8.038,BID
828,1712612310.456165,870231181.0816772,7.984,0.0,8.038,BID
829,1712612340.2970822,870231181.0816772,7.984,0.0,8.038,BID
830,1712612370.2988846,870231181.0816772,7.984,0.0,8.038,BID
831,1712612375.635712,870231932.5846832,7.977,-1.0751290683247493e-07,8.038,ASK
832,1712612400.3379211,870231932.5846832,7.977,-0.0,8.038,ASK
833,1712612403.785964,870232684.0876892,7.984,1.075129684382612e-07,8.038,BID
834,1712612430.30262,870232684.0876892,7.984,0.0,8.038,BID
835,1712612443.6059077,870233435.5906951,7.977,-1.0751287615097796e-07,8.038,ASK
836,1712612460.4365327,870233435.5906951,7.977,-0.0,8.038,ASK
837,1712612473.3558545,870234187.0937012,7.984,1.0751278396182065e-07,8.038,BID
838,1712612490.420221,870234187.0937012,7.984,0.0,8.038,BID
839,1712612513.2057102,870234938.5967072,7.977,-1.0751269165779965e-07,8.038,ASK
840,1712612520.286214,870234938.5967072,7.977,-0.0,8.038,ASK
841,1712612532.335824,871027654.8196901,7.977,-0.000113408703734,8.038,ASK
842,1712612542.0657165,871028406.3226961,7.984,1.075125994519043e-07,8.038,BID
843,1712612550.2943635,871028406.3226961,7.984,0.0,8.038,BID
844,1712612575.845709,871029157.8257021,7.977,-1.0741533276164385e-07,8.038,ASK
845,1712612580.4464202,871029157.8257021,7.977,-0.0,8.038,ASK
846,1712612605.345579,871029909.328708,7.984,1.0741524072266824e-07,8.038,BID
847,1712612610.4414167,871029909.328708,7.984,0.0,8.038,BID
848,1712612640.302582,871029909.328708,7.984,0.0,8.038,BID
849,1712612650.795566,871116860.8721899,7.984,1.2428310851758015e-05,8.038,BID
850,1712612650.805242,871120473.113072,7.984,5.163111631741732e-07,8.038,BID
851,1712612670.2865748,871120473.113072,7.984,0.0,8.038,BID
852,1712612673.105385,871121750.741793,7.985,1.825974026814307e-07,8.038,BID
853,1712612673.1099677,871142750.741793,7.985,3.00129872887677e-06,8.038,BID
854,1712612676.6378524,871142750.741793,7.985,0.0,8.038,BID
855,1712612680.62575,871613692.6255606,7.985,-6.73065370060259e-05,8.038,ASK
856,1712612700.3198998,871613692.6255606,7.985,-0.0,8.038,ASK
857,1712612710.6079526,871614444.1285666,7.985,-1.0736455310759709e-07,8.038,ASK
858,1712612730.276227,871614444.1285666,7.985,-0.0,8.038,ASK
859,1712612739.965487,871615195.2552567,7.988,1.0731069819221973e-07,8.038,BID
860,1712612760.4657128,871615195.2552567,7.988,0.0,8.038,BID
861,1712612778.0895042,871615946.3819467,7.987,-1.0731060620579805e-07,8.038,ASK
862,1712612783.1456523,871620203.3934813,7.987,-6.08183006227156e-07,8.038,ASK
863,1712612783.1528494,871706510.1663105,7.987,-1.2330319551827592e-05,8.038,ASK
864,1712612790.460942,871706510.1663105,7.987,-0.0,8.038,ASK
865,1712612805.2089689,871707010.9174373,7.988,7.15329506361516e-08,8.038,BID
866,1712612805.2167137,871707261.2930006,7.988,3.5766475301046594e-08,8.038,BID
867,1712612820.2743104,871707261.2930006,7.988,0.0,8.038,BID
868,1712612832.085991,871709388.6060219,7.988,3.038891752368758e-07,8.038,BID
1069,1712612832.0942075,871711021.5163734,7.988,2.3326317048246806e-07,8.038,BID
869,1712612832.0942075,871711021.5163734,7.988,2.332631704824681e-07,8.038,BID
870,1712612835.595759,871724700.9710441,7.988,-1.954126240911509e-06,8.038,ASK
871,1712612850.3124804,871724700.9710441,7.988,-0.0,8.038,ASK
872,1712612875.466409,871725452.0977341,7.988,-1.0729719872007853e-07,8.038,ASK
873,1712612880.4489653,871725452.0977341,7.988,-0.0,8.038,ASK
874,1712612901.9460557,871726203.130404,7.989,1.0728367614932333e-07,8.038,BID
875,1712612910.4623678,871726203.130404,7.989,0.0,8.038,BID
876,1712612916.8987586,871808141.7533532,7.989,1.1704775979144197e-05,8.038,BID
877,1712612916.9034054,872064240.126608,7.989,3.658316407669278e-05,8.038,BID
878,1712612939.7758276,872064991.1592779,7.989,-1.0728358419771245e-07,8.038,ASK
879,1712612940.3113158,872064991.1592779,7.989,-0.0,8.038,ASK
880,1712612963.7759707,872079991.1592779,7.989,-2.1418932664461552e-06,8.038,ASK
881,1712612964.239884,872118887.842064,7.987,-5.554169529776987e-06,8.038,ASK
882,1712612964.243982,872131406.6202313,7.988,-1.7875924440374096e-06,8.038,ASK
883,1712612966.7061026,872132157.3709819,7.992,1.0720186517466469e-07,8.038,BID
884,1712612970.3127396,872132157.3709819,7.992,0.0,8.038,BID
885,1712612994.6085002,873173185.7549989,7.992,0.000148640058593,8.038,BID
886,1712613000.3345275,873173185.7549989,7.992,0.0,8.038,BID
887,1712613002.686008,873173936.5057497,7.992,-1.0708951534050997e-07,8.038,ASK
888,1712613030.296612,873173936.5057497,7.992,-0.0,8.038,ASK
889,1712613031.126133,873174686.6932966,7.998,1.07009086525437e-07,8.038,BID
890,1712613053.8660195,873178944.0170166,7.998,6.072779056971733e-07,8.038,BID
891,1712613060.417827,873178944.0170166,7.998,0.0,8.038,BID
892,1712613068.4361222,873179694.2045635,7.998,-1.0700847520021137e-07,8.038,ASK
893,1712613090.4484615,873179694.2045635,7.998,-0.0,8.038,ASK
894,1712613097.396634,873180444.2045635,8.0,1.069816315261207e-07,8.038,BID
895,1712613112.326374,873192944.2045635,8.0,1.7830271921020112e-06,8.038,BID
896,1712613118.4664612,873240083.9337974,8.0,6.724113524184017e-06,8.038,BID
897,1712613120.197279,873250444.2045635,8.0,-1.4778115594852342e-06,8.038,ASK
898,1712613120.2874968,873250444.2045635,8.0,-0.0,8.038,ASK
899,1712613150.3019094,873250444.2045635,8.0,-0.0,8.038,ASK
900,1712613168.606801,873251194.2045635,7.992,-1.0697299501095657e-07,8.038,ASK
901,1712613180.4385934,873251194.2045635,7.992,-0.0,8.038,ASK
902,1712613194.43503,873251944.2045635,8.0,1.0697290355680721e-07,8.038,BID
903,1712613210.4413323,873251944.2045635,8.0,0.0,8.038,BID
904,1712613230.686556,873252694.2045635,7.993,-1.0697281201126881e-07,8.038,ASK
905,1712613240.2793908,873252694.2045635,7.993,-0.0,8.038,ASK
906,1712613270.286935,873252694.2045635,7.993,-0.0,8.038,ASK
907,1712613288.3971176,873253444.2045635,8.0,1.069727205459892e-07,8.038,BID
908,1712613300.448903,873253444.2045635,8.0,0.0,8.038,BID
909,1712613324.2565615,873254194.2045635,7.994,-1.070859810622692e-07,8.038,ASK
910,1712613330.4469073,873254194.2045635,7.994,-0.0,8.038,ASK
911,1712613352.2266777,873254944.2045635,8.0,1.070858893918934e-07,8.038,BID
912,1712613360.300953,873254944.2045635,8.0,0.0,8.038,BID
913,1712613389.947023,873255694.2045635,7.994,-1.0708579765287037e-07,8.038,ASK
914,1712613390.28418,873255694.2045635,7.994,-0.0,8.038,ASK
915,1712613417.946674,873256444.2045635,8.0,1.0708570598280857e-07,8.038,BID
916,1712613420.4452138,873256444.2045635,8.0,0.0,8.038,BID
917,1712613450.4378982,873256444.2045635,8.0,0.0,8.038,BID
918,1712613455.1965282,873257194.2045635,7.994,-1.0708561424409973e-07,8.038,ASK
919,1712613480.3179946,873257194.2045635,7.994,-0.0,8.038,ASK
920,1712613482.6178763,873257944.2983252,7.999,1.0709890993271073e-07,8.038,BID
921,1712613510.273987,873257944.2983252,7.999,0.0,8.038,BID
922,1712613514.928483,873260444.6108643,7.999,3.569960606321858e-07,8.038,BID
923,1712613515.941546,873261194.704626,7.995,-1.0709881818284741e-07,8.038,ASK
924,1712613540.466716,873261194.704626,7.995,-0.0,8.038,ASK
925,1712613546.196844,873261944.7983878,7.999,1.07098420664824e-07,8.038,BID
926,1712613570.5175478,873261944.7983878,7.999,0.0,8.038,BID
927,1712613582.1864374,873262694.8921494,7.995,-1.070983288987783e-07,8.038,ASK
928,1712613600.6060045,873262694.8921494,7.995,-0.0,8.038,ASK
929,1712613612.2514153,873263444.9859111,7.999,1.0716992458818108e-07,8.038,BID
930,1712613630.4578876,873263444.9859111,7.999,0.0,8.038,BID
931,1712613633.6717088,873271445.9860362,7.999,1.1431448823728864e-06,8.038,BID
932,1712613633.6808505,873272445.9860362,8.0,1.428752486572002e-07,8.038,BID
933,1712613633.686874,873337868.5705636,8.001,9.34726803214516e-06,8.038,BID
934,1712613633.6909535,873341322.0694437,8.0,4.934195112384985e-07,8.038,BID
935,1712613633.6979036,873347961.7986776,8.0,9.486529653043674e-07,8.038,BID
936,1712613633.7020128,873729420.1143459,8.001,5.4500951703471486e-05,8.038,BID
937,1712613633.7061353,873734543.8143458,7.999,7.320499115346774e-07,8.038,BID
938,1712613633.7102382,873747333.3249009,8.0,1.8273045007536428e-06,8.038,BID
939,1712613633.7143795,874438404.986421,8.002,9.873703547963212e-05,8.038,BID
940,1712613633.7184908,874448404.986421,8.0,1.428752486572002e-06,8.038,BID
941,1712613633.7226288,874517002.0488379,8.001,9.80082234996966e-06,8.038,BID
942,1712613633.726776,874518002.0488379,8.002,1.428752486572002e-07,8.038,BID
943,1712613660.056473,874630473.9308674,8.002,1.606944811191287e-05,8.038,BID
944,1712613660.3672705,874630473.9308674,8.002,0.0,8.038,BID
945,1712613673.5766022,874636597.4000002,8.001,8.735270108389355e-07,8.038,BID
946,1712613690.3164043,874636597.4000002,8.001,0.0,8.038,BID
947,1712613712.3695168,874637347.4937619,8.0,-1.070018592197162e-07,8.038,ASK
948,1712613720.4367568,874637347.4937619,8.0,-0.0,8.038,ASK
949,1712613724.556485,874649844.369543,8.002,1.782694199934603e-06,8.038,BID
950,1712613741.8564837,874650594.1820898,8.002,1.0696165199403553e-07,8.038,BID
951,1712613749.4791746,874712344.0883281,8.0,-8.80869759979509e-06,8.038,ASK
952,1712613750.447257,874712344.0883281,8.0,-0.0,8.038,ASK
953,1712613780.304315,874712344.0883281,8.0,-0.0,8.038,ASK
954,1712613780.9370828,874713093.900875,7.995,-1.0695249786483109e-07,8.038,ASK
955,1712613810.0367453,874713843.7134218,8.002,1.0695249786483109e-07,8.038,BID
956,1712613810.2994998,874713843.7134218,8.002,0.0,8.038,BID
957,1712613840.4364743,874713843.7134218,8.002,0.0,8.038,BID
958,1712613847.8564863,874714593.5259687,7.995,-1.0695231487807189e-07,8.038,ASK
959,1712613870.452041,874714593.5259687,7.995,-0.0,8.038,ASK
960,1712613878.18657,874715343.3385155,8.002,1.069522234249628e-07,8.038,BID
961,1712613900.3084931,874715343.3385155,8.002,0.0,8.038,BID
962,1712613914.4246492,874716093.1510624,7.996,-1.0705278271782709e-07,8.038,ASK
963,1712613930.2852163,874716093.1510624,7.996,-0.0,8.038,ASK
964,1712613946.6705992,874716843.057324,8.001,1.0706607099229529e-07,8.038,BID
965,1712613960.4420035,874716843.057324,8.001,0.0,8.038,BID
966,1712613990.4614804,874716843.057324,8.001,0.0,8.038,BID
967,1712614020.316743,874716843.057324,8.001,0.0,8.038,BID
968,1712614027.1966996,874717093.1510624,8.001,3.570650409508741e-08,8.038,BID
969,1712614027.2059045,874717530.4713973,8.001,6.24373102438646e-08,8.038,BID
970,1712614046.1766064,874718280.3776591,7.999,-1.0706597929278205e-07,8.038,ASK
971,1712614050.3049903,874718280.3776591,7.999,-0.0,8.038,ASK
972,1712614073.3467126,874759383.3311552,7.999,-5.868361110605511e-06,8.038,ASK
973,1712614076.5666232,874760133.2374169,8.001,1.0706580350910596e-07,8.038,BID
974,1712614076.956411,874824826.9623069,7.999,-9.236468597826836e-06,8.038,ASK
975,1712614080.434159,874824826.9623069,7.999,-0.0,8.038,ASK
976,1712614083.0171697,874828793.2915157,8.001,5.662128444934559e-07,8.038,BID
977,1712614110.4536796,874828793.2915157,8.001,0.0,8.038,BID
978,1712614114.8067062,874829543.1977774,7.999,-1.070522923336787e-07,8.038,ASK
979,1712614140.279595,874829543.1977774,7.999,-0.0,8.038,ASK
980,1712614141.7667646,874830293.1977774,8.0,1.0706558219371889e-07,8.038,BID
981,1712614170.2986245,874830293.1977774,8.0,0.0,8.038,BID
982,1712614178.9066286,874831043.1977774,7.999,-1.070654904894863e-07,8.038,ASK
983,1712614180.3665342,876222996.7068678,7.999,-0.0001987069135857,8.038,ASK
984,1712614180.3772662,876247259.4005741,7.996,-3.4635962696778687e-06,8.038,ASK
985,1712614180.3816552,876262274.0365741,7.992,-2.143399157153441e-06,8.038,ASK
986,1712614180.386197,876262899.6307697,7.994,-8.930606586633683e-08,8.038,ASK
987,1712614180.3905108,876287177.4050723,7.993,-3.4657490849348125e-06,8.038,ASK
988,1712614180.3948042,876289602.8283952,7.992,-3.462388502835261e-07,8.038,ASK
989,1712614180.3990989,876477173.1672723,7.997,-2.677641377753857e-05,8.038,ASK
990,1712614180.403409,876489680.9846581,7.995,-1.7855408044837643e-06,8.038,ASK
991,1712614180.4077022,876490306.6571215,7.993,-8.931723890868263e-08,8.038,ASK
992,1712614180.412028,876497814.0376215,7.992,-1.0717085006924191e-06,8.038,ASK
993,1712614180.4760575,876499166.5040987,7.992,-1.9306998232968146e-07,8.038,ASK
994,1712614180.4832487,876533134.9966986,7.992,-4.849137761871529e-06,8.038,ASK
995,1712614180.4875536,876601789.4034494,7.992,-9.800690310718548e-06,8.038,ASK
996,1712614180.491903,876626833.230146,7.986,-3.575106118678456e-06,8.038,ASK
997,1712614180.496215,876652795.592746,7.992,-3.7062307813754215e-06,8.038,ASK
998,1712614180.5005455,876693459.9313991,7.985,-5.804996484431203e-06,8.038,ASK
999,1712614200.36228,876693459.9313991,7.985,-0.0,8.038,ASK
1000,1712614208.8069506,876694210.5882238,7.993,1.0741173479734714e-07,8.038,BID
1201,1712614226.4217107,876749216.3382891,7.993,7.87079107772639e-06,8.038,BID
1202,1712614230.276624,876749216.3382891,7.993,0.0,8.038,BID
1203,1712614260.5069768,876749216.3382891,7.993,0.0,8.038,BID
1204,1712614270.0246668,876751718.5277048,7.994,3.5801628537316375e-07,8.038,BID
1205,1712614277.6783783,876761859.5194054,7.994,1.4509853474134006e-06,8.038,BID
1206,1712614290.4564817,876761859.5194054,7.994,0.0,8.038,BID
1207,1712614301.4231477,876858005.1918018,7.994,-1.3756440059841032e-05,8.038,ASK
1208,1712614308.5089076,876858755.8486265,7.994,-1.07403332435276e-07,8.038,ASK
1209,1712614320.296441,876858755.8486265,7.994,-0.0,8.038,ASK
1210,1712614336.7264345,876859505.9423883,7.999,1.073108768761578e-07,8.038,BID
1211,1712614350.302916,876859505.9423883,7.999,0.0,8.038,BID
1212,1712614372.9569328,876860256.03615,7.995,-1.0731078474570365e-07,8.038,ASK
1213,1712614380.416706,876860256.03615,7.995,-0.0,8.038,ASK
1214,1712614403.007054,876861006.1299117,7.999,1.0731069267852449e-07,8.038,BID
1215,1712614403.5268006,876864156.03615,7.995,-4.506351573276078e-07,8.038,ASK
1216,1712614403.5295055,877035118.3399469,7.994,-2.445838664383614e-05,8.038,ASK
1217,1712614403.5321548,878074470.4797363,7.993,-0.0001486928751514,8.038,ASK
1218,1712614410.4370255,878074470.4797363,7.993,-0.0,8.038,ASK
1219,1712614438.5265276,878075220.573498,7.993,-1.0716190012691261e-07,8.038,ASK
1220,1712614440.3496346,878075220.573498,7.993,-0.0,8.038,ASK
1221,1712614470.3074844,878075220.573498,7.993,-0.0,8.038,ASK
1222,1712614499.5965583,878075970.761045,7.998,1.0717520693074525e-07,8.038,BID
1223,1712614500.3172286,878075970.761045,7.998,0.0,8.038,BID
1224,1712614504.7267382,878087943.2198085,7.998,1.7105690209325554e-06,8.038,BID
1225,1712614504.8863792,878113480.1383885,7.998,-3.648595720902836e-06,8.038,ASK
1226,1712614530.3137825,878113480.1383885,7.998,-0.0,8.038,ASK
1227,1712614539.4076235,878114230.3259346,7.993,-1.071787007737122e-07,8.038,ASK
1228,1712614539.410986,878114230.3259354,7.998,-1.0218802090266546e-16,8.038,ASK
1229,1712614539.9467323,878214230.3259354,7.998,-1.4286920827471113e-05,8.038,ASK
1230,1712614554.6668406,878333613.8026897,7.999,1.7056222804970326e-05,8.038,BID
1231,1712614554.6702323,878414230.3259354,7.999,1.1517618849971896e-05,8.038,BID
1232,1712614560.459994,878414230.3259354,7.999,0.0,8.038,BID
1233,1712614560.9301076,878427427.8335085,7.999,1.88486965555434e-06,8.038,BID
1234,1712614560.9392896,878438242.4291711,7.999,1.5445418832733263e-06,8.038,BID
1235,1712614561.0266635,878539418.325935,7.999,-1.444995402557038e-05,8.038,ASK
1236,1712614561.0463445,878539418.3259354,7.999,-5.107645620722473e-17,8.038,ASK
1237,1712614566.7966728,878539859.0531019,8.0,6.294470815601943e-08,8.038,BID
1238,1712614566.7983603,878540168.3259354,8.0,4.417038413187432e-08,8.038,BID
1239,1712614590.4466226,878540168.3259354,8.0,0.0,8.038,BID
1240,1712614599.2467682,878540918.3259354,7.993,-1.0709968343169304e-07,8.038,ASK
1241,1712614620.2953026,878540918.3259354,7.993,-0.0,8.038,ASK
1242,1712614629.729277,878541668.3259354,8.0,1.0709959174932638e-07,8.038,BID
1243,1712614650.2864454,878541668.3259354,8.0,0.0,8.038,BID
1244,1712614667.3363614,878542418.3259354,7.993,-1.0709949998682461e-07,8.038,ASK
1245,1712614680.442983,878542418.3259354,7.993,-0.0,8.038,ASK
1246,1712614690.0668323,878702752.964817,7.993,-2.289565993998344e-05,8.038,ASK
1247,1712614690.0697625,878829537.9761474,7.993,-1.8104799593861373e-05,8.038,ASK
1248,1712614690.1910825,879049348.4828854,7.993,-3.13887669477417e-05,8.038,ASK
1249,1712614694.4365196,879050098.576647,7.999,1.071127973990634e-07,8.038,BID
1250,1712614709.2862012,879107598.576647,7.994,-8.210954636699188e-06,8.038,ASK
1251,1712614710.4314573,879107598.576647,7.994,-0.0,8.038,ASK
1252,1712614729.426442,879108348.6704088,7.994,-1.0704374325604605e-07,8.038,ASK
1253,1712614740.3065777,879108348.6704088,7.994,-0.0,8.038,ASK
1254,1712614757.1968098,879109098.7641705,7.999,1.0704365164095885e-07,8.038,BID
1255,1712614770.318019,879109098.7641705,7.999,0.0,8.038,BID
1256,1712614780.4064815,879115443.9418355,7.994,-9.055006729820448e-07,8.038,ASK
1257,1712614791.9564505,879116194.0355972,7.994,-1.0704355998574881e-07,8.038,ASK
1258,1712614800.3572066,879116194.0355972,7.994,-0.0,8.038,ASK
1259,1712614820.7768073,879116944.129359,7.999,1.0704269356937713e-07,8.038,BID
1260,1712614830.3082476,879116944.129359,7.999,0.0,8.038,BID
1261,1712614849.0276964,879175319.3168824,8.0,8.330467840200435e-06,8.038,BID
1262,1712614849.0314045,879216944.129359,7.999,5.940095036991377e-06,8.038,BID
1263,1712614854.247686,879217694.2231207,7.994,-1.0704260189879597e-07,8.038,ASK
1264,1712614860.430019,880460339.1506569,8.0,0.0001773324257242,8.038,BID
1265,1712614860.4379137,880460339.1506569,8.0,0.0,8.038,BID
1266,1712614887.748493,880872958.0510025,7.999,5.887626800650753e-05,8.038,BID
1267,1712614887.7511082,881682841.8992826,8.0,0.0001155616925583,8.038,BID
1268,1712614890.4701436,881682841.8992826,8.0,0.0,8.038,BID
1269,1712614915.5695012,881683591.8992826,8.0,1.0671661883147733e-07,8.038,BID
1270,1712614920.2845645,881683591.8992826,8.0,0.0,8.038,BID
1271,1712614943.569309,882708844.0232207,8.0,0.0001458817956111,8.038,BID
1272,1712614950.2914865,882708844.0232207,8.0,0.0,8.038,BID
1273,1712614953.9795768,882709594.0232207,7.996,-1.065921289147484e-07,8.038,ASK
1274,1712614980.467613,882709594.0232207,7.996,-0.0,8.038,ASK
1275,1712614981.1200607,882713844.0232207,7.996,-6.040215490362341e-07,8.038,ASK
1276,1712614984.2132385,882714594.3984082,7.996,1.0664536073456409e-07,8.038,BID
1277,1712615010.4408884,882714594.3984082,7.996,0.0,8.038,BID
1278,1712615018.650517,882715344.7735958,7.995,-1.0664475474347565e-07,8.038,ASK
1279,1712615040.312365,882715344.7735958,7.995,-0.0,8.038,ASK
1280,1712615050.2017932,882716095.1487833,7.996,1.0664466379864677e-07,8.038,BID
1281,1712615070.3115785,882716095.1487833,7.996,0.0,8.038,BID
1282,1712615072.1074147,882753997.8651447,7.995,-5.386797249996911e-06,8.038,ASK
1283,1712615083.842585,882754748.2403322,7.995,-1.0664457285954208e-07,8.038,ASK
1284,1712615100.473938,882754748.2403322,7.995,-0.0,8.038,ASK
1285,1712615116.5835378,882755498.6155199,7.996,1.0663988924536393e-07,8.038,BID
1286,1712615127.9761095,882756749.3972585,7.995,-1.7775537927751874e-07,8.038,ASK
1287,1712615130.4439278,882756749.3972585,7.995,-0.0,8.038,ASK
1288,1712615133.372179,882757588.2518086,7.995,-1.1921390043917306e-07,8.038,ASK
1289,1712615147.7023604,882758338.6269963,7.995,-1.0663964676314317e-07,8.038,ASK
1290,1712615160.3131952,882758338.6269963,7.995,-0.0,8.038,ASK
1291,1712615161.932798,882759338.6269963,7.996,1.4211484596181445e-07,8.038,BID
1292,1712615179.9626102,882760089.0021838,7.996,1.0663945418743423e-07,8.038,BID
1293,1712615190.292983,882760089.0021838,7.996,0.0,8.038,BID
1294,1712615214.1831405,882760839.3773714,7.995,-1.0663924209472323e-07,8.038,ASK
1295,1712615220.4402995,882760839.3773714,7.995,-0.0,8.038,ASK
1296,1712615230.4133763,882763340.6279968,7.996,3.554638372428281e-07,8.038,BID
1297,1712615244.1849368,882764091.0031843,7.996,1.0663915115929534e-07,8.038,BID
1298,1712615250.4638207,882764091.0031843,7.996,0.0,8.038,BID
1299,1712615276.1738937,882764841.378372,7.995,-1.066387571486422e-07,8.038,ASK
1300,1712615280.3038404,882764841.378372,7.995,-0.0,8.038,ASK
1301,1712615285.5642142,882870354.1353999,7.995,-1.4994818412472216e-05,8.038,ASK
1302,1712615285.5685422,883007940.1266444,7.995,-1.955286747234876e-05,8.038,ASK
1303,1712615286.5138557,883064966.6477803,7.995,8.104255383085441e-06,8.038,BID
1304,1712615308.0445476,883065717.1168234,7.995,1.0665200439238105e-07,8.038,BID
1305,1712615310.286155,883065717.1168234,7.995,0.0,8.038,BID
1306,1712615340.2884507,883066467.5858666,7.994,-1.0661555733601625e-07,8.038,ASK
1307,1712615340.3252037,883066467.5858666,7.994,-0.0,8.038,ASK
1308,1712615354.675073,883916437.7056913,7.994,-0.000120751097782,8.038,ASK
1309,1712615354.6831856,883918939.5820986,7.994,-3.554293446863731e-07,8.038,ASK
1310,1712615369.744909,883919690.1450208,7.994,1.0662880341437968e-07,8.038,BID
1311,1712615370.2915118,883919690.1450208,7.994,0.0,8.038,BID
1312,1712615400.4251833,883919690.1450208,7.994,0.0,8.038,BID
1313,1712615401.297012,884078773.7839018,7.993,-2.25823334128513e-05,8.038,ASK
1314,1712615424.3853662,884078773.7839022,7.993,-5.076619961954363e-17,8.038,ASK
1315,1712615430.3255446,884078773.7839022,7.993,-0.0,8.038,ASK
1316,1712615440.1054883,884704321.1378365,7.993,8.878203731488686e-05,8.038,BID
1317,1712615443.6958787,884705071.7007587,7.993,-1.0652511748362436e-07,8.038,ASK
1318,1712615460.455706,884705071.7007587,7.993,-0.0,8.038,ASK
1319,1712615471.6353996,884705822.2636808,7.994,1.0644948656703733e-07,8.038,BID
1320,1712615490.458193,884705822.2636808,7.994,0.0,8.038,BID
1321,1712615507.236096,884706572.826603,7.993,-1.0644939600006485e-07,8.038,ASK
1322,1712615520.3089185,884706572.826603,7.993,-0.0,8.038,ASK
1323,1712615536.9992993,884707323.3895253,7.994,1.0644930542767093e-07,8.038,BID
1324,1712615550.3168008,884707323.3895253,7.994,0.0,8.038,BID
1325,1712615562.8763962,884711076.2041363,7.994,5.322460741866848e-07,8.038,BID
1326,1712615566.1064546,884721378.7836446,7.994,1.4611719644449367e-06,8.038,BID
1327,1712615575.3795807,884722129.3465667,7.993,-1.064492148271928e-07,8.038,ASK
1328,1712615580.4567952,884722129.3465667,7.993,-0.0,8.038,ASK
1329,1712615603.9867592,884722879.9094889,7.994,1.0644742799283773e-07,8.038,BID
1330,1712615610.4667122,884722879.9094889,7.994,0.0,8.038,BID
1331,1712615638.3368392,884822904.9532592,7.994,1.418588537806835e-05,8.038,BID
1332,1712615640.303501,884822904.9532592,7.994,0.0,8.038,BID
1333,1712615644.1368952,884823655.5161815,7.993,-1.0643526744369964e-07,8.038,ASK
1334,1712615670.3170705,884823655.5161815,7.993,-0.0,8.038,ASK
1335,1712615671.477116,884824406.0791036,7.994,1.0643517687844196e-07,8.038,BID
1336,1712615691.43715,884849723.405668,7.994,3.5901775208439503e-06,8.038,BID
1337,1712615700.4776,884849723.405668,7.994,0.0,8.038,BID
1338,1712615706.4648614,884850473.9685901,7.994,-1.0643203173507038e-07,8.038,ASK
1339,1712615727.317462,884852473.9685901,7.999,2.836058872570862e-07,8.038,BID
1340,1712615730.4475436,884852473.9685901,7.999,0.0,8.038,BID
1341,1712615735.0082114,884853224.062352,7.999,1.0636517162737929e-07,8.038,BID
1342,1712615760.2975326,884853224.062352,7.999,0.0,8.038,BID
1343,1712615765.320127,884853974.1561136,7.994,-1.063650811134678e-07,8.038,ASK
1344,1712615776.9378407,884864043.3671072,7.999,1.427838090098115e-06,8.038,BID
1345,1712615776.9478126,884873794.8360407,7.999,1.3827815095667494e-06,8.038,BID
1346,1712615776.9521136,885003992.9084576,7.999,1.8462396624093656e-05,8.038,BID
1347,1712615790.310511,885003992.9084576,7.999,0.0,8.038,BID
1348,1712615798.3178685,885004743.0022193,7.999,1.0634689439720933e-07,8.038,BID
1349,1712615800.2076318,885066571.7178055,7.999,8.765959968004981e-06,8.038,BID
1350,1712615800.2479062,885338485.6842226,7.999,-3.855145496320312e-05,8.038,ASK
1351,1712615800.267866,885661654.7068076,7.999,-4.581830122171692e-05,8.038,ASK
1352,1712615800.2721734,886375728.8432156,7.999,-0.0001012400991124,8.038,ASK
1353,1712615800.4395888,886495612.4653817,7.994,-1.6996876334315587e-05,8.038,ASK
1354,1712615800.4416118,886884315.4888066,7.994,-5.510958962159279e-05,8.038,ASK
1355,1712615820.4529784,886884315.4888066,7.994,-0.0,8.038,ASK
1356,1712615834.308252,886884315.4888076,7.994,-1.3492249989095332e-16,8.038,ASK
1357,1712615834.312781,886885065.5825683,7.994,-1.061206363735496e-07,8.038,ASK
1358,1712615847.188711,887330617.0949218,7.993,-6.303506641918048e-05,8.038,ASK
1359,1712615847.1957996,887910317.7065064,7.994,-8.201401081874479e-05,8.038,ASK
1360,1712615850.4481475,887910317.7065064,7.994,-0.0,8.038,ASK
1361,1712615861.8183098,887911067.800268,7.999,1.0599764663172861e-07,8.038,BID
1362,1712615881.9994688,887911067.800268,7.999,0.0,8.038,BID
1363,1712615883.0383832,887912318.7384717,7.993,-1.767730916072511e-07,8.038,ASK
1364,1712615883.043083,888673739.599732,7.993,-0.0001075982164921,8.038,ASK
1365,1712615883.158174,888673739.5997324,7.993,-5.0537255797273705e-17,8.038,ASK
1366,1712615896.9582012,888674489.6934941,7.99,-1.0599755675903157e-07,8.038,ASK
1367,1712615910.3124323,888674489.6934941,7.99,-0.0,8.038,ASK
1368,1712615925.422088,888675239.6934941,8.0,1.0589299634251056e-07,8.038,BID
1369,1712615940.448868,888675239.6934941,8.0,0.0,8.038,BID
1370,1712615943.0384026,889590039.043819,8.0,0.0001291610162594,8.038,BID
1371,1712615970.4584985,889590039.043819,8.0,0.0,8.038,BID
1372,1712615993.578863,889590540.5145128,7.99,-7.072983485062638e-08,8.038,ASK
1373,1712615993.5885618,889590789.043819,7.986,-3.5053766845357644e-08,8.038,ASK
1374,1712615994.5108392,890086598.8888963,8.0,6.9931401558153e-05,8.038,BID
1375,1712616000.378942,890086598.8888963,8.0,0.0,8.038,BID
1376,1712616024.229138,890087348.8888963,8.0,1.0572533799147069e-07,8.038,BID
1377,1712616030.3143735,890087348.8888963,8.0,0.0,8.038,BID
1378,1712616060.438971,890087348.8888963,8.0,0.0,8.038,BID
1379,1712616061.9390943,890088098.8888963,7.986,-1.0572524856876956e-07,8.038,ASK
1380,1712616066.0245223,890588098.8888963,8.0,7.048349904584636e-05,8.038,BID
1381,1712616090.4435236,890588098.8888963,8.0,0.0,8.038,BID
1382,1712616120.3176186,890588098.8888963,8.0,0.0,8.038,BID
1383,1712616139.3291638,890713098.8888963,8.0,1.7610929652622213e-05,8.038,BID
1384,1712616150.3039808,890713098.8888963,8.0,0.0,8.038,BID
1385,1712616156.069456,890713848.8888963,8.0,1.0565069306034741e-07,8.038,BID
1386,1712616180.4394145,890713848.8888963,8.0,0.0,8.038,BID
1387,1712616185.609326,890717496.4682964,8.0,5.138252878576921e-07,8.038,BID
1388,1712616192.0671432,890718246.4682964,7.986,-1.056506037638713e-07,8.038,ASK
1389,1712616210.439826,890718246.4682964,7.986,-0.0,8.038,ASK
1390,1712616220.7598484,890718996.4682964,8.0,1.0565008033871749e-07,8.038,BID
1391,1712616228.5227938,890781496.4682964,7.986,-8.80417336155979e-06,8.038,ASK
1392,1712616240.3024514,890781496.4682964,7.986,-0.0,8.038,ASK
1393,1712616245.4598825,890793996.4682964,8.0,1.7607093884559588e-06,8.038,BID
1394,1712616250.0595922,890805285.5044259,7.999,1.5901369519827614e-06,8.038,BID
1395,1712616251.0394404,890806414.5205529,7.999,1.590295435608031e-07,8.038,BID
1396,1712616256.4002872,890807164.5205529,7.986,-1.0564256330735753e-07,8.038,ASK
1397,1712616263.7999406,890988576.4699543,7.986,-2.555309779912838e-05,8.038,ASK
1398,1712616263.8102589,891294771.1438116,7.986,-4.312958695646508e-05,8.038,ASK
1399,1712616263.813306,891308586.3829801,7.986,-1.945969704622881e-06,8.038,ASK
1400,1712616264.2700765,891317485.8008801,7.986,1.2535430918610855e-06,8.038,BID
1401,1712616269.9299586,891328715.8284283,7.986,1.5818251949379286e-06,8.038,BID
1402,1712616270.1701467,891329963.9916427,7.986,1.758122151999105e-07,8.038,BID
1403,1712616270.3229978,891329963.9916427,7.986,0.0,8.038,BID
1404,1712616274.3218677,891367421.5306321,7.986,5.2728938243159005e-06,8.038,BID
1405,1712616274.3237672,891451638.3194345,7.999,1.1855188503045708e-05,8.038,BID
1406,1712616275.0198507,891462868.6654345,7.998,1.58089462537349e-06,8.038,BID
1407,1712616285.3427906,891463618.8529814,7.998,1.0560382209321013e-07,8.038,BID
1408,1712616289.0497472,891507394.7263247,7.998,6.162325086832779e-06,8.038,BID
1409,1712616289.169766,891507394.7263248,7.998,-1.678107915340795e-17,8.038,ASK
1410,1712616289.1739118,891600735.4659678,7.998,-1.3139566103354797e-05,8.038,ASK
1411,1712616300.3302808,891600735.4659678,7.998,-0.0,8.038,ASK
1412,1712616321.7299345,891601485.6535146,7.985,-1.0557179197223873e-07,8.038,ASK
1413,1712616330.3029304,891601485.6535146,7.985,-0.0,8.038,ASK
1414,1712616352.840019,891602235.7472763,7.999,1.0555850486359905e-07,8.038,BID
1415,1712616360.4530811,891602235.7472763,7.999,0.0,8.038,BID
1416,1712616385.6393092,891602985.8410381,7.986,-1.0555841575080924e-07,8.038,ASK
1417,1712616390.460383,891602985.8410381,7.986,-0.0,8.038,ASK
1418,1712616419.2903993,891603735.9347998,7.999,1.0555832674947136e-07,8.038,BID
1419,1712616420.3157246,891603735.9347998,7.999,0.0,8.038,BID
1420,1712616440.1203804,891757339.2089053,7.998,2.1616085528968982e-05,8.038,BID
1421,1712616440.2609837,891909297.7002403,7.998,-2.1384620638304205e-05,8.038,ASK
1422,1712616440.2650704,891909297.7002411,7.998,-1.1743152935038642e-16,8.038,ASK
1423,1712616450.3311608,891909297.7002411,7.998,-0.0,8.038,ASK
1424,1712616454.195979,891910047.7940029,7.986,-1.055219465662707e-07,8.038,ASK
1425,1712616480.435857,891910047.7940029,7.986,-0.0,8.038,ASK
1426,1712616483.510281,891910797.8877646,7.999,1.0552185762641417e-07,8.038,BID
1427,1712616510.453616,891910797.8877646,7.999,0.0,8.038,BID
1428,1712616540.291378,891910797.8877646,7.999,0.0,8.038,BID
1429,1712616553.7908912,891911547.9815263,7.987,-1.0552176855872473e-07,8.038,ASK
1430,1712616564.930964,891913301.9568769,7.987,-2.467459275897807e-07,8.038,ASK
1431,1712616570.3208818,891913301.9568769,7.987,-0.0,8.038,ASK
1432,1712616581.2309475,891914053.1776105,7.987,1.0568001150056961e-07,8.038,BID
1433,1712616600.3413448,891914053.1776105,7.987,0.0,8.038,BID
1434,1712616630.2901282,891914053.1776105,7.987,0.0,8.038,BID
1435,1712616650.771052,891914804.3983443,7.986,-1.057717012185012e-07,8.038,ASK
1436,1712616660.465569,891914804.3983443,7.986,-0.0,8.038,ASK
1437,1712616668.9210498,891931335.8601097,7.986,-2.327623931256968e-06,8.038,ASK
1438,1712616678.4312737,891932087.1749105,7.986,1.0578485648770984e-07,8.038,BID
1439,1712616683.0910358,891933339.3662454,7.986,1.763080941573728e-07,8.038,BID
1440,1712616690.4513,891933339.3662454,7.986,0.0,8.038,BID
1441,1712616699.0097015,891935844.0625509,7.985,-3.526529984160809e-07,8.038,ASK
1442,1712616699.013106,892070290.6509409,7.985,-1.8929637265075715e-05,8.038,ASK
1443,1712616709.4814415,892071041.9657419,7.98,-1.0578265186719416e-07,8.038,ASK
1444,1712616711.6793177,892083041.9657419,7.986,1.6895605154516252e-06,8.038,BID
1445,1712616714.3413708,892157440.2865438,7.98,-1.0475038770243122e-05,8.038,ASK
1446,1712616714.34584,892224896.8664798,7.98,-9.497664497259752e-06,8.038,ASK
1447,1712616720.3256166,892224896.8664798,7.98,-0.0,8.038,ASK
1448,1712616721.9012682,892256226.8163544,7.98,4.409708845227828e-06,8.038,BID
1449,1712616728.351313,892297756.4708593,7.98,5.845323262318156e-06,8.038,BID
1450,1712616735.8711724,892377406.484073,7.98,-1.1210786139032868e-05,8.038,ASK
1451,1712616739.201316,892378157.7988739,7.986,1.0574799947503666e-07,8.038,BID
1452,1712616743.9013736,892379409.9902087,7.986,1.762466658029135e-07,8.038,BID
1453,1712616750.3054397,892379409.9902087,7.986,0.0,8.038,BID
1454,1712616780.051432,892389409.9902087,7.98,-1.4072616439060626e-06,8.038,ASK
1455,1712616780.461458,892389409.9902087,7.98,-0.0,8.038,ASK
1456,1712616792.771438,892390787.4006771,7.986,1.938355152382047e-07,8.038,BID
1457,1712616810.3967185,892922218.7331157,7.986,7.478545321432704e-05,8.038,BID
1458,1712616810.4519029,892922218.7331157,7.986,0.0,8.038,BID
1459,1712616813.9614265,892922970.0479167,7.986,-1.056651921765433e-07,8.038,ASK
1460,1712616840.2917364,892922970.0479167,7.986,-0.0,8.038,ASK
1461,1712616840.626379,892923721.2686503,7.987,1.0565187335814133e-07,8.038,BID
1462,1712616862.1313677,892929981.441431,7.986,-8.804322780403965e-07,8.038,ASK
1463,1712616870.291313,892929981.441431,7.986,-0.0,8.038,ASK
1464,1712616877.9718416,892930732.6621648,7.986,-1.0565104137573636e-07,8.038,ASK
1465,1712616886.6415477,892931364.9396156,7.987,8.892295980823172e-08,8.038,BID
1466,1712616893.8583162,892931997.2170664,7.987,8.892295980823172e-08,8.038,BID
1467,1712616900.361491,892931997.2170664,7.987,0.0,8.038,BID
1468,1712616900.925628,892932629.4945173,7.987,8.892771697358924e-08,8.038,BID
1469,1712616903.8010435,892933380.715251,7.987,1.05656693416703e-07,8.038,BID
1470,1712616911.9510896,892938380.715251,7.987,7.032333419791712e-07,8.038,BID
1471,1712616919.3913054,892939012.9927019,7.987,8.892771697358924e-08,8.038,BID
1472,1712616930.3066611,892939012.9927019,7.987,0.0,8.038,BID
1473,1712616940.54486,892939764.2134355,7.986,-1.0565586072848869e-07,8.038,ASK
1474,1712616949.4808805,892949408.0803397,7.986,-1.356367060806713e-06,8.038,ASK
1475,1712616953.0514855,892952301.2404108,7.986,-4.069101182269242e-07,8.038,ASK
1476,1712616960.4607294,892952301.2404108,7.986,-0.0,8.038,ASK
1477,1712616969.730645,892953052.4611446,7.987,1.0565428382345125e-07,8.038,BID
1478,1712616990.4666982,892953052.4611446,7.987,0.0,8.038,BID
1479,1712617007.6226735,892953803.6818782,7.986,-1.0565419464925573e-07,8.038,ASK
1480,1712617020.31875,892953803.6818782,7.986,-0.0,8.038,ASK
1481,1712617043.9515572,893030889.1475446,7.987,1.084154837258908e-05,8.038,BID
1482,1712617043.9543495,893052962.9355782,7.987,3.104528702832671e-06,8.038,BID
1483,1712617044.3313866,893141272.1864333,7.999,1.242009770085222e-05,8.038,BID
1484,1712617044.3360336,893141272.1864783,7.987,6.3207739879177666e-15,8.038,BID
1485,1712617050.3107083,893141272.1864783,7.987,0.0,8.038,BID
1486,1712617064.000922,893142022.2802399,7.999,1.0547337753008885e-07,8.038,BID
1487,1712617065.6111012,893154542.6258014,7.999,1.7605307518537556e-06,8.038,BID
1488,1712617080.4545922,893154542.6258014,7.999,0.0,8.038,BID
1489,1712617094.7533965,893217050.4392781,7.999,8.78931693713612e-06,8.038,BID
1490,1712617098.531761,893217800.5330399,7.986,-1.054718032570988e-07,8.038,ASK
1491,1712617106.4004676,893241355.9842459,7.986,-3.312167147291748e-06,8.038,ASK
1492,1712617110.528719,893241355.9842459,7.986,-0.0,8.038,ASK
1493,1712617128.6805892,893242107.2990468,7.986,1.0563318568666777e-07,8.038,BID
1494,1712617140.2998374,893242107.2990468,7.986,0.0,8.038,BID
1495,1712617156.1306243,893256088.9480517,7.98,-1.9657870149004773e-06,8.038,ASK
1496,1712617164.2644887,893256840.2628525,7.98,-1.0563309657600077e-07,8.038,ASK
1497,1712617170.322192,893256840.2628525,7.98,-0.0,8.038,ASK
1498,1712617193.04029,893257591.5776535,7.986,1.0563135051366853e-07,8.038,BID
1499,1712617200.476424,893257591.5776535,7.986,0.0,8.038,BID
1500,1712617230.3184657,893257591.5776535,7.986,0.0,8.038,BID
1501,1712617230.6956067,893258342.8924544,7.98,-1.056645520588481e-07,8.038,ASK
1502,1712617242.4700844,893259094.2072552,7.986,1.056645520588481e-07,8.038,BID
1503,1712617256.0400903,893259845.5220562,7.986,1.056645520756136e-07,8.038,BID
1504,1712617260.4748569,893259845.5220562,7.986,0.0,8.038,BID
1505,1712617278.880031,893510033.1627867,7.98,-3.518618034973536e-05,8.038,ASK
1506,1712617285.7905433,893522568.1452955,7.986,1.7629094464732763e-06,8.038,BID
1507,1712617290.467484,893522568.1452955,7.986,0.0,8.038,BID
1508,1712617299.2006855,893528989.0452955,7.986,9.027638079600936e-07,8.038,BID
1509,1712617299.2044792,894074576.9152198,7.999,7.670840272104104e-05,8.038,BID
1510,1712617299.209042,896199632.4499568,8.0,0.0002987779324818,8.038,BID
1511,1712617299.2133048,896231120.2484349,7.999,4.427112220794452e-06,8.038,BID
1512,1712617299.2153635,897274477.391329,7.986,0.0001466936204247,8.038,BID
1513,1712617320.3203354,897274477.391329,7.986,0.0,8.038,BID
1514,1712617324.8109431,897275228.7061299,7.986,-1.0518945531082796e-07,8.038,ASK
1515,1712617339.7599826,897329484.9254866,7.999,7.59625945719435e-06,8.038,BID
1516,1712617339.764649,898801873.9649024,8.0,0.000206145015225,8.038,BID
1517,1712617350.3369815,898801873.9649024,8.0,0.0,8.038,BID
1518,1712617356.3499403,898802623.8711642,8.001,1.0481293968881187e-07,8.038,BID
1519,1712617356.860037,898809720.409097,8.001,9.918693045154655e-07,8.038,BID
1520,1712617356.864984,899307220.02581,8.002,6.953455382072663e-05,8.038,BID
1521,1712617362.8999572,899307969.9320717,8.002,-1.0481293967215017e-07,8.038,ASK
1522,1712617363.440492,899375760.9380748,8.003,9.475017059571973e-06,8.038,BID
1523,1712617363.4452205,899476011.5646412,8.006,1.4011835093662683e-05,8.038,BID
1524,1712617363.4498038,899540834.2542509,8.009,9.060141250452617e-06,8.038,BID
1525,1712617363.4535708,899650556.0590919,8.0,1.5335603260227767e-05,8.038,BID
1526,1712617368.2201886,899758872.035921,8.009,1.5139113413244108e-05,8.038,BID
1527,1712617368.2250233,899760277.863933,8.009,1.964898469836588e-07,8.038,BID
1528,1712617375.061306,899763777.863933,8.01,4.891881927075276e-07,8.038,BID
1529,1712617375.0653424,899793258.7921056,8.01,4.120491992025409e-06,8.038,BID
1530,1712617375.0700731,899817291.0518112,8.014,3.358942197740312e-06,8.038,BID
1531,1712617375.0737593,899818291.0518112,8.01,1.3976805505929368e-07,8.038,BID
1532,1712617375.0759337,899830791.0518112,8.01,1.7471006882411703e-06,8.038,BID
1533,1712617375.0781028,899955572.683955,8.014,1.74404860318542e-05,8.038,BID
1534,1712617375.0803163,899963779.4826149,8.01,1.1470482869603323e-06,8.038,BID
1535,1712617375.0825033,899964426.3029848,8.013,9.040482508188509e-08,8.038,BID
1536,1712617375.0847352,900064426.3029848,8.014,1.3976805505929364e-05,8.038,BID
1537,1712617377.2708237,900080447.8094553,8.015,2.239294798493541e-06,8.038,BID
1538,1712617377.2758777,900081078.3155807,8.015,8.812461485713628e-08,8.038,BID
1539,1712617377.281145,900082348.3624487,8.02,1.775119805698464e-07,8.038,BID
1540,1712617377.2853904,900110132.6833355,8.021,3.883360491498382e-06,8.038,BID
1541,1712617377.287547,900110783.6598002,8.014,9.09857143505946e-08,8.038,BID
1542,1712617377.2897415,900123260.2661632,8.015,1.7438310051050362e-06,8.038,BID
1543,1712617377.291938,900126785.6252582,8.02,4.927325840905798e-07,8.038,BID
1544,1712617380.466187,900126785.6252582,8.02,0.0,8.038,BID
1545,1712617388.8099618,900127535.5315199,7.988,-1.046577702088691e-07,8.038,ASK
1546,1712617410.4509091,900127535.5315199,7.988,-0.0,8.038,ASK
1547,1712617440.3368216,900127535.5315199,7.988,-0.0,8.038,ASK
1548,1712617452.0307992,900128283.5679244,8.021,1.0439672353759052e-07,8.038,BID
1549,1712617455.5396738,900132023.7499466,8.021,5.219836176546786e-07,8.038,BID
1550,1712617470.3261006,900132023.7499466,8.021,0.0,8.038,BID
1551,1712617496.1596556,900138257.3866502,8.021,8.699683251880367e-07,8.038,BID
1552,1712617497.829788,900139005.4230547,7.991,-1.0439619903055013e-07,8.038,ASK
1553,1712617500.4780936,900139005.4230547,7.991,-0.0,8.038,ASK
1554,1712617523.1994362,900139753.4594591,8.021,1.045677428298524e-07,8.038,BID
1555,1712617530.52232,900139753.4594591,8.021,0.0,8.038,BID
1556,1712617537.6095626,900141744.6182944,8.021,2.783431517118506e-07,8.038,BID
1557,1712617560.3767831,900141744.6182944,8.021,0.0,8.038,BID
1558,1712617565.1005988,900144373.4663179,8.02,3.67484601248843e-07,8.038,BID
1559,1712617590.4047558,900144373.4663179,8.02,0.0,8.038,BID
1560,1712617593.2797694,900147780.5112945,7.991,-4.76266738672971e-07,8.038,ASK
1561,1712617604.959615,900148410.5112945,7.995,-8.806694582121373e-08,8.038,ASK
1562,1712617620.4567456,900148410.5112945,7.995,-0.0,8.038,ASK
1563,1712617647.2611623,900209816.4511907,8.021,8.58382411592353e-06,8.038,BID
1564,1712617647.2691913,900223223.4788755,8.02,1.874143898101632e-06,8.038,BID
