,time,acc_trade_volume,trade_price,dev,high,ask_bid
0,1712601588.5033207,15865215.84012247,139.3,0.0,139.8,BID
1,1712601600.450409,15865215.84012247,139.3,0.0,139.8,BID
2,1712601613.5000606,15865258.91262785,139.1,-1.8967332015250322e-08,139.8,ASK
3,1712601630.4601374,15865258.91262785,139.1,-0.0,139.8,ASK
4,1712601633.800148,15865301.98513323,139.3,1.896728197363056e-08,139.8,BID
5,1712601660.7104962,15865301.98513323,139.3,0.0,139.8,BID
6,1712601679.9997826,15865345.05763861,139.1,-1.8967231858683225e-08,139.8,ASK
7,1712601690.710216,15865345.05763861,139.1,-0.0,139.8,ASK
8,1712601700.5395095,15865388.13014399,139.3,1.8967181817591963e-08,139.8,BID
9,1712601720.4492688,15865388.13014399,139.3,0.0,139.8,BID
10,1712601750.1625912,15865431.20264937,139.1,-1.8967131703173883e-08,139.8,ASK
11,1712601750.4399655,15865431.20264937,139.1,-0.0,139.8,ASK
12,1712601770.9489715,15865474.27515475,139.3,1.8967081662611097e-08,139.8,BID
13,1712601780.6993055,15865474.27515475,139.3,0.0,139.8,BID
14,1712601810.729293,15865474.27515475,139.3,0.0,139.8,BID
15,1712601820.7689092,15865517.34766013,139.1,-1.8967031548722264e-08,139.8,ASK
16,1712601840.4396336,15865517.34766013,139.1,-0.0,139.8,ASK
17,1712601870.4697762,15865517.34766013,139.1,-0.0,139.8,ASK
18,1712601870.718567,15865560.42016551,139.3,1.896698150868795e-08,139.8,BID
19,1712601900.4491484,15865560.42016551,139.3,0.0,139.8,BID
20,1712601912.0887847,15865603.49267089,139.1,-1.896693139532836e-08,139.8,ASK
21,1712601930.459834,15865603.49267089,139.1,-0.0,139.8,ASK
22,1712601934.0281608,15865646.56517627,139.3,1.8966881355822506e-08,139.8,BID
23,1712601960.6985912,15865646.56517627,139.3,0.0,139.8,BID
24,1712601976.378364,15865689.63768165,139.1,-1.8966831242992143e-08,139.8,ASK
25,1712601990.718466,15865689.63768165,139.1,-0.0,139.8,ASK
26,1712601998.858334,15865732.71018703,139.3,1.8966781203194545e-08,139.8,BID
27,1712602020.6154535,15865732.71018703,139.3,0.0,139.8,BID
28,1712602047.3279903,15865775.78269241,139.1,-1.8966731092533807e-08,139.8,ASK
29,1712602050.4186318,15865775.78269241,139.1,-0.0,139.8,ASK
30,1712602080.708073,15865775.78269241,139.1,-0.0,139.8,ASK
31,1712602103.537956,15865818.85519779,139.3,1.8966681052444453e-08,139.8,BID
32,1712602110.7079127,15865818.85519779,139.3,0.0,139.8,BID
33,1712602140.4479856,15865818.85519779,139.3,0.0,139.8,BID
34,1712602151.117746,15865861.92770317,139.1,-1.8966630942312922e-08,139.8,ASK
35,1712602170.4513474,15865861.92770317,139.1,-0.0,139.8,ASK
36,1712602171.607589,15865905.00020855,139.3,1.8966580902752017e-08,139.8,BID
37,1712602200.4817617,15865905.00020855,139.3,0.0,139.8,BID
38,1712602216.777451,15865948.07271393,139.1,-1.896653079314968e-08,139.8,ASK
39,1712602230.467415,15865948.07271393,139.1,-0.0,139.8,ASK
40,1712602248.9875004,15866023.26068385,139.1,-3.3108155001996696e-08,139.8,ASK
41,1712602260.503742,15866023.26068385,139.1,-0.0,139.8,ASK
42,1712602269.3074956,15867237.9331515,139.1,-5.348645424678873e-07,139.8,ASK
43,1712602270.347482,15867281.00565688,139.3,1.896639340734429e-08,139.8,BID
44,1712602271.8075938,15867352.79316585,139.3,3.1610655681094326e-08,139.8,BID
45,1712602290.4788678,15867352.79316585,139.3,0.0,139.8,BID
46,1712602318.7972028,15867395.86567123,139.1,-1.8964848815279045e-08,139.8,ASK
47,1712602320.6974168,15867395.86567123,139.1,-0.0,139.8,ASK
48,1712602342.529099,15867438.93817661,139.3,1.8964798785121165e-08,139.8,BID
49,1712602350.7373922,15867438.93817661,139.3,0.0,139.8,BID
50,1712602380.4440577,15867438.93817661,139.3,0.0,139.8,BID
51,1712602387.417271,15867482.01068199,139.1,-1.896474868493514e-08,139.8,ASK
52,1712602408.087113,15867525.08318737,139.3,1.896474868411502e-08,139.8,BID
53,1712602410.4369838,15867525.08318737,139.3,0.0,139.8,BID
54,1712602440.687053,15867525.08318737,139.3,0.0,139.8,BID
55,1712602451.7769322,15868242.9582771,139.3,3.16077475948799e-07,139.8,BID
56,1712602458.6267571,15868286.03078248,139.1,-1.8964648554828443e-08,139.8,ASK
57,1712602470.738528,15868286.03078248,139.1,-0.0,139.8,ASK
58,1712602500.5187104,15868286.03078248,139.1,-0.0,139.8,ASK
59,1712602514.7667184,15868329.10328786,139.3,1.898394215581865e-08,139.8,BID
60,1712602520.10737,15874804.23920226,139.3,2.853876378046607e-06,139.8,BID
61,1712602520.109748,15874891.55985641,139.3,3.8486041913098375e-08,139.8,BID
62,1712602530.5379207,15874891.55985641,139.3,0.0,139.8,BID
63,1712602560.508208,15874934.63236179,139.1,-1.8976246328716453e-08,139.8,ASK
64,1712602560.742566,15874934.63236179,139.1,-0.0,139.8,ASK
65,1712602579.9812882,15874977.70486717,139.3,1.8976196238406724e-08,139.8,BID
66,1712602590.7366345,15874977.70486717,139.3,0.0,139.8,BID
67,1712602599.2600367,15875640.71568986,139.3,2.920979430240232e-07,139.8,BID
68,1712602599.2620764,15876259.63326051,139.3,2.726720938802964e-07,139.8,BID
69,1712602599.2641492,15884200.36811562,139.3,3.498392843517227e-06,139.8,BID
70,1712602620.557296,15884200.36811562,139.3,0.0,139.8,BID
71,1712602630.3499763,15884243.440621,139.3,-1.8965411680907423e-08,139.8,ASK
72,1712602630.4297671,15885685.688994,139.3,-6.350416326917012e-07,139.8,ASK
73,1712602650.513554,15885685.688994,139.3,-0.0,139.8,ASK
74,1712602650.7606242,15885728.73060088,139.4,1.895008023798544e-08,139.8,BID
75,1712602680.7424984,15885728.73060088,139.4,0.0,139.8,BID
76,1712602698.9716575,15885728.73060115,139.3,-1.189103226043864e-16,139.8,ASK
77,1712602698.9726784,15885771.77220776,139.1,-1.8950030059074864e-08,139.8,ASK
78,1712602710.7038949,15885771.77220776,139.1,-0.0,139.8,ASK
79,1712602718.5626063,15885814.81381464,139.4,1.894998022762008e-08,139.8,BID
80,1712602740.4797084,15885814.81381464,139.4,0.0,139.8,BID
81,1712602760.712922,15885857.85542152,139.1,-1.894993016896828e-08,139.8,ASK
82,1712602770.5084414,15885857.85542152,139.1,-0.0,139.8,ASK
83,1712602781.1429548,15885900.8970284,139.4,1.894988021749027e-08,139.8,BID
84,1712602800.6589775,15885900.8970284,139.4,0.0,139.8,BID
85,1712602829.743827,15885943.93863528,139.1,-1.8949830160186907e-08,139.8,ASK
86,1712602830.529969,15885943.93863528,139.1,-0.0,139.8,ASK
87,1712602850.694517,15885986.98024216,139.4,1.8949780209236137e-08,139.8,BID
88,1712602860.7381785,15885986.98024216,139.4,0.0,139.8,BID
89,1712602890.74127,15885986.98024216,139.4,0.0,139.8,BID
90,1712602902.1851478,15886030.02184904,139.1,-1.894973015246113e-08,139.8,ASK
91,1712602920.5120676,15886030.02184904,139.1,-0.0,139.8,ASK
92,1712602923.225598,15886073.06345592,139.4,1.8949680202857646e-08,139.8,BID
93,1712602950.5641413,15886073.06345592,139.4,0.0,139.8,BID
94,1712602972.335953,15886116.1050628,139.1,-1.8949630144970872e-08,139.8,ASK
95,1712602980.748471,15886116.1050628,139.1,-0.0,139.8,ASK
96,1712602995.2164454,15886159.14666968,139.4,1.8949580196714653e-08,139.8,BID
97,1712603010.748659,15886159.14666968,139.4,0.0,139.8,BID
98,1712603040.5431185,15886159.14666968,139.4,0.0,139.8,BID
99,1712603070.5573473,15886159.14666968,139.4,0.0,139.8,BID
100,1712603083.1973977,15886202.18827656,139.1,-1.8949530139356243e-08,139.8,ASK
101,1712603098.987615,15886245.22988344,139.4,1.8949530140176293e-08,139.8,BID
102,1712603100.743559,15886245.22988344,139.4,0.0,139.8,BID
103,1712603130.748257,15886245.22988344,139.4,0.0,139.8,BID
104,1712603148.4979477,15886288.27149032,139.1,-1.894957976284818e-08,139.8,ASK
105,1712603160.5261128,15886288.27149032,139.1,-0.0,139.8,ASK
106,1712603190.5224817,15886288.27149032,139.1,-0.0,139.8,ASK
107,1712603203.8584616,15886331.3130972,139.4,1.8949529813217463e-08,139.8,BID
108,1712603220.7284548,15886331.3130972,139.4,0.0,139.8,BID
109,1712603242.6693072,15886573.48669834,139.4,1.066192478688671e-07,139.8,BID
110,1712603249.5852568,15886616.52830522,139.1,-1.8949479756945283e-08,139.8,ASK
111,1712603250.7672217,15886616.52830522,139.1,-0.0,139.8,ASK
112,1712603271.479025,15886659.5699121,139.4,1.894914817428091e-08,139.8,BID
113,1712603280.5080335,15886659.5699121,139.4,0.0,139.8,BID
114,1712603310.4970942,15886659.5699121,139.4,0.0,139.8,BID
115,1712603316.42942,15886702.61151898,139.1,-1.894909811920492e-08,139.8,ASK
116,1712603336.799332,15886745.65312586,139.4,1.8949098120024944e-08,139.8,BID
117,1712603340.7764275,15886745.65312586,139.4,0.0,139.8,BID
118,1712603369.3397412,15886836.13409736,139.4,3.9834102002931525e-08,139.8,BID
119,1712603369.3422062,15886900.22311929,139.4,2.821508870335979e-08,139.8,BID
120,1712603370.7324646,15886900.22311929,139.4,0.0,139.8,BID
121,1712603387.3000617,15886943.26472617,139.1,-1.8948818369631025e-08,139.8,ASK
122,1712603400.5439303,15886943.26472617,139.1,-0.0,139.8,ASK
123,1712603408.7997153,15886986.30633305,139.4,1.8970165210205804e-08,139.8,BID
124,1712603430.5363674,15886986.30633305,139.4,0.0,139.8,BID
125,1712603450.4701986,15887029.34793993,139.1,-1.8970115044855236e-08,139.8,ASK
126,1712603460.7446125,15887029.34793993,139.1,-0.0,139.8,ASK
127,1712603470.0309477,15887072.38954681,139.4,1.8970064986908048e-08,139.8,BID
128,1712603490.7725255,15887072.38954681,139.4,0.0,139.8,BID
129,1712603494.2006958,15887186.86007894,139.4,5.0451362034843934e-08,139.8,BID
130,1712603517.8805375,15887229.90168582,139.1,-1.897001482290848e-08,139.8,ASK
131,1712603520.5419295,15887229.90168582,139.1,-0.0,139.8,ASK
132,1712603534.2208002,15887272.9432927,139.4,1.8969831352538444e-08,139.8,BID
133,1712603550.5452793,15887272.9432927,139.4,0.0,139.8,BID
134,1712603580.5500562,15887272.9432927,139.4,0.0,139.8,BID
135,1712603587.710947,15887315.98489958,139.1,-1.8969781189774506e-08,139.8,ASK
136,1712603602.480842,15887359.02650646,139.4,1.8969781188953585e-08,139.8,BID
137,1712603610.5285168,15887359.02650646,139.4,0.0,139.8,BID
138,1712603640.7432666,15887359.02650646,139.4,0.0,139.8,BID
139,1712603649.7912338,15887402.06811334,139.1,-1.8969680971355322e-08,139.8,ASK
140,1712603651.2313104,15887448.5367111,139.4,2.0480054965053932e-08,139.8,BID
141,1712603667.3715472,15887491.57831798,139.4,1.8969680970534395e-08,139.8,BID
142,1712603670.7661216,15887491.57831798,139.4,0.0,139.8,BID
143,1712603700.5597632,15887491.57831798,139.4,0.0,139.8,BID
144,1712603721.0215957,15887534.61992486,139.1,-1.8969526597806693e-08,139.8,ASK
145,1712603730.4896507,15887534.61992486,139.1,-0.0,139.8,ASK
146,1712603736.7915804,15887577.66153174,139.4,1.8969476543785903e-08,139.8,BID
147,1712603760.747407,15887577.66153174,139.4,0.0,139.8,BID
148,1712603787.8720088,15887620.70313862,139.1,-1.8969426381256616e-08,139.8,ASK
149,1712603790.7800577,15887620.70313862,139.1,-0.0,139.8,ASK
150,1712603805.4719524,15887663.7447455,139.4,1.8969376328585604e-08,139.8,BID
151,1712603820.5581708,15887663.7447455,139.4,0.0,139.8,BID
152,1712603850.556877,15887663.7447455,139.4,0.0,139.8,BID
153,1712603850.7517183,15887706.78635238,139.1,-1.8969326166586324e-08,139.8,ASK
154,1712603872.392087,15887749.82795926,139.4,1.8969326167407232e-08,139.8,BID
155,1712603880.7958758,15887749.82795926,139.4,0.0,139.8,BID
156,1712603910.772488,15887749.82795926,139.4,0.0,139.8,BID
157,1712603923.7822497,15887792.86956614,139.2,-1.89692259537958e-08,139.8,ASK
158,1712603940.4860363,15887792.86956614,139.2,-0.0,139.8,ASK
159,1712603943.9620914,15887835.91117302,139.4,1.896917586455772e-08,139.8,BID
160,1712603970.5059006,15887835.91117302,139.4,0.0,139.8,BID
161,1712603994.8325431,15887878.9527799,139.2,-1.8969125705260417e-08,139.8,ASK
162,1712604000.5378494,15887878.9527799,139.2,-0.0,139.8,ASK
163,1712604012.6422453,15887921.99438678,139.4,1.8969075616551762e-08,139.8,BID
164,1712604030.5339932,15887921.99438678,139.4,0.0,139.8,BID
165,1712604060.8019583,15887921.99438678,139.4,0.0,139.8,BID
166,1712604061.60261,15887965.03599366,139.2,-1.896902545778461e-08,139.8,ASK
167,1712604080.2827036,15888008.07760054,139.4,1.896902545778461e-08,139.8,BID
168,1712604090.7866747,15888008.07760054,139.4,0.0,139.8,BID
169,1712604120.566015,15888008.07760054,139.4,0.0,139.8,BID
170,1712604127.3528976,15888051.11920742,139.2,-1.8968925210547504e-08,139.8,ASK
171,1712604146.502952,15888094.1608143,139.4,1.8968925211368392e-08,139.8,BID
172,1712604150.521032,15888094.1608143,139.4,0.0,139.8,BID
173,1712604180.7335358,15888094.1608143,139.4,0.0,139.8,BID
174,1712604192.6230264,15888137.20242118,139.2,-1.8968824966011708e-08,139.8,ASK
175,1712604210.8047118,15888137.20242118,139.2,-0.0,139.8,ASK
176,1712604212.3772218,15888180.24402806,139.4,1.8968774878891253e-08,139.8,BID
177,1712604240.515758,15888180.24402806,139.4,0.0,139.8,BID
178,1712604256.753878,15888208.4061097,139.4,1.2411218189507212e-08,139.8,BID
179,1712604256.7568128,15895260.8930866,139.4,3.108078293614728e-06,139.8,BID
180,1712604257.7732742,15895303.93469348,139.2,-1.8968724721714562e-08,139.8,ASK
181,1712604270.5591822,15895303.93469348,139.2,-0.0,139.8,ASK
182,1712604293.5234656,15898412.36779773,139.4,1.369308049876067e-06,139.8,BID
183,1712604293.5254314,15902439.85476841,139.4,1.7741640706958263e-06,139.8,BID
184,1712604293.6629522,15903531.92391641,139.4,-4.810716606168284e-07,139.8,ASK
185,1712604300.7652147,15903531.92391641,139.4,-0.0,139.8,ASK
186,1712604312.713454,15903574.93466909,139.5,1.8937266968265307e-08,139.8,BID
187,1712604330.740361,15903574.93466909,139.5,0.0,139.8,BID
188,1712604360.5756962,15903574.93466909,139.5,0.0,139.8,BID
189,1712604362.643345,15903617.94542177,139.2,-1.893721694089627e-08,139.8,ASK
190,1712604382.9331872,15903660.95617445,139.5,1.893721694089627e-08,139.8,BID
191,1712604390.547012,15903660.95617445,139.5,0.0,139.8,BID
192,1712604420.5427864,15903660.95617445,139.5,0.0,139.8,BID
193,1712604433.293226,15903703.96692713,139.2,-1.8937116994535483e-08,139.8,ASK
194,1712604450.5124245,15903703.96692713,139.2,-0.0,139.8,ASK
195,1712604453.123401,15903746.97767981,139.5,1.893706707554257e-08,139.8,BID
196,1712604480.7545886,15903746.97767981,139.5,0.0,139.8,BID
197,1712604500.4234838,15903789.98843249,139.2,-1.8937017049229672e-08,139.8,ASK
198,1712604510.7618854,15903789.98843249,139.2,-0.0,139.8,ASK
199,1712604517.165847,15904364.70107616,139.5,2.5303706084473894e-07,139.8,BID
200,1712604519.393247,15904407.71182884,139.5,1.8936967131583778e-08,139.8,BID
201,1712604540.5801623,15904407.71182884,139.5,0.0,139.8,BID
202,1712604568.5935943,15904450.72258152,139.2,-1.8936248682351562e-08,139.8,ASK
203,1712604570.5549588,15904450.72258152,139.2,-0.0,139.8,ASK
204,1712604588.2837012,15904493.7333342,139.5,1.893619876793636e-08,139.8,BID
205,1712604600.6268437,15904493.7333342,139.5,0.0,139.8,BID
206,1712604630.539215,15904493.7333342,139.5,0.0,139.8,BID
207,1712604637.6935198,15904536.74408688,139.3,-1.893614874621097e-08,139.8,ASK
208,1712604656.607649,15904579.75483956,139.5,1.893614874621097e-08,139.8,BID
209,1712604660.8179884,15904579.75483956,139.5,0.0,139.8,BID
210,1712604690.7728767,15904579.75483956,139.5,0.0,139.8,BID
211,1712604704.2443354,15904622.76559224,139.3,-1.8936048775267823e-08,139.8,ASK
212,1712604720.5433092,15904622.76559224,139.3,-0.0,139.8,ASK
213,1712604723.8343165,15904665.77634492,139.5,1.8935998826049285e-08,139.8,BID
214,1712604750.569428,15904665.77634492,139.5,0.0,139.8,BID
215,1712604777.033767,15904708.7870976,139.3,-1.893594880538024e-08,139.8,ASK
216,1712604780.6037526,15904708.7870976,139.3,-0.0,139.8,ASK
217,1712604810.5467,15904708.7870976,139.3,-0.0,139.8,ASK
218,1712604828.2437005,15904751.79785028,139.5,1.893589885668909e-08,139.8,BID
219,1712604840.9198754,15904751.79785028,139.5,0.0,139.8,BID
220,1712604870.7419877,15904751.79785028,139.5,0.0,139.8,BID
221,1712604872.684088,15904794.80860296,139.3,-1.893584883736823e-08,139.8,ASK
222,1712604896.054115,15904894.80860296,139.3,-4.40258485535645e-08,139.8,ASK
223,1712604900.5414505,15904894.80860296,139.3,-0.0,139.8,ASK
224,1712604900.893746,15904944.74762735,139.4,-2.198798115104673e-08,139.8,ASK
225,1712604903.0539255,15904994.60083694,139.5,2.1950197189715625e-08,139.8,BID
226,1712604925.6041372,15905037.61158962,139.5,1.8937486881053783e-08,139.8,BID
227,1712604930.5391746,15905037.61158962,139.5,0.0,139.8,BID
228,1712604960.742151,15905037.61158962,139.5,0.0,139.8,BID
229,1712604970.3095725,15905080.6223423,139.3,-1.8937320820511282e-08,139.8,ASK
230,1712604990.7562273,15905080.6223423,139.3,-0.0,139.8,ASK
231,1712604991.732906,15905123.63309498,139.5,1.8937270864581762e-08,139.8,BID
232,1712605020.6047485,15905123.63309498,139.5,0.0,139.8,BID
233,1712605045.8345308,15905166.64384766,139.3,-1.8937220837192145e-08,139.8,ASK
234,1712605050.5280955,15905166.64384766,139.3,-0.0,139.8,ASK
235,1712605080.74323,15905166.64384766,139.3,-0.0,139.8,ASK
236,1712605081.066861,15908989.03782206,139.4,-1.6829588733234827e-06,139.8,ASK
237,1712605101.304196,15909032.04857474,139.5,1.8937170881790128e-08,139.8,BID
238,1712605110.7776363,15909032.04857474,139.5,0.0,139.8,BID
239,1712605110.914132,15909534.28491176,139.5,2.2107679700197729e-07,139.8,BID
240,1712605140.549425,15909534.28491176,139.5,0.0,139.8,BID
241,1712605153.3649182,15909577.29566444,139.4,-1.8932095306521432e-08,139.8,ASK
242,1712605170.5625384,15909577.29566444,139.4,-0.0,139.8,ASK
243,1712605177.00521,15909620.30641712,139.5,1.8932045341495376e-08,139.8,BID
244,1712605200.6000428,15909620.30641712,139.5,0.0,139.8,BID
245,1712605228.1043644,15909663.3171698,139.4,-1.8931995341710887e-08,139.8,ASK
246,1712605230.5097318,15909663.3171698,139.4,-0.0,139.8,ASK
247,1712605251.6045818,15909706.32792248,139.5,1.8931945378032352e-08,139.8,BID
248,1712605260.7759387,15909706.32792248,139.5,0.0,139.8,BID
249,1712605269.324391,15909778.01251029,139.5,3.155315896927239e-08,139.8,BID
250,1712605290.741443,15909778.01251029,139.5,0.0,139.8,BID
251,1712605302.7245266,15909821.02326297,139.4,-1.8931812047268584e-08,139.8,ASK
252,1712605320.5097957,15909821.02326297,139.4,-0.0,139.8,ASK
253,1712605324.7247632,15909864.03401565,139.5,1.8931762084557516e-08,139.8,BID
254,1712605350.5283835,15909864.03401565,139.5,0.0,139.8,BID
255,1712605373.0448742,15909907.04476833,139.4,-1.893171208626917e-08,139.8,ASK
256,1712605380.7500434,15909907.04476833,139.4,-0.0,139.8,ASK
257,1712605410.774078,15909907.04476833,139.4,-0.0,139.8,ASK
258,1712605440.5484774,15909907.04476833,139.4,-0.0,139.8,ASK
259,1712605467.475042,15909950.05552101,139.5,1.893166212408572e-08,139.8,BID
260,1712605470.560383,15909950.05552101,139.5,0.0,139.8,BID
261,1712605478.234964,15931439.56985792,139.5,9.45882424421617e-06,139.8,BID
262,1712605500.5747087,15931439.56985792,139.5,0.0,139.8,BID
263,1712605523.114939,15931482.5806106,139.4,-1.890749580480634e-08,139.8,ASK
264,1712605530.585466,15931482.5806106,139.4,-0.0,139.8,ASK
265,1712605542.0649984,15931525.59136328,139.5,1.8907445970358064e-08,139.8,BID
266,1712605560.760157,15931525.59136328,139.5,0.0,139.8,BID
267,1712605590.7561562,15931525.59136328,139.5,0.0,139.8,BID
268,1712605595.7234266,15931568.60211596,139.4,-1.8907396101242333e-08,139.8,ASK
269,1712605614.9949553,15931611.61286864,139.5,1.890739610042352e-08,139.8,BID
270,1712605620.5127826,15931611.61286864,139.5,0.0,139.8,BID
271,1712605640.0681086,15933075.79427685,139.5,6.436463009666796e-07,139.8,BID
272,1712605640.0714753,15938780.07165,139.5,2.507569765829192e-06,139.8,BID
273,1712605650.5168123,15938780.07165,139.5,0.0,139.8,BID
274,1712605664.77519,15946063.39284446,139.4,-3.200302132415892e-06,139.8,ASK
275,1712605667.2150762,15946106.40359714,139.4,-1.889898850301997e-08,139.8,ASK
276,1712605680.7965205,15946106.40359714,139.4,-0.0,139.8,ASK
277,1712605685.8949482,15946149.41434982,139.5,1.8890511260729453e-08,139.8,BID
278,1712605710.7697735,15946149.41434982,139.5,0.0,139.8,BID
279,1712605735.585225,15946192.4251025,139.4,-1.889046148008814e-08,139.8,ASK
280,1712605740.5506332,15946192.4251025,139.4,-0.0,139.8,ASK
281,1712605754.2480402,15946235.43585518,139.5,1.8890411735393973e-08,139.8,BID
282,1712605770.562317,15946235.43585518,139.5,0.0,139.8,BID
283,1712605798.0493402,15946278.44660786,139.4,-1.8890361955277202e-08,139.8,ASK
284,1712605800.5814338,15946278.44660786,139.4,-0.0,139.8,ASK
285,1712605817.3752651,15946321.45736054,139.5,1.8890312211107185e-08,139.8,BID
286,1712605830.5379758,15946321.45736054,139.5,0.0,139.8,BID
287,1712605860.7330332,15946321.45736054,139.5,0.0,139.8,BID
288,1712605865.9308422,15946364.46811322,139.4,-1.8890262431514956e-08,139.8,ASK
289,1712605882.5670848,15946407.4788659,139.5,1.8890262431514956e-08,139.8,BID
290,1712605890.776971,15946407.4788659,139.5,0.0,139.8,BID
291,1712605920.5857584,15946407.4788659,139.5,0.0,139.8,BID
292,1712605932.4052367,15946450.48961858,139.4,-1.8890162909619442e-08,139.8,ASK
293,1712605950.110373,15946493.50037126,139.5,1.8890162908801377e-08,139.8,BID
294,1712605950.599654,15946493.50037126,139.5,0.0,139.8,BID
295,1712605980.7664769,15946493.50037126,139.5,0.0,139.8,BID
296,1712605998.0954175,15946536.51112394,139.4,-1.889006338713646e-08,139.8,ASK
297,1712606010.7666936,15946536.51112394,139.4,-0.0,139.8,ASK
298,1712606017.3252995,15946579.52187662,139.5,1.8890013644538875e-08,139.8,BID
299,1712606030.8587277,15946972.27459733,139.5,1.724941739191512e-07,139.8,BID
300,1712606030.8614612,15950163.7512673,139.5,1.4016736300994672e-06,139.8,BID
301,1712606040.5531836,15950163.7512673,139.5,0.0,139.8,BID
302,1712606061.9657233,15950206.76201998,139.4,-1.8885816619944468e-08,139.8,ASK
303,1712606070.4952247,15950206.76201998,139.4,-0.0,139.8,ASK
304,1712606080.8354657,15950249.77277266,139.5,1.888576689971009e-08,139.8,BID
305,1712606100.5588849,15950249.77277266,139.5,0.0,139.8,BID
306,1712606123.925954,15950292.78352534,139.4,-1.9056400326403214e-08,139.8,ASK
307,1712606130.5956223,15950292.78352534,139.4,-0.0,139.8,ASK
308,1712606160.7805734,15950292.78352534,139.4,-0.0,139.8,ASK
309,1712606175.9756775,15950335.79427802,139.5,1.905634970393045e-08,139.8,BID
310,1712606190.736159,15950335.79427802,139.5,0.0,139.8,BID
311,1712606220.5392811,15950335.79427802,139.5,0.0,139.8,BID
312,1712606222.8255832,15950378.8050307,139.4,-1.9056299045412386e-08,139.8,ASK
313,1712606241.3056426,15950421.81578338,139.5,1.9056299045412386e-08,139.8,BID
314,1712606250.5449114,15950421.81578338,139.5,0.0,139.8,BID
315,1712606275.546018,15950708.81046287,139.5,1.2715488637752286e-07,139.8,BID
316,1712606275.5500686,15950746.22053481,139.5,1.657477921017907e-08,139.8,BID
317,1712606280.8041568,15950746.22053481,139.5,0.0,139.8,BID
318,1712606288.8360665,15950789.23128749,139.5,-1.90558156908988e-08,139.8,ASK
319,1712606305.5558138,15950832.21123018,139.6,1.9042165394762828e-08,139.8,BID
320,1712606310.8068554,15950832.21123018,139.6,0.0,139.8,BID
321,1712606340.551844,15950832.21123018,139.6,0.0,139.8,BID
322,1712606356.9358757,15950875.19117287,139.5,-1.904206415707194e-08,139.8,ASK
323,1712606370.5515006,15950875.19117287,139.5,-0.0,139.8,ASK
324,1712606375.511323,15950918.17111556,139.6,1.9042013574477386e-08,139.8,BID
325,1712606400.698787,15950918.17111556,139.6,0.0,139.8,BID
326,1712606421.826607,15950961.15105825,139.5,-1.9041962955066683e-08,139.8,ASK
327,1712606430.5809507,15950961.15105825,139.5,-0.0,139.8,ASK
328,1712606440.076305,15951004.13100094,139.6,1.9041912373835005e-08,139.8,BID
329,1712606440.2170649,15951041.3802846,139.6,1.6502990721789725e-08,139.8,BID
330,1712606452.1961782,15951925.4824312,139.6,3.916942311036477e-07,139.8,BID
331,1712606452.2002182,15953180.9265573,139.6,5.562142604881614e-07,139.8,BID
332,1712606460.76537,15953180.9265573,139.6,0.0,139.8,BID
333,1712606484.9213803,15953223.90649999,139.2,-1.903929846593563e-08,139.8,ASK
334,1712606490.74501,15953223.90649999,139.2,-0.0,139.8,ASK
335,1712606503.3468578,15953266.88644268,139.6,1.903924800760633e-08,139.8,BID
336,1712606520.6017375,15953266.88644268,139.6,0.0,139.8,BID
337,1712606550.5610192,15953266.88644268,139.6,0.0,139.8,BID
338,1712606550.6699662,15953309.86638537,139.2,-1.903919740372296e-08,139.8,ASK
339,1712606568.9768624,15953352.84632806,139.6,1.9039197402897848e-08,139.8,BID
340,1712606580.5759478,15953352.84632806,139.6,0.0,139.8,BID
341,1712606610.574682,15953352.84632806,139.6,0.0,139.8,BID
342,1712606615.2258208,15953395.82627075,139.2,-1.903909634175808e-08,139.8,ASK
343,1712606634.3354838,15953438.80621344,139.6,1.903909634175808e-08,139.8,BID
344,1712606640.803532,15953438.80621344,139.6,0.0,139.8,BID
345,1712606670.762601,15953438.80621344,139.6,0.0,139.8,BID
346,1712606680.1571534,15953481.78615613,139.2,-1.903899528004098e-08,139.8,ASK
347,1712606698.5232053,15953524.76609882,139.6,1.9038995280866084e-08,139.8,BID
348,1712606700.5189457,15953524.76609882,139.6,0.0,139.8,BID
349,1712606730.5042143,15953524.76609882,139.6,0.0,139.8,BID
350,1712606749.7421236,15953567.74604151,139.2,-1.9047980232429576e-08,139.8,ASK
351,1712606757.171996,15953704.80582997,139.6,6.074256915697359e-08,139.8,BID
352,1712606760.8044786,15953704.80582997,139.6,0.0,139.8,BID
353,1712606766.0014827,15953747.78577266,139.6,1.9047768209026332e-08,139.8,BID
354,1712606790.758736,15953747.78577266,139.6,0.0,139.8,BID
355,1712606817.5403028,15953790.76571535,139.2,-1.90477175590162e-08,139.8,ASK
356,1712606820.525089,15953790.76571535,139.2,-0.0,139.8,ASK
357,1712606832.8400755,15953833.74565804,139.6,1.9047667056051832e-08,139.8,BID
358,1712606850.4903743,15953833.74565804,139.6,0.0,139.8,BID
359,1712606851.100019,15953935.06140419,139.2,-4.490055937417565e-08,139.8,ASK
360,1712606851.1040118,15954918.65540533,139.1,-4.359038207478518e-07,139.8,ASK
361,1712606879.0589972,15954961.63534802,139.1,-1.904761640740512e-08,139.8,ASK
362,1712606880.7403407,15954961.63534802,139.1,-0.0,139.8,ASK
363,1712606897.5386622,15955004.61529071,139.6,1.904629204438592e-08,139.8,BID
364,1712606910.7651632,15955004.61529071,139.6,0.0,139.8,BID
365,1712606940.5398197,15955004.61529071,139.6,0.0,139.8,BID
366,1712606945.757894,15955047.5952334,139.1,-1.904624140222595e-08,139.8,ASK
367,1712606953.618184,15955132.09096935,139.6,3.744365589392682e-08,139.8,BID
368,1712606962.235713,15955175.07091204,139.6,1.9046241403051368e-08,139.8,BID
369,1712606970.6242397,15955175.07091204,139.6,0.0,139.8,BID
370,1712607000.6891632,15955175.07091204,139.6,0.0,139.8,BID
371,1712607013.6568663,15955218.05085473,139.2,-1.904633866368084e-08,139.8,ASK
372,1712607030.5054889,15955218.05085473,139.2,-0.0,139.8,ASK
373,1712607060.7666578,15955218.05085473,139.2,-0.0,139.8,ASK
374,1712607062.376148,15955261.03079742,139.6,1.9046288168028235e-08,139.8,BID
375,1712607088.588159,15957565.37446531,139.1,-1.0211552363564106e-06,139.8,ASK
376,1712607088.5952587,15961216.57124675,139.2,-1.61800462504463e-06,139.8,ASK
377,1712607090.7459447,15961216.57124675,139.2,-0.0,139.8,ASK
378,1712607109.3918064,15961259.55118944,139.1,-1.9039245021197282e-08,139.8,ASK
379,1712607120.5323803,15961259.55118944,139.1,-0.0,139.8,ASK
380,1712607127.4848566,15961302.53113213,139.6,1.903919459940036e-08,139.8,BID
381,1712607150.5774162,15961302.53113213,139.6,0.0,139.8,BID
382,1712607172.554398,15961345.51107482,139.1,-1.9039143995800893e-08,139.8,ASK
383,1712607180.7855482,15961345.51107482,139.1,-0.0,139.8,ASK
384,1712607191.904431,15961388.49101751,139.6,1.903909357288885e-08,139.8,BID
385,1712607210.7358682,15961388.49101751,139.6,0.0,139.8,BID
386,1712607240.543773,15961388.49101751,139.6,0.0,139.8,BID
387,1712607240.773588,15961431.4709602,139.1,-1.903904297065152e-08,139.8,ASK
388,1712607258.933391,15961474.45090289,139.6,1.903904297065152e-08,139.8,BID
389,1712607270.5964742,15961474.45090289,139.6,0.0,139.8,BID
390,1712607300.5730534,15961474.45090289,139.6,0.0,139.8,BID
391,1712607308.6427157,15961517.43084558,139.1,-1.903953919388677e-08,139.8,ASK
392,1712607326.2842302,15961560.41078827,139.6,1.90395391947119e-08,139.8,BID
393,1712607330.5245535,15961560.41078827,139.6,0.0,139.8,BID
394,1712607360.7750826,15961560.41078827,139.6,0.0,139.8,BID
395,1712607371.462517,15961603.39073096,139.1,-1.903943816536849e-08,139.8,ASK
396,1712607390.4724286,15961646.37067365,139.6,1.903943816536849e-08,139.8,BID
397,1712607390.7695282,15961646.37067365,139.6,0.0,139.8,BID
398,1712607420.502333,15961646.37067365,139.6,0.0,139.8,BID
399,1712607436.2717166,15961689.35061634,139.4,-1.9039337136272147e-08,139.8,ASK
400,1712607450.4970698,15961689.35061634,139.4,-0.0,139.8,ASK
401,1712607454.9312394,15961732.33055903,139.6,1.9039286605239e-08,139.8,BID
402,1712607477.1713183,15962354.7611492,139.1,-2.757247603473951e-07,139.8,ASK
403,1712607477.1754346,15962455.25322946,139.4,-4.4516055579743966e-08,139.8,ASK
404,1712607480.7636151,15962455.25322946,139.4,-0.0,139.8,ASK
405,1712607503.1108546,15962498.23317215,139.1,-1.9038387674700543e-08,139.8,ASK
406,1712607510.7361405,15962498.23317215,139.1,-0.0,139.8,ASK
407,1712607521.1232584,15962541.21311484,139.6,1.9038337256619507e-08,139.8,BID
408,1712607538.3009632,15963450.69298135,139.6,4.0286197102088333e-07,139.8,BID
409,1712607538.3050046,15969704.53689707,139.6,2.770194238622245e-06,139.8,BID
410,1712607540.5088468,15969704.53689707,139.6,0.0,139.8,BID
411,1712607565.470445,15969747.51683976,139.1,-1.9029857239342764e-08,139.8,ASK
412,1712607570.5365503,15969747.51683976,139.1,-0.0,139.8,ASK
413,1712607585.0202594,15969790.49678245,139.6,1.902980686725741e-08,139.8,BID
414,1712607600.54422,15969790.49678245,139.6,0.0,139.8,BID
415,1712607626.119834,15969933.76325809,139.6,6.343408895471628e-08,139.8,BID
416,1712607629.830339,15969976.74320078,139.1,-1.9030226685755103e-08,139.8,ASK
417,1712607630.460925,15969976.74320078,139.1,-0.0,139.8,ASK
418,1712607640.4901602,15992789.06067237,139.1,-1.0100492278145612e-05,139.8,ASK
419,1712607640.499883,16011151.01534155,139.1,-8.13002806833112e-06,139.8,ASK
420,1712607640.649775,16018305.97329955,139.1,3.167963872817195e-06,139.8,BID
421,1712607640.659465,16018305.97330032,139.1,3.4060679791420864e-16,139.8,BID
422,1712607650.4298325,16018348.95324301,139.6,1.903000779302672e-08,139.8,BID
423,1712607660.574236,16018348.95324301,139.6,0.0,139.8,BID
424,1712607690.5900657,16018348.95324301,139.6,0.0,139.8,BID
425,1712607696.269735,16018355.95476843,139.0,-3.090821208276279e-09,139.8,ASK
426,1712607696.2826822,16018391.9331857,139.0,-1.5882661056871332e-08,139.8,ASK
427,1712607715.8867297,16018434.91312839,139.6,1.897348226514761e-08,139.8,BID
428,1712607720.7503765,16018434.91312839,139.6,0.0,139.8,BID
429,1712607750.755868,16018434.91312839,139.6,0.0,139.8,BID
430,1712607762.2990875,16018477.89307108,139.0,-1.8973381970797556e-08,139.8,ASK
431,1712607770.9716294,16039932.08038188,139.0,-9.470894218472096e-06,139.8,ASK
432,1712607771.0287669,16042642.50811988,139.0,1.196511152882755e-06,139.8,BID
433,1712607771.04892,16042642.50812085,139.0,4.283973414133873e-16,139.8,BID
434,1712607780.5582378,16042642.50812085,139.0,0.0,139.8,BID
435,1712607782.20867,16042685.48806354,139.6,1.8945240585329663e-08,139.8,BID
436,1712607810.55962,16042685.48806354,139.6,0.0,139.8,BID
437,1712607825.7269478,16042728.46800623,138.9,-1.894519047993133e-08,139.8,ASK
438,1712607840.733442,16042728.46800623,138.9,-0.0,139.8,ASK
439,1712607846.4786582,16042771.44794892,139.6,1.894514062521982e-08,139.8,BID
440,1712607870.735432,16042771.44794892,139.6,0.0,139.8,BID
441,1712607891.4684231,16042814.42789161,138.9,-1.8945090521171244e-08,139.8,ASK
442,1712607900.5848308,16042814.42789161,138.9,-0.0,139.8,ASK
443,1712607909.7184834,16042857.4078343,139.6,1.894504066780685e-08,139.8,BID
444,1712607930.539363,16042857.4078343,139.6,0.0,139.8,BID
445,1712607960.7209563,16042857.4078343,139.6,0.0,139.8,BID
446,1712607986.4777782,16042900.38777699,138.9,-1.8944990562644936e-08,139.8,ASK
447,1712607989.467649,16043043.65425263,139.6,6.314996854707597e-08,139.8,BID
448,1712607990.745069,16043043.65425263,139.6,0.0,139.8,BID
449,1712608004.727496,16043086.63419532,139.6,1.8944773698951027e-08,139.8,BID
450,1712608020.510851,16043086.63419532,139.6,0.0,139.8,BID
451,1712608050.506429,16043086.63419532,139.6,0.0,139.8,BID
452,1712608052.8476608,16043129.61413801,138.9,-1.8944723596022244e-08,139.8,ASK
453,1712608073.0575016,16043172.62489069,139.5,1.89583040405932e-08,139.8,BID
454,1712608080.7651658,16043172.62489069,139.5,0.0,139.8,BID
455,1712608110.7349973,16043172.62489069,139.5,0.0,139.8,BID
456,1712608120.5106337,16043215.63564337,138.9,-1.8958204015108324e-08,139.8,ASK
457,1712608138.367615,16043258.64639605,139.5,1.8958204015108324e-08,139.8,BID
458,1712608139.336939,16044162.47448994,138.9,-3.9838775959413446e-07,139.8,ASK
459,1712608140.597491,16044162.47448994,138.9,-0.0,139.8,ASK
460,1712608170.5747745,16044162.47448994,138.9,-0.0,139.8,ASK
461,1712608186.4368222,16044205.48524262,138.9,-1.89570549517282e-08,139.8,ASK
462,1712608200.8768055,16044205.48524262,138.9,-0.0,139.8,ASK
463,1712608204.3368592,16044248.4959953,139.5,1.8957046820358064e-08,139.8,BID
464,1712608230.761938,16044248.4959953,139.5,0.0,139.8,BID
465,1712608246.986676,16044291.50674798,138.9,-1.895699668842807e-08,139.8,ASK
466,1712608260.52185,16044291.50674798,138.9,-0.0,139.8,ASK
467,1712608266.796314,16044334.51750066,139.5,1.895694677238272e-08,139.8,BID
468,1712608290.5953755,16044334.51750066,139.5,0.0,139.8,BID
469,1712608291.9867983,16045334.51750066,138.9,-4.407478469888238e-07,139.8,ASK
470,1712608291.9922094,16047185.40970363,138.9,-8.157767534672702e-07,139.8,ASK
471,1712608291.996465,16052895.47771381,138.8,-2.5167001816471163e-06,139.8,ASK
472,1712608310.206313,16052938.48846649,138.8,-1.8956896640981875e-08,139.8,ASK
473,1712608320.7446616,16052938.48846649,138.8,-0.0,139.8,ASK
474,1712608331.7451394,16052981.49921917,139.5,1.894692145687825e-08,139.8,BID
475,1712608350.7684677,16052981.49921917,139.5,0.0,139.8,BID
476,1712608377.9258916,16053024.50997185,138.8,-1.894687137848696e-08,139.8,ASK
477,1712608380.5362942,16053024.50997185,138.8,-0.0,139.8,ASK
478,1712608397.9358375,16053067.52072453,139.5,1.8946821551647813e-08,139.8,BID
479,1712608410.5586622,16053067.52072453,139.5,0.0,139.8,BID
480,1712608440.5380943,16053067.52072453,139.5,0.0,139.8,BID
481,1712608447.4455445,16053110.53147721,138.8,-1.894677147378462e-08,139.8,ASK
482,1712608452.9459443,16053562.44552416,138.8,-1.9907375806962253e-07,139.8,ASK
483,1712608468.075642,16053605.45627684,139.5,1.894677147378462e-08,139.8,BID
484,1712608470.5922282,16053605.45627684,139.5,0.0,139.8,BID
485,1712608500.562867,16053605.45627684,139.5,0.0,139.8,BID
486,1712608516.405323,16053648.46702952,138.8,-1.894614806358789e-08,139.8,ASK
487,1712608530.517813,16053648.46702952,138.8,-0.0,139.8,ASK
488,1712608535.9847028,16053691.4777822,139.5,1.894609824055304e-08,139.8,BID
489,1712608560.735884,16053691.4777822,139.5,0.0,139.8,BID
490,1712608584.9250352,16053734.48853488,138.8,-1.8946048167333792e-08,139.8,ASK
491,1712608587.3851306,16053900.07993272,139.5,7.294228545055287e-08,139.8,BID
492,1712608590.7298398,16053900.07993272,139.5,0.0,139.8,BID
493,1712608601.8048365,16053943.0906854,139.5,1.8945805562435962e-08,139.8,BID
494,1712608620.480501,16053943.0906854,139.5,0.0,139.8,BID
495,1712608650.5437117,16053943.0906854,139.5,0.0,139.8,BID
496,1712608653.3649433,16053986.10143808,138.8,-1.8945755490763764e-08,139.8,ASK
497,1712608670.4850993,16054029.11219076,139.5,1.8945755489943293e-08,139.8,BID
498,1712608680.7902515,16054029.11219076,139.5,0.0,139.8,BID
499,1712608710.748517,16054029.11219076,139.5,0.0,139.8,BID
500,1712608725.8657625,16054072.12294344,138.9,-1.8945655597008487e-08,139.8,ASK
501,1712608740.2326906,16054115.13369612,139.5,1.8945655597008487e-08,139.8,BID
502,1712608740.537386,16054115.13369612,139.5,0.0,139.8,BID
503,1712608746.8958693,16054720.48363073,138.9,-2.666470631402094e-07,139.8,ASK
504,1712608770.486181,16054720.48363073,138.9,-0.0,139.8,ASK
505,1712608787.1187508,16054763.49438341,138.9,-1.8944854003426882e-08,139.8,ASK
506,1712608800.595462,16054763.49438341,138.9,-0.0,139.8,ASK
507,1712608804.1162045,16054806.50513609,139.5,1.8944877700503218e-08,139.8,BID
508,1712608830.495751,16054806.50513609,139.5,0.0,139.8,BID
509,1712608849.0868213,16054849.51588877,138.9,-1.8944827632914986e-08,139.8,ASK
510,1712608860.7562306,16054849.51588877,138.9,-0.0,139.8,ASK
511,1712608868.9970555,16054892.52664145,139.5,1.8944777781754573e-08,139.8,BID
512,1712608890.7152429,16054892.52664145,139.5,0.0,139.8,BID
513,1712608904.3069746,16054970.52664145,139.5,3.4356263715813886e-08,139.8,BID
514,1712608919.087195,16055013.53739413,138.9,-1.8944727713874035e-08,139.8,ASK
515,1712608920.5745313,16055013.53739413,138.9,-0.0,139.8,ASK
516,1712608937.7970934,16055056.54814681,139.5,1.8944587066958493e-08,139.8,BID
517,1712608950.563583,16055056.54814681,139.5,0.0,139.8,BID
518,1712608980.7807612,16055056.54814681,139.5,0.0,139.8,BID
519,1712608983.7073498,16055099.55889949,138.9,-1.894453700090641e-08,139.8,ASK
520,1712608989.1473207,16055551.47294643,138.9,-1.9905028045460773e-07,139.8,ASK
521,1712609003.167534,16055594.48369911,139.5,1.894453700090641e-08,139.8,BID
522,1712609010.7581296,16055594.48369911,139.5,0.0,139.8,BID
523,1712609040.5156767,16055594.48369911,139.5,0.0,139.8,BID
524,1712609051.9878657,16055637.49445179,138.9,-1.89439133247875e-08,139.8,ASK
525,1712609070.178255,16055680.50520447,139.5,1.894391332560789e-08,139.8,BID
526,1712609070.5685923,16055680.50520447,139.5,0.0,139.8,BID
527,1712609100.5999246,16055680.50520447,139.5,0.0,139.8,BID
528,1712609118.2180462,16055740.29474529,138.9,-2.633392430760929e-08,139.8,ASK
529,1712609121.5909488,16055783.30549797,138.9,-1.894381341539081e-08,139.8,ASK
530,1712609130.5250237,16055783.30549797,138.9,-0.0,139.8,ASK
531,1712609138.007933,16055826.31625065,139.5,1.894369427702425e-08,139.8,BID
532,1712609160.5414612,16055826.31625065,139.5,0.0,139.8,BID
533,1712609178.2681825,16055869.32700333,138.9,-1.894364421569092e-08,139.8,ASK
534,1712609190.5021667,16055869.32700333,138.9,-0.0,139.8,ASK
535,1712609199.868054,16055912.33775601,139.5,1.894359436993804e-08,139.8,BID
536,1712609220.765277,16055912.33775601,139.5,0.0,139.8,BID
537,1712609246.9484036,16055955.34850869,138.9,-1.8943544309132745e-08,139.8,ASK
538,1712609250.7778232,16055955.34850869,138.9,-0.0,139.8,ASK
539,1712609262.6291645,16056672.19438682,139.5,3.15724907790554e-07,139.8,BID
540,1712609267.6285326,16056715.2051395,139.5,1.894349446390562e-08,139.8,BID
541,1712609280.5684671,16056715.2051395,139.5,0.0,139.8,BID
542,1712609310.5509236,16056715.2051395,139.5,0.0,139.8,BID
543,1712609316.4786851,16056758.21589218,138.9,-1.894261010544433e-08,139.8,ASK
544,1712609335.2983377,16056801.22664486,139.5,1.8942610104623992e-08,139.8,BID
545,1712609340.8047674,16056801.22664486,139.5,0.0,139.8,BID
546,1712609370.7772272,16056801.22664486,139.5,0.0,139.8,BID
547,1712609378.740272,16060274.24089321,138.9,-1.5295618829331255e-06,139.8,ASK
548,1712609378.7431026,16063964.55042709,138.9,-1.6252616302777337e-06,139.8,ASK
549,1712609385.788573,16064007.56117977,138.9,-1.8942510208973052e-08,139.8,ASK
550,1712609400.5797198,16064007.56117977,138.9,-0.0,139.8,ASK
551,1712609403.1388233,16064050.57193245,139.5,1.8935790216954252e-08,139.8,BID
552,1712609430.5575716,16064050.57193245,139.5,0.0,139.8,BID
553,1712609451.004347,16064093.58268513,138.9,-1.893574019738729e-08,139.8,ASK
554,1712609460.731408,16064093.58268513,138.9,-0.0,139.8,ASK
555,1712609490.7636695,16064093.58268513,138.9,-0.0,139.8,ASK
556,1712609501.9634857,16064136.59343781,139.5,1.8935690393220814e-08,139.8,BID
557,1712609520.5551548,16064136.59343781,139.5,0.0,139.8,BID
558,1712609548.0685332,16064179.60419049,138.9,-1.893564037418123e-08,139.8,ASK
559,1712609550.5634832,16064179.60419049,138.9,-0.0,139.8,ASK
560,1712609567.6985316,16064222.61494317,139.5,1.8935590571359887e-08,139.8,BID
561,1712609580.72457,16064222.61494317,139.5,0.0,139.8,BID
562,1712609602.880746,16064422.61494317,139.0,-8.80502635841082e-08,139.8,ASK
563,1712609603.0427225,16064800.52874317,139.0,1.6637704851004353e-07,139.8,BID
564,1712609603.058935,16070182.72552363,139.0,2.369519225905188e-06,139.8,BID
565,1712609603.0636332,16070737.27292363,139.0,2.441402236992218e-07,139.8,BID
566,1712609610.7766163,16070737.27292363,139.0,0.0,139.8,BID
567,1712609617.5986774,16070780.28367631,138.9,-1.892799464083881e-08,139.8,ASK
568,1712609636.4630392,16070823.29442899,139.5,1.892799464083881e-08,139.8,BID
569,1712609640.5277288,16070823.29442899,139.5,0.0,139.8,BID
570,1712609670.5452075,16070823.29442899,139.5,0.0,139.8,BID
571,1712609684.298756,16070866.30518167,138.9,-1.892789489928005e-08,139.8,ASK
572,1712609700.794262,16070866.30518167,138.9,-0.0,139.8,ASK
573,1712609701.5819125,16070909.31593435,139.5,1.892784513719357e-08,139.8,BID
574,1712609730.7578146,16070909.31593435,139.5,0.0,139.8,BID
575,1712609745.0088246,16070952.32668703,138.9,-1.892779515877248e-08,139.8,ASK
576,1712609760.5436077,16070952.32668703,138.9,-0.0,139.8,ASK
577,1712609767.1286483,16070995.33743971,139.5,1.892774539639074e-08,139.8,BID
578,1712609790.506106,16070995.33743971,139.5,0.0,139.8,BID
579,1712609814.4587517,16071038.34819239,138.9,-1.8927695419316065e-08,139.8,ASK
580,1712609820.7316926,16071038.34819239,138.9,-0.0,139.8,ASK
581,1712609824.7381406,16072325.37371086,138.9,-5.663784390629877e-07,139.8,ASK
582,1712609834.1688497,16072368.38446354,139.5,1.8927645657458773e-08,139.8,BID
583,1712609850.738011,16072368.38446354,139.5,0.0,139.8,BID
584,1712609880.6022086,16072368.38446354,139.5,0.0,139.8,BID
585,1712609882.5216942,16072411.39521622,138.9,-1.8926106768681527e-08,139.8,ASK
586,1712609899.6529226,16072626.44897967,139.5,9.46305338663571e-08,139.8,BID
587,1712609899.6568615,16073241.91931974,139.6,2.7082663388464625e-07,139.8,BID
588,1712609899.6597638,16073565.01100647,139.5,1.4217067542793438e-07,139.8,BID
589,1712609899.6626737,16085411.39521622,139.5,5.212787928771177e-06,139.8,BID
590,1712609900.0085316,16085454.37515891,139.6,1.891254938805477e-08,139.8,BID
591,1712609907.1886947,16085504.37515891,139.6,2.2001599122885054e-08,139.8,BID
592,1712609910.5606904,16085504.37515891,139.6,0.0,139.8,BID
593,1712609940.649288,16085504.37515891,139.6,0.0,139.8,BID
594,1712609949.5485246,16085547.3551016,138.9,-1.8897311247575442e-08,139.8,ASK
595,1712609958.899237,16089790.12739349,139.6,1.8654512671091528e-06,139.8,BID
596,1712609958.9045954,16100158.81011907,139.6,4.558875894815734e-06,139.8,BID
597,1712609968.289071,16100201.79006176,139.6,1.8897311247575442e-08,139.8,BID
598,1712609970.544698,16100201.79006176,139.6,0.0,139.8,BID
599,1712610000.731605,16100201.79006176,139.6,0.0,139.8,BID
600,1712610015.3684764,16100244.77000445,138.9,-1.8884486665268453e-08,139.8,ASK
601,1712610030.6170309,16100244.77000445,138.9,-0.0,139.8,ASK
602,1712610060.767256,16100244.77000445,138.9,-0.0,139.8,ASK
603,1712610069.5726435,16100287.74994714,139.6,1.8884437131165883e-08,139.8,BID
604,1712610090.7300298,16100287.74994714,139.6,0.0,139.8,BID
605,1712610113.2826257,16100330.72988983,138.9,-1.8884387346870712e-08,139.8,ASK
606,1712610120.590939,16100330.72988983,138.9,-0.0,139.8,ASK
607,1712610133.492788,16100373.70983252,139.6,1.8884337811652368e-08,139.8,BID
608,1712610150.5589666,16100373.70983252,139.6,0.0,139.8,BID
609,1712610179.4386616,16100416.68977521,138.9,-1.888428802869925e-08,139.8,ASK
610,1712610180.7299912,16100416.68977521,138.9,-0.0,139.8,ASK
611,1712610198.1585426,16100459.6697179,139.6,1.888423849482034e-08,139.8,BID
612,1712610210.7753208,16100459.6697179,139.6,0.0,139.8,BID
613,1712610240.5681772,16100459.6697179,139.6,0.0,139.8,BID
614,1712610270.5483737,16100459.6697179,139.6,0.0,139.8,BID
615,1712610275.808205,16100502.64966059,138.9,-1.888418871075408e-08,139.8,ASK
616,1712610293.8183,16100545.62960328,139.6,1.888418871157248e-08,139.8,BID
617,1712610300.7507305,16100545.62960328,139.6,0.0,139.8,BID
618,1712610322.8991609,16120545.62960328,138.9,-8.787818207177982e-06,139.8,ASK
619,1712610322.9047325,16134628.20730411,138.9,-6.187756636168064e-06,139.8,ASK
620,1712610323.0397763,16135141.53323881,138.9,2.255507497581409e-07,139.8,BID
621,1712610323.046093,16136995.55433881,138.9,8.146400189534085e-07,139.8,BID
622,1712610330.7786832,16136995.55433881,138.9,0.0,139.8,BID
623,1712610337.7229557,16137038.5342815,138.9,-1.884307802599056e-08,139.8,ASK
624,1712610358.6652238,16137081.51422419,139.6,1.884307802599056e-08,139.8,BID
625,1712610360.519068,16137081.51422419,139.6,0.0,139.8,BID
626,1712610390.5498948,16137081.51422419,139.6,0.0,139.8,BID
627,1712610403.7810757,16137124.49416688,138.9,-1.884297914185681e-08,139.8,ASK
628,1712610420.7398963,16137124.49416688,138.9,-0.0,139.8,ASK
629,1712610423.7383046,16137167.47410957,139.6,1.8842929823632123e-08,139.8,BID
630,1712610450.799816,16137167.47410957,139.6,0.0,139.8,BID
631,1712610470.618364,16137210.45405226,138.9,-1.8842880258760896e-08,139.8,ASK
632,1712610480.5741844,16137210.45405226,138.9,-0.0,139.8,ASK
633,1712610489.5317633,16137253.43399495,139.6,1.8842830941870423e-08,139.8,BID
634,1712610510.5965638,16137253.43399495,139.6,0.0,139.8,BID
635,1712610538.9981632,16137296.41393764,138.9,-1.8842781375886205e-08,139.8,ASK
636,1712610540.8035495,16137296.41393764,138.9,-0.0,139.8,ASK
637,1712610542.9386234,16138999.86766532,138.9,-7.468070024881861e-07,139.8,ASK
638,1712610570.783202,16138999.86766532,138.9,-0.0,139.8,ASK
639,1712610590.3884823,16139042.84760801,139.6,1.884077767752224e-08,139.8,BID
640,1712610600.5818355,16139042.84760801,139.6,0.0,139.8,BID
641,1712610630.5560646,16139042.84760801,139.6,0.0,139.8,BID
642,1712610637.6813166,16139085.8275507,139.0,-1.8840728123972562e-08,139.8,ASK
643,1712610656.6678882,16139128.80749339,139.6,1.8840728123972562e-08,139.8,BID
644,1712610660.7821226,16139128.80749339,139.6,0.0,139.8,BID
645,1712610671.777795,16139174.20423282,139.6,1.990005296057176e-08,139.8,BID
646,1712610690.891937,16139174.20423282,139.6,0.0,139.8,BID
647,1712610700.4879816,16139188.4795302,139.0,-6.257682562674497e-09,139.8,ASK
648,1712610700.4934168,16139217.18417551,139.0,-1.2582894326313754e-08,139.8,ASK
649,1712610719.9278011,16139260.1641182,139.6,1.8840576888988253e-08,139.8,BID
650,1712610720.5751295,16139260.1641182,139.6,0.0,139.8,BID
651,1712610750.5478897,16139260.1641182,139.6,0.0,139.8,BID
652,1712610769.0381389,16139303.14406089,138.9,-1.884047799479061e-08,139.8,ASK
653,1712610780.795028,16139303.14406089,138.9,-0.0,139.8,ASK
654,1712610785.3770795,16147936.99215304,138.9,-3.7846816242319847e-06,139.8,ASK
655,1712610785.3803685,16164947.81738937,138.9,-7.4567628475537104e-06,139.8,ASK
656,1712610785.4375107,16170203.1410352,138.9,2.3036920060989128e-06,139.8,BID
657,1712610785.4408126,16176700.30187689,138.9,2.8480562762718265e-06,139.8,BID
658,1712610787.31807,16176743.31262957,139.5,1.885393437250244e-08,139.8,BID
659,1712610810.74815,16176743.31262957,139.5,0.0,139.8,BID
660,1712610830.8168514,16176786.32338225,138.9,-1.8811051859758977e-08,139.8,ASK
661,1712610840.5184884,16176786.32338225,138.9,-0.0,139.8,ASK
662,1712610841.0689442,16176858.00797006,139.5,3.135167118684053e-08,139.8,BID
663,1712610850.3388286,16176901.01872274,139.5,1.8811002709334556e-08,139.8,BID
664,1712610862.4982157,16177616.326305,139.5,3.128439292401793e-07,139.8,BID
665,1712610870.5311923,16177616.326305,139.5,0.0,139.8,BID
666,1712610895.8087497,16177659.33705768,138.9,-1.8810050179281905e-08,139.8,ASK
667,1712610900.5774708,16177659.33705768,138.9,-0.0,139.8,ASK
668,1712610916.7987287,16177702.34781036,139.5,1.8813340676758573e-08,139.8,BID
669,1712610930.5374458,16177702.34781036,139.5,0.0,139.8,BID
670,1712610960.7418845,16177702.34781036,139.5,0.0,139.8,BID
671,1712610965.718712,16177745.35856304,138.9,-1.8813291302008808e-08,139.8,ASK
672,1712610986.1484458,16177788.36931572,139.5,1.8813291302008808e-08,139.8,BID
673,1712610990.778243,16177788.36931572,139.5,0.0,139.8,BID
674,1712611020.601941,16177788.36931572,139.5,0.0,139.8,BID
675,1712611050.5990326,16177788.36931572,139.5,0.0,139.8,BID
676,1712611062.618853,16177831.3800684,138.9,-1.8813192766463232e-08,139.8,ASK
677,1712611080.740104,16177831.3800684,138.9,-0.0,139.8,ASK
678,1712611081.228876,16177874.39082108,139.5,1.8813143604035725e-08,139.8,BID
679,1712611110.7474384,16177874.39082108,139.5,0.0,139.8,BID
680,1712611131.3927972,16177917.40157376,138.9,-1.8813094230320373e-08,139.8,ASK
681,1712611140.5650563,16177917.40157376,138.9,-0.0,139.8,ASK
682,1712611149.0895977,16177960.41232644,139.5,1.8813045069222572e-08,139.8,BID
683,1712611170.5812852,16177960.41232644,139.5,0.0,139.8,BID
684,1712611197.329208,16178003.42307912,138.9,-1.8812995696024413e-08,139.8,ASK
685,1712611200.622823,16178003.42307912,138.9,-0.0,139.8,ASK
686,1712611214.7498171,16178046.40302181,139.6,1.8811806501657865e-08,139.8,BID
687,1712611230.495823,16178046.40302181,139.6,0.0,139.8,BID
688,1712611236.1396563,16178076.3094853,139.6,1.3089666752496384e-08,139.8,BID
689,1712611236.145954,16178762.73540003,139.6,3.004396182593977e-07,139.8,BID
690,1712611260.7885747,16178762.73540003,139.6,0.0,139.8,BID
691,1712611262.9445436,16178805.71534272,138.9,-1.8810933768862385e-08,139.8,ASK
692,1712611271.6319191,16178919.49504034,138.9,-4.9797701492890855e-08,139.8,ASK
693,1712611271.6351838,16181301.07070627,138.9,-1.0423388053774243e-06,139.8,ASK
694,1712611271.6383476,16194908.53832398,138.9,-5.95554940527771e-06,139.8,ASK
695,1712611271.7691865,16202841.29813445,138.9,3.4719129450634174e-06,139.8,BID
696,1712611281.4816804,16202884.30888713,139.5,1.8824418307580326e-08,139.8,BID
697,1712611290.7650468,16202884.30888713,139.5,0.0,139.8,BID
698,1712611295.5491178,16203027.67806276,139.5,6.265618131716669e-08,139.8,BID
699,1712611311.6699018,16203064.23720254,139.5,-1.5977326233748833e-08,139.8,ASK
700,1712611320.536541,16203064.23720254,139.5,-0.0,139.8,ASK
701,1712611331.1993344,16203107.24795522,139.0,-1.879664820369149e-08,139.8,ASK
702,1712611349.7489824,16221742.97893405,139.0,-8.144225743633032e-06,139.8,ASK
703,1712611350.578009,16221742.97893405,139.0,-0.0,139.8,ASK
704,1712611380.751801,16221742.97893405,139.0,-0.0,139.8,ASK
705,1712611380.9695325,16221785.95887674,139.6,1.876189518430985e-08,139.8,BID
706,1712611396.1291103,16223383.53056776,139.0,-6.973827962524566e-07,139.8,ASK
707,1712611410.762541,16223383.53056776,139.0,-0.0,139.8,ASK
708,1712611418.7495816,16224040.55165336,139.6,2.867787362507257e-07,139.8,BID
709,1712611418.7568269,16225532.52770243,139.6,6.512226399532002e-07,139.8,BID
710,1712611431.2433205,16225575.50764512,139.0,-1.8760027522842746e-08,139.8,ASK
711,1712611440.5685005,16225575.50764512,139.0,-0.0,139.8,ASK
712,1712611449.188214,16225618.48758781,139.6,1.8757522405468704e-08,139.8,BID
713,1712611470.5554123,16225618.48758781,139.6,0.0,139.8,BID
714,1712611498.9194753,16225661.4675305,139.0,-1.8757473288897533e-08,139.8,ASK
715,1712611500.7258549,16225661.4675305,139.0,-0.0,139.8,ASK
716,1712611515.522153,16225704.44747319,139.6,1.8757424382875257e-08,139.8,BID
717,1712611530.8449724,16225704.44747319,139.6,0.0,139.8,BID
718,1712611549.7893324,16228543.12839332,139.6,1.2388616630470163e-06,139.8,BID
719,1712611549.7990184,16228758.02810679,139.6,9.378687633733876e-08,139.8,BID
720,1712611549.8332846,16237360.44612143,139.6,-3.754281015618972e-06,139.8,ASK
721,1712611560.5222588,16237360.44612143,139.6,-0.0,139.8,ASK
722,1712611563.4993403,16237403.42606412,139.0,-1.8744064442943296e-08,139.8,ASK
723,1712611580.6028674,16237446.40600681,139.6,1.874406444213097e-08,139.8,BID
724,1712611590.572653,16237446.40600681,139.6,0.0,139.8,BID
725,1712611620.777632,16237446.40600681,139.6,0.0,139.8,BID
726,1712611624.859486,16237489.3859495,139.0,-1.8743966560143865e-08,139.8,ASK
727,1712611644.0397246,16237532.36589219,139.6,1.8743966560143865e-08,139.8,BID
728,1712611650.7654886,16237532.36589219,139.6,0.0,139.8,BID
729,1712611664.309647,16237671.08761062,139.6,6.049756026393968e-08,139.8,BID
730,1712611664.315906,16237754.03362974,139.7,3.617336814478657e-08,139.8,BID
731,1712611680.573001,16237754.03362974,139.7,0.0,139.8,BID
732,1712611692.3933146,16237797.01357243,139.1,-1.8743615660567983e-08,139.8,ASK
733,1712611694.4397612,16238212.93007243,139.6,-1.8138179194460282e-07,139.8,ASK
734,1712611695.4193006,16239044.76317243,139.4,3.627636274992773e-07,139.8,BID
735,1712611696.4634087,16239254.06387243,139.6,9.127634037397733e-08,139.8,BID
736,1712611698.014586,16239463.36457243,139.6,9.127634037397733e-08,139.8,BID
737,1712611699.4897552,16239952.50607243,139.6,2.133153211868111e-07,139.8,BID
738,1712611699.6292353,16240604.71337243,139.6,-2.844285542729157e-07,139.8,ASK
739,1712611700.4208827,16241675.99687243,139.5,4.671882959937992e-07,139.8,BID
740,1712611701.4447026,16242886.47297243,139.6,-5.278903917586729e-07,139.8,ASK
741,1712611702.6398757,16243938.52547243,139.6,-4.588016288599031e-07,139.8,ASK
742,1712611703.7569835,16244147.23187243,139.6,-9.101716527764897e-08,139.8,ASK
743,1712611704.669585,16244769.53517243,139.5,2.713873762812844e-07,139.8,BID
744,1712611705.7493997,16245395.89087243,139.6,-2.7315463382795375e-07,139.8,ASK
745,1712611709.0397377,16247035.64357243,139.6,-7.15098542788377e-07,139.8,ASK
746,1712611709.0549176,16247368.65027243,139.6,-1.4522470730499557e-07,139.8,ASK
747,1712611709.9338462,16248598.51497243,139.6,-5.363457884817136e-07,139.8,ASK
748,1712611710.576303,16248598.51497243,139.6,-0.0,139.8,ASK
749,1712611710.6071262,16248641.46414923,139.7,1.8717843828971e-08,139.8,BID
750,1712611711.1495078,16249852.12634923,139.6,-5.276232905470192e-07,139.8,ASK
751,1712611729.483945,16252208.16379221,139.6,1.0267936244454714e-06,139.8,BID
752,1712611735.401782,16252566.32998132,139.6,1.560937669160179e-07,139.8,BID
753,1712611740.7853184,16252566.32998132,139.6,0.0,139.8,BID
754,1712611759.1093776,16252609.27915812,139.1,-1.87133263912978e-08,139.8,ASK
755,1712611762.3896987,16261512.14906468,139.6,3.879057127415391e-06,139.8,BID
756,1712611762.4295735,16266224.68764097,139.6,-2.0532936619802976e-06,139.8,ASK
757,1712611762.436941,16270276.5140209,139.6,-1.7654156651810203e-06,139.8,ASK
758,1712611762.4491796,16272609.27915812,139.6,-1.016405869914994e-06,139.8,ASK
759,1712611770.7672784,16272609.27915812,139.6,-0.0,139.8,ASK
760,1712611775.9394453,16272652.22833492,139.7,1.8690540726244263e-08,139.8,BID
761,1712611800.8966882,16272652.22833492,139.7,0.0,139.8,BID
762,1712611821.879891,16272695.17751172,139.1,-1.8690491923278232e-08,139.8,ASK
763,1712611830.7556806,16272695.17751172,139.1,-0.0,139.8,ASK
764,1712611840.4803257,16272738.12668852,139.7,1.869044333097724e-08,139.8,BID
765,1712611860.5401928,16272738.12668852,139.7,0.0,139.8,BID
766,1712611885.149902,16272781.07586532,139.1,-1.8690394530140968e-08,139.8,ASK
767,1712611890.5607834,16272781.07586532,139.1,-0.0,139.8,ASK
768,1712611904.989377,16272824.02504212,139.7,1.8690345937535812e-08,139.8,BID
769,1712611920.7758062,16272824.02504212,139.7,0.0,139.8,BID
770,1712611950.7734458,16272824.02504212,139.7,0.0,139.8,BID
771,1712611952.9902723,16272866.97421892,139.1,-1.8690297136397573e-08,139.8,ASK
772,1712611971.6398635,16272909.92339572,139.7,1.8690297136397573e-08,139.8,BID
773,1712611980.5305114,16272909.92339572,139.7,0.0,139.8,BID
774,1712612009.722015,16275072.77182118,139.7,9.412070754605056e-07,139.8,BID
775,1712612010.6363883,16275072.77182118,139.7,0.0,139.8,BID
776,1712612020.6331978,16275115.72099798,139.1,-1.8687742556217832e-08,139.8,ASK
777,1712612021.3526435,16275831.54061143,139.7,3.114623759909946e-07,139.8,BID
778,1712612025.229592,16276088.74998175,139.1,-1.1191512512655969e-07,139.8,ASK
779,1712612025.236265,16276549.93141602,139.1,-2.0066600939937202e-07,139.8,ASK
780,1712612037.109246,16276592.88059282,139.7,1.8687742556217832e-08,139.8,BID
781,1712612040.7507124,16276592.88059282,139.7,0.0,139.8,BID
782,1712612070.7518723,16276592.88059282,139.7,0.0,139.8,BID
783,1712612082.7493138,16276635.82976962,139.1,-1.868601967850133e-08,139.8,ASK
784,1712612100.508956,16276635.82976962,139.1,-0.0,139.8,ASK
785,1712612102.9392004,16276678.77894642,139.7,1.8685971108641386e-08,139.8,BID
786,1712612105.0091588,16276965.1067918,139.7,1.2457314074588614e-07,139.8,BID
787,1712612130.6038663,16276965.1067918,139.7,0.0,139.8,BID
788,1712612146.6294978,16277008.0559686,139.1,-1.868559714821873e-08,139.8,ASK
789,1712612160.7548554,16277008.0559686,139.1,-0.0,139.8,ASK
790,1712612165.9791434,16277051.0051454,139.7,1.8685548582176012e-08,139.8,BID
791,1712612190.7967076,16277051.0051454,139.7,0.0,139.8,BID
792,1712612217.779431,16277086.93186953,139.2,-1.5630306486191466e-08,139.8,ASK
793,1712612217.787282,16277093.9543222,139.1,-3.0551933190848036e-09,139.8,ASK
794,1712612220.5412428,16277093.9543222,139.1,-0.0,139.8,ASK
795,1712612228.162056,16277452.12051131,139.1,-1.5582363505655565e-07,139.8,ASK
796,1712612236.2291703,16277495.100454,139.6,1.8698836205652173e-08,139.8,BID
797,1712612250.5480423,16277495.100454,139.6,0.0,139.8,BID
798,1712612280.7647607,16277495.100454,139.6,0.0,139.8,BID
799,1712612283.6295617,16277538.08039669,139.1,-1.8698382106682343e-08,139.8,ASK
800,1712612301.949166,16277581.06033938,139.6,1.8698382107492685e-08,139.8,BID
801,1712612310.7687757,16277581.06033938,139.6,0.0,139.8,BID
802,1712612340.5279624,16277581.06033938,139.6,0.0,139.8,BID
803,1712612350.1829507,16277624.04028207,139.1,-1.8698284666260666e-08,139.8,ASK
804,1712612368.0392592,16277667.02022476,139.6,1.8698284665450323e-08,139.8,BID
805,1712612370.5504837,16277667.02022476,139.6,0.0,139.8,BID
806,1712612383.109265,16278383.35260298,139.6,3.1163645378631106e-07,139.8,BID
807,1712612400.5632594,16278383.35260298,139.6,0.0,139.8,BID
808,1712612414.2281735,16278426.33254567,139.1,-1.8702251222110275e-08,139.8,ASK
809,1712612430.5728557,16278426.33254567,139.1,-0.0,139.8,ASK
810,1712612434.4891171,16278469.31248836,139.6,1.8702202568645523e-08,139.8,BID
811,1712612460.7439995,16278469.31248836,139.6,0.0,139.8,BID
812,1712612481.4089508,16279185.64486658,139.6,3.1170256236138893e-07,139.8,BID
813,1712612483.680665,16279228.62480927,139.1,-1.8702153740548627e-08,139.8,ASK
814,1712612490.75695,16279228.62480927,139.1,-0.0,139.8,ASK
815,1712612503.7291968,16279271.60475196,139.6,1.8701291326934048e-08,139.8,BID
816,1712612520.56473,16279271.60475196,139.6,0.0,139.8,BID
817,1712612548.9492807,16279314.58469465,139.1,-1.870124250440568e-08,139.8,ASK
818,1712612550.5320623,16279314.58469465,139.1,-0.0,139.8,ASK
819,1712612576.089113,16302933.82257777,139.1,-1.0277071553296544e-05,139.8,ASK
820,1712612580.7660718,16302933.82257777,139.1,-0.0,139.8,ASK
821,1712612601.6890872,16302976.80252046,139.6,1.8674497901452937e-08,139.8,BID
822,1712612610.747651,16302976.80252046,139.6,0.0,139.8,BID
823,1712612640.6262937,16302976.80252046,139.6,0.0,139.8,BID
824,1712612647.4492288,16303019.78246315,139.1,-1.8674449218721843e-08,139.8,ASK
825,1712612667.6026378,16303062.76240584,139.6,1.8674449218721843e-08,139.8,BID
826,1712612670.529317,16303062.76240584,139.6,0.0,139.8,BID
827,1712612700.6182,16303062.76240584,139.6,0.0,139.8,BID
828,1712612715.869189,16303105.74234853,139.1,-1.8675212130257545e-08,139.8,ASK
829,1712612730.5390017,16303105.74234853,139.1,-0.0,139.8,ASK
830,1712612735.2708633,16303148.72229122,139.6,1.867516361818336e-08,139.8,BID
831,1712612758.9389222,16303234.6821766,139.6,3.735032723555738e-08,139.8,BID
832,1712612760.8024287,16303234.6821766,139.6,0.0,139.8,BID
833,1712612783.5764432,16303277.66211929,139.1,-1.867501755791061e-08,139.8,ASK
834,1712612790.7690847,16303277.66211929,139.1,-0.0,139.8,ASK
835,1712612801.109066,16303320.67287197,139.5,1.868835611820657e-08,139.8,BID
836,1712612820.512108,16303320.67287197,139.5,0.0,139.8,BID
837,1712612845.6396573,16303363.68362465,139.1,-1.86883073973093e-08,139.8,ASK
838,1712612850.6055372,16303363.68362465,139.1,-0.0,139.8,ASK
839,1712612859.8811898,16303435.36821246,139.5,3.114709803186361e-08,139.8,BID
840,1712612880.7940063,16303435.36821246,139.5,0.0,139.8,BID
841,1712612898.5400946,16303478.37896514,139.5,1.8688177615857683e-08,139.8,BID
842,1712612910.7759178,16303478.37896514,139.5,0.0,139.8,BID
843,1712612940.6066763,16303478.37896514,139.5,0.0,139.8,BID
844,1712612945.8792975,16303521.38971782,139.1,-1.8688128895891124e-08,139.8,ASK
845,1712612963.3997977,16303564.4004705,139.5,1.868812889670044e-08,139.8,BID
846,1712612970.6009004,16303564.4004705,139.5,0.0,139.8,BID
847,1712613000.647949,16303564.4004705,139.5,0.0,139.8,BID
848,1712613010.249867,16303607.41122318,139.3,-1.869056270028851e-08,139.8,ASK
849,1712613027.8095956,16303650.42197586,139.5,1.869056270028851e-08,139.8,BID
850,1712613030.5695002,16303650.42197586,139.5,0.0,139.8,BID
851,1712613060.7222526,16303650.42197586,139.5,0.0,139.8,BID
852,1712613077.6065722,16303693.43272854,139.3,-1.869046530560305e-08,139.8,ASK
853,1712613090.7981987,16303693.43272854,139.3,-0.0,139.8,ASK
854,1712613094.1124728,16303736.44348122,139.5,1.8690416643574125e-08,139.8,BID
855,1712613120.5701437,16303736.44348122,139.5,0.0,139.8,BID
856,1712613141.1796758,16303779.4542339,139.3,-1.869036791193262e-08,139.8,ASK
857,1712613150.558735,16303779.4542339,139.3,-0.0,139.8,ASK
858,1712613158.4998744,16303822.46498658,139.5,1.869031925041083e-08,139.8,BID
859,1712613180.780425,16303822.46498658,139.5,0.0,139.8,BID
860,1712613202.4946408,16303865.47573926,139.3,-1.8690270519277192e-08,139.8,ASK
861,1712613210.781833,16303865.47573926,139.3,-0.0,139.8,ASK
862,1712613222.2498796,16303908.48649194,139.5,1.8690221859071944e-08,139.8,BID
863,1712613234.169793,16304111.18800856,139.5,8.808346937847342e-08,139.8,BID
864,1712613234.2697704,16305063.36145998,139.5,4.13764743599852e-07,139.8,BID
865,1712613240.542069,16305063.36145998,139.5,0.0,139.8,BID
866,1712613270.5681725,16305063.36145998,139.5,0.0,139.8,BID
867,1712613293.282578,16305278.41522343,139.5,-9.344432384396624e-08,139.8,ASK
868,1712613295.0376086,16305493.46898688,139.5,-9.344432384315689e-08,139.8,ASK
869,1712613300.4648266,16305536.47973956,139.5,-1.8688864764260887e-08,139.8,ASK
870,1712613300.5817974,16308163.00760238,139.5,-1.141268658869505e-06,139.8,ASK
871,1712613300.7733483,16308647.59085066,139.5,-2.105592260046277e-07,139.8,ASK
872,1712613300.777382,16308647.59085066,139.5,-0.0,139.8,ASK
873,1712613318.2714298,16308690.57079335,139.6,1.8681614150440384e-08,139.8,BID
874,1712613330.8172038,16308690.57079335,139.6,0.0,139.8,BID
875,1712613354.1000533,16308764.30183613,139.6,3.204776958119104e-08,139.8,BID
876,1712613360.5942843,16308764.30183613,139.6,0.0,139.8,BID
877,1712613360.88158,16308807.28177882,139.3,-1.868148185210344e-08,139.8,ASK
878,1712613380.4310658,16308844.13091777,139.6,1.6016692379822062e-08,139.8,BID
879,1712613380.4370642,16308850.26172151,139.6,2.664789472281377e-09,139.8,BID
880,1712613390.516896,16308850.26172151,139.6,0.0,139.8,BID
881,1712613420.7551513,16308850.26172151,139.6,0.0,139.8,BID
882,1712613424.4316576,16311121.72203814,139.6,9.872982822677678e-07,139.8,BID
883,1712613424.4357283,16311715.5912344,139.6,2.581273522882627e-07,139.8,BID
884,1712613424.9633217,16311758.57117709,139.6,1.868138451632454e-08,139.8,BID
885,1712613426.626802,16311801.55111978,139.3,-1.8681384517134145e-08,139.8,ASK
886,1712613438.429768,16311854.53106247,139.3,-2.3027919981740084e-08,139.8,ASK
887,1712613445.829884,16311897.51100516,139.6,1.868138451632454e-08,139.8,BID
888,1712613450.7565455,16311897.51100516,139.6,0.0,139.8,BID
889,1712613480.6180675,16311897.51100516,139.6,0.0,139.8,BID
890,1712613491.2940445,16311940.49094785,139.3,-1.867793120360809e-08,139.8,ASK
891,1712613510.482292,16311940.49094785,139.3,-0.0,139.8,ASK
892,1712613510.4863613,16311983.47089054,139.6,1.867788260682415e-08,139.8,BID
893,1712613540.7952094,16311983.47089054,139.6,0.0,139.8,BID
894,1712613555.3163595,16312026.45083323,139.3,-1.8677833904825185e-08,139.8,ASK
895,1712613570.861237,16312026.45083323,139.3,-0.0,139.8,ASK
896,1712613574.0357957,16312069.43077592,139.6,1.8677785309357e-08,139.8,BID
897,1712613601.0204942,16312069.43077592,139.6,0.0,139.8,BID
898,1712613614.4404094,16312785.76315414,139.6,3.120349778528452e-07,139.8,BID
899,1712613619.8464324,16312828.74309683,139.3,-1.872209867003479e-08,139.8,ASK
900,1712613627.6000504,16320007.49399418,139.3,-3.127069842678901e-06,139.8,ASK
901,1712613630.761658,16320007.49399418,139.3,-0.0,139.8,ASK
902,1712613640.3407054,16320050.47393687,139.6,1.871308328847697e-08,139.8,BID
903,1712613660.636906,16320050.47393687,139.6,0.0,139.8,BID
904,1712613684.1575887,16320093.45387956,139.3,-1.8713034402737436e-08,139.8,ASK
905,1712613690.5926435,16320093.45387956,139.3,-0.0,139.8,ASK
906,1712613720.8005388,16320093.45387956,139.3,-0.0,139.8,ASK
907,1712613737.2702522,16320136.43382225,139.6,1.8712985623928e-08,139.8,BID
908,1712613750.7489684,16320136.43382225,139.6,0.0,139.8,BID
909,1712613780.6210454,16320136.43382225,139.6,0.0,139.8,BID
910,1712613789.0300472,16320179.41376494,139.3,-1.8712936739509698e-08,139.8,ASK
911,1712613806.173638,16320222.39370763,139.6,1.8712936738698723e-08,139.8,BID
912,1712613810.576318,16320222.39370763,139.6,0.0,139.8,BID
913,1712613840.789669,16320222.39370763,139.6,0.0,139.8,BID
914,1712613856.395538,16320265.37365032,139.3,-1.8712839076490412e-08,139.8,ASK
915,1712613870.7709382,16320265.37365032,139.3,-0.0,139.8,ASK
916,1712613874.3744404,16320308.35359301,139.6,1.8712790297888325e-08,139.8,BID
917,1712613896.1299484,16321024.68597123,139.6,3.118798383170613e-07,139.8,BID
918,1712613900.579267,16321024.68597123,139.6,0.0,139.8,BID
919,1712613906.3655045,16324331.73654343,139.6,1.439971271649575e-06,139.8,BID
920,1712613906.36976,16324613.35023844,139.6,1.2262153894082445e-07,139.8,BID
921,1712613906.373839,16325623.88342345,139.6,4.400110381419015e-07,139.8,BID
922,1712613925.229915,16325666.86336614,139.6,-1.871452564162473e-08,139.8,ASK
923,1712613930.563231,16325666.86336614,139.6,-0.0,139.8,ASK
924,1712613942.78992,16325709.81254294,139.7,1.8695853892777508e-08,139.8,BID
925,1712613950.5006323,16325830.19688937,139.7,5.2403522478680994e-08,139.8,BID
926,1712613960.7531517,16325830.19688937,139.7,0.0,139.8,BID
927,1712613987.729947,16325873.14606617,139.6,-1.8695668196503664e-08,139.8,ASK
928,1712613990.7654471,16325873.14606617,139.6,-0.0,139.8,ASK
929,1712614007.7602105,16325916.09524297,139.7,1.869561940252092e-08,139.8,BID
930,1712614015.9301496,16326327.42267659,139.6,-1.7904932578025778e-07,139.8,ASK
931,1712614020.6178606,16326327.42267659,139.6,-0.0,139.8,ASK
932,1712614023.8098493,16326542.32239006,139.6,-9.354247598627865e-08,139.8,ASK
933,1712614047.4301074,16326701.67566388,139.7,6.936398168560151e-08,139.8,BID
934,1712614050.5998795,16326701.67566388,139.7,0.0,139.8,BID
935,1712614054.442924,16326744.62484068,139.6,-1.8694678007212263e-08,139.8,ASK
936,1712614072.4798002,16326787.57401748,139.7,1.86946780064015e-08,139.8,BID
937,1712614080.795589,16326787.57401748,139.7,0.0,139.8,BID
938,1712614110.833456,16326787.57401748,139.7,0.0,139.8,BID
939,1712614111.7199056,16327339.33106665,139.7,2.4016447537163415e-07,139.8,BID
940,1712614121.556008,16327382.28024345,139.6,-1.8694580394889614e-08,139.8,ASK
941,1712614138.2500286,16327425.22942025,139.7,1.869458039407885e-08,139.8,BID
942,1712614140.499037,16327425.22942025,139.7,0.0,139.8,BID
943,1712614170.5504603,16327425.22942025,139.7,0.0,139.8,BID
944,1712614185.9947574,16327468.17859705,139.6,-1.869385558892755e-08,139.8,ASK
945,1712614200.670871,16327468.17859705,139.6,-0.0,139.8,ASK
946,1712614202.5746064,16333300.99189608,139.6,-2.5390524638278028e-06,139.8,ASK
947,1712614202.6500475,16333941.95379781,139.6,-2.7901388444539254e-07,139.8,ASK
948,1712614206.8800385,16338621.13302456,139.6,-2.036869849125529e-06,139.8,ASK
949,1712614209.6701472,16345474.09741112,139.6,-2.9831292753897765e-06,139.8,ASK
950,1712614230.5580587,16345474.09741112,139.6,-0.0,139.8,ASK
951,1712614233.049922,16345617.36388676,139.7,6.229644070219608e-08,139.8,BID
952,1712614238.930256,16345660.31306356,139.7,1.8675554303557555e-08,139.8,BID
953,1712614260.814288,16345660.31306356,139.7,0.0,139.8,BID
954,1712614282.1002076,16345703.26224036,139.6,-1.867534305204168e-08,139.8,ASK
955,1712614290.772331,16345703.26224036,139.6,-0.0,139.8,ASK
956,1712614300.4575274,16349703.26224036,139.6,-1.7392924154308333e-06,139.8,ASK
957,1712614320.4873607,16349703.26224036,139.6,-0.0,139.8,ASK
958,1712614328.5499852,16365835.64961038,139.6,-7.013031948093656e-06,139.8,ASK
959,1712614333.4900496,16365878.59878718,139.7,1.8670761005838772e-08,139.8,BID
960,1712614343.0603683,16367679.49504628,139.7,7.82881213461876e-07,139.8,BID
961,1712614350.6003537,16367679.49504628,139.7,0.0,139.8,BID
962,1712614350.8156035,16367751.07700763,139.6,-3.1084022471178306e-08,139.8,ASK
963,1712614380.3956673,16367794.02618443,139.6,-1.86504134780157e-08,139.8,ASK
964,1712614380.7863877,16367794.02618443,139.6,-0.0,139.8,ASK
965,1712614399.5499618,16367836.97536123,139.7,1.8650283990450613e-08,139.8,BID
966,1712614399.7102118,16367892.99981564,139.7,2.4328102725235635e-08,139.8,BID
967,1712614407.1080806,16371505.34452629,139.7,1.568627381138371e-06,139.8,BID
968,1712614407.112017,16375051.19595021,139.7,1.539753284509925e-06,139.8,BID
969,1712614410.7603118,16375051.19595021,139.7,0.0,139.8,BID
970,1712614435.3448234,16375266.09566368,139.6,-9.327715419441305e-08,139.8,ASK
971,1712614440.6431036,16375266.09566368,139.6,-0.0,139.8,ASK
972,1712614446.0705874,16375309.04484048,139.6,-1.8641834167446865e-08,139.8,ASK
973,1712614463.459828,16375351.99401728,139.7,1.8641834168255332e-08,139.8,BID
974,1712614470.570395,16375351.99401728,139.7,0.0,139.8,BID
975,1712614500.5421076,16375351.99401728,139.7,0.0,139.8,BID
976,1712614511.380069,16375394.94319408,139.6,-1.8641737106180098e-08,139.8,ASK
977,1712614530.284068,16375437.89237088,139.7,1.8641737106180098e-08,139.8,BID
978,1712614530.5428326,16375437.89237088,139.7,0.0,139.8,BID
979,1712614560.7686646,16375437.89237088,139.7,0.0,139.8,BID
980,1712614563.229791,16375537.89237088,139.7,4.340395191494914e-08,139.8,BID
981,1712614573.669923,16375737.89237088,139.7,8.68079038298983e-08,139.8,BID
982,1712614573.72979,16375780.84154768,139.6,-1.8641640045924052e-08,139.8,ASK
983,1712614590.399783,16375830.84154768,139.7,2.170197595747457e-08,139.8,BID
984,1712614590.786891,16375830.84154768,139.7,0.0,139.8,BID
985,1712614593.173235,16375873.79072448,139.7,1.8641195925175056e-08,139.8,BID
986,1712614620.522611,16375873.79072448,139.7,0.0,139.8,BID
987,1712614643.3797982,16375916.73990128,139.6,-1.8641147379555323e-08,139.8,ASK
988,1712614650.5437417,16375916.73990128,139.6,-0.0,139.8,ASK
989,1712614661.1496077,16375959.68907808,139.7,1.864109886974592e-08,139.8,BID
990,1712614680.7830868,16375959.68907808,139.7,0.0,139.8,BID
991,1712614701.404428,16380959.68907808,139.7,2.170128942454438e-06,139.8,BID
992,1712614701.413839,16387579.20274619,139.7,2.873039639227909e-06,139.8,BID
993,1712614701.4194298,16394883.80464538,139.8,3.1703855989079213e-06,139.8,BID
994,1712614701.4237618,16395883.80464538,139.7,4.340257884908877e-07,139.8,BID
995,1712614701.4284062,16402307.730668,139.7,2.7881495571751564e-06,139.8,BID
996,1712614701.4327211,16445144.4492749,139.8,1.859224056972143e-05,139.8,BID
997,1712614701.4370782,16445201.87928207,139.9,2.4926104145381047e-08,139.9,BID
998,1712614701.4413872,16445631.06383143,139.8,1.8627716244390882e-07,139.9,BID
999,1712614701.4456694,16446376.77598653,139.9,3.2365830610449853e-07,139.9,BID
1000,1712614701.4500003,16452334.33828783,139.8,2.5857356753055227e-06,139.9,BID
1201,1712614701.458967,16511509.33038875,139.9,2.5683472605544087e-05,139.9,BID
1202,1712614703.5099814,16511552.27956555,139.6,-1.864105032544011e-08,139.9,ASK
1203,1712614704.8298962,16511553.42423561,139.9,4.968163253119433e-10,139.9,BID
1204,1712614704.8401382,16511813.31963794,139.9,1.128013069210192e-07,139.9,BID
1205,1712614705.819877,16512462.37621536,139.6,-2.817072927898526e-07,139.9,ASK
1206,1712614710.776577,16512462.37621536,139.6,-0.0,139.9,ASK
1207,1712614722.8922155,16512469.95405196,139.9,3.261953585642056e-09,139.9,BID
1208,1712614722.894824,16512505.26399234,139.9,1.5199507813653363e-08,139.9,BID
1209,1712614725.2002285,16512576.74362064,139.9,3.0769102332159035e-08,139.9,BID
1210,1712614725.5597346,16512619.66896914,139.6,-1.8477634425921952e-08,139.9,ASK
1211,1712614726.5999236,16514593.82794633,139.6,-8.497959633186906e-07,139.9,ASK
1212,1712614740.536722,16514593.82794633,139.6,-0.0,139.9,ASK
1213,1712614751.4506166,16514957.72896526,139.6,-1.566246752365052e-07,139.9,ASK
1214,1712614767.7098722,16515000.61674224,139.6,-1.84590968194483e-08,139.9,ASK
1215,1712614770.5417192,16515000.61674224,139.6,-0.0,139.9,ASK
1216,1712614785.8200588,16515043.53519717,139.8,1.8471849267184287e-08,139.9,BID
1217,1712614787.9296465,16515186.59671362,139.8,6.157283089702766e-08,139.9,BID
1218,1712614796.49992,16515236.59671362,139.8,2.1519704398995378e-08,139.9,BID
1219,1712614800.604667,16515236.59671362,139.8,0.0,139.9,BID
1220,1712614830.5252984,16515236.59671362,139.8,0.0,139.9,BID
1221,1712614831.3965156,16515279.51516855,139.6,-1.8471586994644256e-08,139.9,ASK
1222,1712614848.4415424,16515322.43362348,139.8,1.8471586994644256e-08,139.9,BID
1223,1712614860.7300494,16515322.43362348,139.8,0.0,139.9,BID
1224,1712614863.3516622,16516753.048788,139.8,6.157163888773827e-07,139.9,BID
1225,1712614863.3538408,16524476.87534369,139.8,3.324224930035223e-06,139.9,BID
1226,1712614890.8546708,16524476.87534369,139.8,0.0,139.9,BID
1227,1712614893.6418748,16524519.79379862,139.6,-1.8461323097140487e-08,139.9,ASK
1228,1712614912.1936414,16524562.6815756,139.9,1.8448127012891688e-08,139.9,BID
1229,1712614918.1322637,16525020.78200447,139.9,1.970513626845053e-07,139.9,BID
1230,1712614920.042656,16525163.74126108,139.9,6.149375671364504e-08,139.9,BID
1231,1712614920.5182514,16525163.74126108,139.9,0.0,139.9,BID
1232,1712614923.0323565,16525507.25984578,139.9,1.4775801005471605e-07,139.9,BID
1233,1712614929.632974,16525764.85634327,139.9,1.108002523335574e-07,139.9,BID
1234,1712614935.4793704,16525958.02110381,139.9,8.308616156869635e-08,139.9,BID
1235,1712614946.2927997,16526077.08186149,139.9,5.121172889592468e-08,139.9,BID
1236,1712614950.5645535,16526077.08186149,139.9,0.0,139.9,BID
1237,1712614952.782694,16526127.08186149,139.9,2.1505370628580733e-08,139.9,BID
1238,1712614964.466674,16526169.96963847,139.6,-1.84463507878922e-08,139.9,ASK
1239,1712614980.3782415,16526191.44926678,139.9,9.238547355245288e-09,139.9,BID
1240,1712614980.3810537,16526212.85741545,139.9,9.207803432646909e-09,139.9,BID
1241,1712614980.7933311,16526212.85741545,139.9,0.0,139.9,BID
1242,1712614987.098121,16526927.6536985,139.9,3.0743666979569025e-07,139.9,BID
1243,1712615010.74377,16526927.6536985,139.9,0.0,139.9,BID
1244,1712615029.08662,16526970.54147548,139.7,-1.84454068423958e-08,139.9,ASK
1245,1712615038.5942433,16527185.28735952,139.7,-9.23590700605783e-08,139.9,ASK
1246,1712615040.54008,16527185.28735952,139.7,-0.0,139.9,ASK
1247,1712615046.7845218,16527228.1751365,139.9,1.844512132245257e-08,139.9,BID
1248,1712615070.603697,16527228.1751365,139.9,0.0,139.9,BID
1249,1712615076.4049213,16537600.55079987,139.9,4.4609268024236846e-06,139.9,BID
1250,1712615076.4079485,16537814.98968479,139.9,9.2225368639254e-08,139.9,BID
1251,1712615076.4147394,16554542.1914929,139.9,7.193995406361022e-06,139.9,BID
1252,1712615078.235057,16562967.98928946,139.9,-3.623747195660338e-06,139.9,ASK
1253,1712615078.2379248,16567366.1914929,139.7,-1.8915684052099283e-06,139.9,ASK
1254,1712615078.79492,16580190.1914929,139.7,-5.515315600870266e-06,139.9,ASK
1255,1712615079.3748164,16593014.1914929,139.7,-5.515315600870266e-06,139.9,ASK
1256,1712615080.010219,16598898.03159841,139.7,-2.530508041714135e-06,139.9,ASK
1257,1712615080.012656,16605838.1914929,139.6,-2.9848075591561312e-06,139.9,ASK
1258,1712615080.605221,16618662.3198929,139.6,-5.515370822838616e-06,139.9,ASK
1259,1712615080.805104,16620382.8378929,139.6,-7.399563137066309e-07,139.9,ASK
1260,1712615080.8449,16629469.2014929,139.6,-3.907841774661868e-06,139.9,ASK
1261,1712615081.3850534,16638656.74923315,139.6,-3.951358810476118e-06,139.9,ASK
1262,1712615081.3880138,16639416.2014929,139.6,-3.266234323386461e-07,139.9,ASK
1263,1712615081.9683342,16649363.2014929,139.6,-4.2779822428147645e-06,139.9,ASK
1264,1712615082.4870615,16649753.53018068,139.6,-1.6787163920602596e-07,139.9,ASK
1265,1712615082.488533,16660923.3529929,139.6,-4.803890986836713e-06,139.9,ASK
1266,1712615082.4950922,16661478.3529929,139.6,-2.386930878417809e-07,139.9,ASK
1267,1712615082.5730872,16661502.60614929,139.6,-1.0430740159727085e-08,139.9,ASK
1268,1712615082.576007,16662057.60614929,139.4,-2.386930878417809e-07,139.9,ASK
1269,1712615082.5774243,16666655.5251726,139.2,-1.977462142919841e-06,139.9,ASK
1270,1712615082.5788512,16667473.12022281,139.4,-3.516293461960587e-07,139.9,ASK
1271,1712615082.5802827,16668618.96968518,139.5,-4.928042277023606e-07,139.9,ASK
1272,1712615082.581703,16670871.3562929,139.3,-9.687011070451564e-07,139.9,ASK
1273,1712615082.583131,16671426.3562929,139.4,-2.386930878417809e-07,139.9,ASK
1274,1712615082.935346,16671841.37620242,139.2,-1.784907814758094e-07,139.9,ASK
1275,1712615082.9389734,16672558.07963231,139.2,-3.082381166620352e-07,139.9,ASK
1276,1712615082.9420998,16683541.3562929,139.1,-4.723661658984993e-06,139.9,ASK
1277,1712615083.5351644,16694119.52439634,139.2,-4.54943352850354e-06,139.9,ASK
1278,1712615083.5376475,16695656.3562929,139.1,-6.609570286192981e-07,139.9,ASK
1279,1712615083.974737,16696016.9258929,139.1,-1.550729210920885e-07,139.9,ASK
1280,1712615084.1146822,16708131.9258929,139.1,-5.210390557122838e-06,139.9,ASK
1281,1712615084.7151864,16709574.82196049,139.1,-6.205573293832538e-07,139.9,ASK
1282,1712615084.7173064,16720246.9258929,139.1,-4.589833227739584e-06,139.9,ASK
1283,1712615085.3152742,16720316.18788428,139.1,-2.9788033500020012e-08,139.9,ASK
1284,1712615085.3254085,16728648.19363553,139.1,-3.5834093345611064e-06,139.9,ASK
1285,1712615085.3278675,16732362.6833929,139.0,-1.5975189728701205e-06,139.9,ASK
1286,1712615085.475459,16742457.6833929,139.0,-4.341633732905906e-06,139.9,ASK
1287,1712615085.746923,16742670.2890929,139.0,-9.143695680365906e-08,139.9,ASK
1288,1712615086.084783,16752765.2890929,139.0,-4.341633732905906e-06,139.9,ASK
1289,1712615086.6853344,16752806.3732929,139.1,-1.7669395602887358e-08,139.9,ASK
1290,1712615086.6886308,16762863.1677929,139.0,-4.325202401792755e-06,139.9,ASK
1291,1712615086.885439,16763566.8232929,139.0,-3.026264938233046e-07,139.9,ASK
1292,1712615087.0848737,16775681.8232929,139.0,-5.210390557122838e-06,139.9,ASK
1293,1712615087.3688402,16778477.5988929,139.0,-1.202400560138735e-06,139.9,ASK
1294,1712615087.6712096,16779345.14565548,139.0,-3.731124605530241e-07,139.9,ASK
1295,1712615087.672728,16790592.5988929,139.0,-4.837278096569814e-06,139.9,ASK
1296,1712615088.2458117,16798002.2491929,139.0,-3.1867248827653067e-06,139.9,ASK
1297,1712615088.2492592,16799433.54414798,139.0,-6.155679503424381e-07,139.9,ASK
1298,1712615088.2548814,16802707.5988929,138.9,-1.4080977240150934e-06,139.9,ASK
1299,1712615088.3595605,16802776.0556363,139.0,2.9441714352915832e-08,139.9,BID
1300,1712615088.6886454,16804183.4576363,139.1,-6.052921247106678e-07,139.9,ASK
1301,1712615088.867686,16806579.93189169,139.1,-1.0306699818963652e-06,139.9,ASK
1302,1712615088.8692012,16813404.81327199,139.1,-2.935228848318964e-06,139.9,ASK
1303,1712615088.870632,16816299.0636363,139.0,-1.2447523539542364e-06,139.9,ASK
1304,1712615088.9149349,16818396.1660363,139.0,-9.019168421201464e-07,139.9,ASK
1305,1712615090.2948132,16818747.7704363,139.0,-1.512171890722642e-07,139.9,ASK
1306,1712615090.64122,16820689.4733363,139.0,-8.350829925627401e-07,139.9,ASK
1307,1712615092.1249638,16821041.0777363,139.0,-1.5121718907066205e-07,139.9,ASK
1308,1712615094.205163,16821083.96551328,139.0,-1.8445073727049722e-08,139.9,ASK
1309,1712615094.4751863,16822855.93511328,139.0,-7.620844961903476e-07,139.9,ASK
1310,1712615095.5178952,16823207.84991328,139.0,-1.513506851695323e-07,139.9,ASK
1311,1712615096.7153986,16823483.93075457,139.0,-1.1873619549726545e-07,139.9,ASK
1312,1712615096.7188325,16824278.76871328,139.0,-3.418420300880296e-07,139.9,ASK
1313,1712615098.3686695,16825353.64761328,139.0,-4.622813760301428e-07,139.9,ASK
1314,1712615100.7680042,16825353.64761328,139.0,-0.0,139.9,ASK
1315,1712615113.136659,16825396.62755597,139.6,1.8160847512416493e-08,139.9,BID
1316,1712615130.763342,16825396.62755597,139.6,0.0,139.9,BID
1317,1712615150.029625,16825682.64832903,139.0,-1.2085559334716652e-07,139.9,ASK
1318,1712615155.706245,16825725.62827172,138.8,-1.8160801470166243e-08,139.9,ASK
1319,1712615160.559795,16825725.62827172,138.8,-0.0,139.9,ASK
1320,1712615176.5959437,16825768.6698786,139.4,1.818650577966976e-08,139.9,BID
1321,1712615190.57135,16825768.6698786,139.4,0.0,139.9,BID
1322,1712615192.47075,16831005.45610528,139.4,2.2127101760354963e-06,139.9,BID
1323,1712615210.4899735,16831148.92812823,139.4,6.062153225613336e-08,139.9,BID
1324,1712615220.758284,16831148.92812823,139.4,0.0,139.9,BID
1325,1712615221.346813,16831191.96973511,138.9,-1.8180698165764992e-08,139.9,ASK
1326,1712615240.9783883,16831235.01134199,139.4,1.8180698167338547e-08,139.9,BID
1327,1712615250.7900505,16831235.01134199,139.4,0.0,139.9,BID
1328,1712615280.6153424,16831235.01134199,139.4,0.0,139.9,BID
1329,1712615285.2905374,16831278.05294887,138.9,-1.8180606179138177e-08,139.9,ASK
1330,1712615307.8731613,16831982.70144241,139.4,2.976407639999751e-07,139.9,BID
1331,1712615310.507087,16831982.70144241,139.4,0.0,139.9,BID
1332,1712615325.1582935,16832126.17346536,139.4,6.05993532375224e-08,139.9,BID
1333,1712615336.5781603,16832169.21507224,139.4,1.8179805969368545e-08,139.9,BID
1334,1712615340.5936315,16832169.21507224,139.4,0.0,139.9,BID
1335,1712615370.518071,16832169.21507224,139.4,0.0,139.9,BID
1336,1712615379.6883636,16832212.25667912,138.9,-1.817960632429888e-08,139.9,ASK
1337,1712615398.6788268,16832255.298286,139.4,1.817960632272541e-08,139.9,BID
1338,1712615400.7175727,16832255.298286,139.4,0.0,139.9,BID
1339,1712615430.5867023,16832255.298286,139.4,0.0,139.9,BID
1340,1712615451.998837,16832298.33989288,138.9,-1.818782522718805e-08,139.9,ASK
1341,1712615460.7684884,16832298.33989288,138.9,-0.0,139.9,ASK
1342,1712615468.399052,16832341.38149976,139.4,1.8187779279602707e-08,139.9,BID
1343,1712615490.7747805,16832341.38149976,139.4,0.0,139.9,BID
1344,1712615514.2908025,16832384.42310664,138.9,-1.8187733166852687e-08,139.9,ASK
1345,1712615520.5695322,16832384.42310664,138.9,-0.0,139.9,ASK
1346,1712615532.9453127,16832427.46471352,139.4,1.8187687219732483e-08,139.9,BID
1347,1712615546.5199802,16832784.60757066,139.4,1.5091449992536725e-07,139.9,BID
1348,1712615550.5793226,16832784.60757066,139.4,0.0,139.9,BID
1349,1712615552.8204029,16833141.7504278,139.4,1.509109425267013e-07,139.9,BID
1350,1712615559.3101287,16833498.89328494,139.4,1.509109425251272e-07,139.9,BID
1351,1712615560.270424,16833574.19448976,139.0,-3.181857221956108e-08,139.9,ASK
1352,1712615565.6941814,16833931.3373469,139.4,1.509109425267013e-07,139.9,BID
1353,1712615572.5351074,16834288.48020404,139.4,1.509109425251272e-07,139.9,BID
1354,1712615578.7902815,16834645.62306118,139.4,1.509109425267013e-07,139.9,BID
1355,1712615580.7712116,16834645.62306118,139.4,0.0,139.9,BID
1356,1712615582.2900684,16834688.66466806,139.0,-1.8185265249057024e-08,139.9,ASK
1357,1712615585.3641424,16835045.8075252,139.4,1.5089440333535528e-07,139.9,BID
1358,1712615590.5301683,16835402.95038234,139.4,1.5089440333692925e-07,139.9,BID
1359,1712615595.6510391,16835760.09323948,139.4,1.5089440333535528e-07,139.9,BID
1360,1712615600.0699449,16835803.13484636,139.4,1.8185265249057024e-08,139.9,BID
1361,1712615610.3400738,16836160.2777035,139.4,1.5089440333692925e-07,139.9,BID
1362,1712615610.8312638,16836160.2777035,139.4,0.0,139.9,BID
1363,1712615640.5732243,16836160.2777035,139.4,0.0,139.9,BID
1364,1712615652.4102426,16836203.31931038,139.0,-1.8183643239282567e-08,139.9,ASK
1365,1712615667.7505844,16836246.36091726,139.4,1.8183643240856377e-08,139.9,BID
1366,1712615670.6137931,16836246.36091726,139.4,0.0,139.9,BID
1367,1712615700.8119354,16836246.36091726,139.4,0.0,139.9,BID
1368,1712615715.060788,16836289.40252414,139.0,-1.8183666419092125e-08,139.9,ASK
1369,1712615730.7699132,16836289.40252414,139.0,-0.0,139.9,ASK
1370,1712615731.820928,16836332.44413102,139.4,1.8183620459452595e-08,139.9,BID
1371,1712615760.5572748,16836332.44413102,139.4,0.0,139.9,BID
1372,1712615765.1347969,16836444.63207937,139.4,4.739548659608529e-08,139.9,BID
1373,1712615772.4118032,16836487.67368625,139.0,-1.818357436778844e-08,139.9,ASK
1374,1712615790.571785,16836487.67368625,139.0,-0.0,139.9,ASK
1375,1712615820.8225887,16836487.67368625,139.0,-0.0,139.9,ASK
1376,1712615827.5416703,16836530.71529313,139.4,1.8183408272397143e-08,139.9,BID
1377,1712615850.7744317,16836530.71529313,139.4,0.0,139.9,BID
1378,1712615872.1518393,16836573.75690001,139.0,-1.8183362180234888e-08,139.9,ASK
1379,1712615882.1517026,16836573.75690001,139.0,-0.0,139.9,ASK
1380,1712615890.621809,16836616.79850689,139.4,1.8183316223707065e-08,139.9,BID
1381,1712615910.6060967,16836616.79850689,139.4,0.0,139.9,BID
1382,1712615921.985143,16837334.15862166,139.4,3.030545022657651e-07,139.9,BID
1383,1712615935.0621738,16837377.20022854,139.0,-1.8183270132011456e-08,139.9,ASK
1384,1712615940.7654555,16837377.20022854,139.0,-0.0,139.9,ASK
1385,1712615952.691969,16837420.24183542,139.4,1.818245604553209e-08,139.9,BID
1386,1712615970.7967792,16837420.24183542,139.4,0.0,139.9,BID
1387,1712615979.2957964,16851808.73104405,139.0,-6.07824448139349e-06,139.9,ASK
1388,1712615979.2987006,16852475.18019795,139.0,-2.815334419817301e-07,139.9,ASK
1389,1712615979.3621442,16853644.40349795,139.0,4.939243424161004e-07,139.9,BID
1390,1712615979.3826373,16854441.20749795,139.0,3.366002813454176e-07,139.9,BID
1391,1712615985.2220273,16869569.33822739,139.0,6.390697159842335e-06,139.9,BID
1392,1712615989.983303,16870290.31876091,139.0,-3.045695684588266e-07,139.9,ASK
1393,1712616000.6151073,16870290.31876091,139.0,-0.0,139.9,ASK
1394,1712616003.0492847,16870333.36036779,139.0,-1.814882046958009e-08,139.9,ASK
1395,1712616020.9223294,16870376.46381606,139.2,1.8174896361831235e-08,139.9,BID
1396,1712616030.570496,16870376.46381606,139.2,0.0,139.9,BID
1397,1712616060.7767494,16870376.46381606,139.2,0.0,139.9,BID
1398,1712616071.4229152,16870398.82131693,139.0,-9.427162429173444e-09,139.9,ASK
1399,1712616071.4270155,16870419.56726433,138.9,-8.74764210049496e-09,139.9,ASK
1400,1712616088.972341,16870462.6707126,139.2,1.8174804531239195e-08,139.9,BID
1401,1712616090.7493978,16870462.6707126,139.2,0.0,139.9,BID
1402,1712616120.5700748,16870462.6707126,139.2,0.0,139.9,BID
1403,1712616133.3229518,16870505.77416087,138.9,-1.8174712650028373e-08,139.9,ASK
1404,1712616136.9126108,16887232.97596898,138.9,-7.053080403475434e-06,139.9,ASK
1405,1712616150.5608623,16887232.97596898,138.9,-0.0,139.9,ASK
1406,1712616152.7933097,16887276.07941725,139.2,1.8156879013408832e-08,139.9,BID
1407,1712616180.7388818,16887276.07941725,139.2,0.0,139.9,BID
1408,1712616200.296074,16887319.18286552,138.9,-1.815683312157761e-08,139.9,ASK
1409,1712616210.7467222,16887319.18286552,138.9,-0.0,139.9,ASK
1410,1712616217.712965,16887362.28631379,139.2,1.8156787332017523e-08,139.9,BID
1411,1712616240.5548544,16887362.28631379,139.2,0.0,139.9,BID
1412,1712616262.9432375,16887405.38976206,138.9,-1.8156741440649745e-08,139.9,ASK
1413,1712616270.5930774,16887405.38976206,138.9,-0.0,139.9,ASK
1414,1712616281.4730115,16887448.49321033,139.2,1.815669565155207e-08,139.9,BID
1415,1712616300.5698617,16887448.49321033,139.2,0.0,139.9,BID
1416,1712616330.5523047,16887448.49321033,139.2,0.0,139.9,BID
1417,1712616330.570497,16887491.5966586,138.9,-1.815664976064773e-08,139.9,ASK
1418,1712616349.4033968,16887534.70010687,139.2,1.815664976221696e-08,139.9,BID
1419,1712616360.7768064,16887534.70010687,139.2,0.0,139.9,BID
1420,1712616390.791845,16887534.70010687,139.2,0.0,139.9,BID
1421,1712616395.8836672,16887577.80355514,138.9,-1.815655808157157e-08,139.9,ASK
1422,1712616414.6639647,16887620.90700341,139.2,1.8156558083140783e-08,139.9,BID
1423,1712616420.553797,16887620.90700341,139.2,0.0,139.9,BID
1424,1712616450.5679748,16887620.90700341,139.2,0.0,139.9,BID
1425,1712616461.553952,16887664.01045168,138.9,-1.8156466403421246e-08,139.9,ASK
1426,1712616479.9538758,16887707.11389995,139.2,1.815646640499044e-08,139.9,BID
1427,1712616480.736393,16887707.11389995,139.2,0.0,139.9,BID
1428,1712616510.7574568,16887707.11389995,139.2,0.0,139.9,BID
1429,1712616526.3740604,16887750.21734822,138.9,-1.8156374727765925e-08,139.9,ASK
1430,1712616540.511497,16887750.21734822,138.9,-0.0,139.9,ASK
1431,1712616570.5590022,16887750.21734822,138.9,-0.0,139.9,ASK
1432,1712616577.7831194,16887793.35178387,139.1,1.8169381654086145e-08,139.9,BID
1433,1712616578.459998,16889929.04842035,139.1,8.996127270666218e-07,139.9,BID
1434,1712616578.4619722,16894973.6696709,139.2,2.1249298251011805e-06,139.9,BID
1435,1712616580.565142,16895117.65815182,138.9,-6.065181158022794e-08,139.9,ASK
1436,1712616580.5695808,16901792.39761411,138.9,-2.8115793542796697e-06,139.9,ASK
1437,1712616580.573743,16908244.70322966,138.9,-2.71788424981517e-06,139.9,ASK
1438,1712616580.57625,17029139.60093112,138.8,-5.092417469408848e-05,139.9,ASK
1439,1712616580.5781405,17030784.35105396,138.9,-6.928128827283772e-07,139.9,ASK
1440,1712616581.0643013,17030856.19013441,139.2,3.0260548230011946e-08,139.9,BID
1441,1712616581.1240506,17032219.78359755,139.2,5.743821538292619e-07,139.9,BID
1442,1712616581.1272864,17045224.00622636,139.2,5.477727493062859e-06,139.9,BID
1443,1712616586.2867625,17045295.84530681,139.2,3.0260548230011946e-08,139.9,BID
1444,1712616600.5949812,17045295.84530681,139.2,0.0,139.9,BID
1445,1712616621.4041307,17045338.97974246,138.8,-1.806632529468992e-08,139.9,ASK
1446,1712616630.5553854,17045338.97974246,138.8,-0.0,139.9,ASK
1447,1712616641.3141885,17045382.08319073,139.2,1.8053301343718628e-08,139.9,BID
1448,1712616660.764925,17045382.08319073,139.2,0.0,139.9,BID
1449,1712616685.3071425,17045425.186639,138.8,-1.805325597397319e-08,139.9,ASK
1450,1712616690.7759838,17045425.186639,138.8,-0.0,139.9,ASK
1451,1712616704.6147487,17045468.29008727,139.2,1.805321073794371e-08,139.9,BID
1452,1712616720.5474124,17045468.29008727,139.2,0.0,139.9,BID
1453,1712616724.194734,17045998.16514206,139.2,2.219293901807231e-07,139.9,BID
1454,1712616724.1991158,17048341.85330566,139.2,9.8161496794744e-07,139.9,BID
1455,1712616748.027972,17048384.95675393,138.9,-1.8053165368653672e-08,139.9,ASK
1456,1712616750.601992,17048384.95675393,138.9,-0.0,139.9,ASK
1457,1712616751.995587,17049003.69851267,139.2,2.591056786213321e-07,139.9,BID
1458,1712616751.9990127,17052235.43512572,139.2,1.3533292305226015e-06,139.9,BID
1459,1712616752.0023038,17055109.77715622,139.2,1.203665878180232e-06,139.9,BID
1460,1712616767.5447488,17055152.88060449,139.2,1.805009611455478e-08,139.9,BID
1461,1712616780.7834568,17055152.88060449,139.2,0.0,139.9,BID
1462,1712616810.8001049,17055152.88060449,139.2,0.0,139.9,BID
1463,1712616816.7948468,17055188.83606426,139.2,1.505085074183736e-08,139.9,BID
1464,1712616817.804676,17055231.93951253,138.9,-1.8042977909162844e-08,139.9,ASK
1465,1712616818.8287525,17055267.8949723,139.2,1.505085074183736e-08,139.9,BID
1466,1712616829.684874,17055303.85043207,139.2,1.5050850743396758e-08,139.9,BID
1467,1712616836.3849025,17055346.95388034,139.2,1.8042977909162844e-08,139.9,BID
1468,1712616840.5375872,17055346.95388034,139.2,0.0,139.9,BID
1469,1712616870.5456338,17055346.95388034,139.2,0.0,139.9,BID
1470,1712616882.1349528,17055390.05732861,138.9,-1.804277397347488e-08,139.9,ASK
1471,1712616900.6328976,17055390.05732861,138.9,-0.0,139.9,ASK
1472,1712616901.104448,17055433.16077688,139.2,1.804272875428772e-08,139.9,BID
1473,1712616930.5461636,17055433.16077688,139.2,0.0,139.9,BID
1474,1712616945.1546962,17055476.26422515,138.9,-1.804268344078441e-08,139.9,ASK
1475,1712616960.8536358,17055476.26422515,138.9,-0.0,139.9,ASK
1476,1712616965.4943538,17055519.36767342,139.2,1.8042638222051042e-08,139.9,BID
1477,1712616990.821493,17055519.36767342,139.2,0.0,139.9,BID
1478,1712617012.6138167,17055562.47112169,139.0,-1.804259290900248e-08,139.9,ASK
1479,1712617020.624957,17055562.47112169,139.0,-0.0,139.9,ASK
1480,1712617031.6139867,17055605.57456996,139.2,1.804254765816952e-08,139.9,BID
1481,1712617050.604695,17055605.57456996,139.2,0.0,139.9,BID
1482,1712617057.8438485,17055884.68354791,139.2,1.1683112584415869e-07,139.9,BID
1483,1712617057.8483927,17056181.68280708,139.2,1.2431974807276588e-07,139.9,BID
1484,1712617074.66373,17056224.78625535,139.2,-1.8042502344016504e-08,139.9,ASK
1485,1712617080.7872398,17056224.78625535,139.2,-0.0,139.9,ASK
1486,1712617093.2935305,17056267.85876073,139.3,1.8028899605392112e-08,139.9,BID
1487,1712617110.82078,17056267.85876073,139.3,0.0,139.9,BID
1488,1712617138.673777,17056310.93126611,139.2,-1.802885432726374e-08,139.9,ASK
1489,1712617140.5527158,17056310.93126611,139.2,-0.0,139.9,ASK
1490,1712617158.2249656,17056354.00377149,139.3,1.8028809081866592e-08,139.9,BID
1491,1712617167.0423744,17056425.79128046,139.3,3.004801513644432e-08,139.9,BID
1492,1712617170.5455692,17056425.79128046,139.3,0.0,139.9,BID
1493,1712617177.9430702,17059541.91350565,139.3,1.3043029639531492e-06,139.9,BID
1494,1712617177.9535766,17063604.5421778,139.3,1.7004784265801652e-06,139.9,BID
1495,1712617200.793218,17063604.5421778,139.3,0.0,139.9,BID
1496,1712617203.5133665,17063647.61468318,139.2,-1.805027121084516e-08,139.9,ASK
1497,1712617212.8836863,17064159.5421778,139.2,-2.14531985925463e-07,139.9,ASK
1498,1712617212.8896463,17065486.58877428,139.2,-5.561216085298464e-07,139.9,ASK
1499,1712617213.0434582,17068226.07292791,139.0,-1.1480277618754893e-06,139.9,ASK
1500,1712617213.0471532,17071570.26703143,139.2,-1.4014418250427002e-06,139.9,ASK
1501,1712617213.263127,17071724.8134582,139.0,-6.476532751417235e-08,139.9,ASK
1502,1712617213.6429694,17072236.0826168,139.0,-2.1425609893858053e-07,139.9,ASK
1503,1712617221.1730263,17072279.15512218,139.3,1.805027121084516e-08,139.9,BID
1504,1712617230.5871432,17072279.15512218,139.3,0.0,139.9,BID
1505,1712617260.7817795,17072279.15512218,139.3,0.0,139.9,BID
1506,1712617267.002821,17072322.22762756,139.0,-1.8041147035677765e-08,139.9,ASK
1507,1712617280.093206,17072984.04099619,139.0,-2.772040351036421e-07,139.9,ASK
1508,1712617284.183561,17073027.11350157,139.3,1.8041147035677765e-08,139.9,BID
1509,1712617290.7922325,17073027.11350157,139.3,0.0,139.9,BID
1510,1712617296.2028716,17073127.11350157,139.3,4.188370557615576e-08,139.9,BID
1511,1712617320.5625143,17073127.11350157,139.3,0.0,139.9,BID
1512,1712617335.0072055,17073170.18600695,139.0,-1.804025608240068e-08,139.9,ASK
1513,1712617350.611889,17073170.18600695,139.0,-0.0,139.9,ASK
1514,1712617352.653163,17073213.25851233,139.3,1.8040210846407697e-08,139.9,BID
1515,1712617380.7778866,17073213.25851233,139.3,0.0,139.9,BID
1516,1712617397.732619,17073256.33101771,139.0,-1.804016551144704e-08,139.9,ASK
1517,1712617410.7776985,17073256.33101771,139.0,-0.0,139.9,ASK
1518,1712617416.9235952,17073299.40352309,139.3,1.8040120274348013e-08,139.9,BID
1519,1712617439.6367352,17083657.7176188,139.4,4.338387806173063e-06,139.9,BID
1520,1712617439.6426284,17175560.84651412,139.5,3.849192156798549e-05,139.9,BID
1521,1712617439.6448567,17175632.5825256,139.4,3.004529835536762e-08,139.9,BID
1522,1712617439.6471322,17179548.63090064,139.5,1.6401642546923551e-06,139.9,BID
1523,1712617439.649294,17192384.56724106,139.4,5.376093945940908e-06,139.9,BID
1524,1712617440.5670376,17192384.56724106,139.4,0.0,139.9,BID
1525,1712617450.5125892,17208304.58910234,139.5,-6.621723253512426e-06,139.9,ASK
1526,1712617466.452517,17208347.66160772,139.2,-1.7915440880257904e-08,139.9,ASK
1527,1712617470.5880766,17208347.66160772,139.2,-0.0,139.9,ASK
1528,1712617485.432564,17208390.6723604,139.5,1.7873201067156546e-08,139.9,BID
1529,1712617500.7825,17208390.6723604,139.5,0.0,139.9,BID
1530,1712617530.7686725,17208390.6723604,139.5,0.0,139.9,BID
1531,1712617531.9931085,17208433.68311308,139.2,-1.7888755458916833e-08,139.9,ASK
1532,1712617552.4626548,17208476.69386576,139.5,1.7888755460466228e-08,139.9,BID
1533,1712617560.701395,17208476.69386576,139.5,0.0,139.9,BID
1534,1712617589.9727025,17212060.92325644,139.5,1.4907221897913766e-06,139.9,BID
1535,1712617590.603341,17212060.92325644,139.5,0.0,139.9,BID
1536,1712617606.0725996,17212370.33155644,139.5,1.286597118402013e-07,139.9,BID
1537,1712617606.0775511,17212419.92325644,139.4,2.0621469532298983e-08,139.9,BID
1538,1712617620.7872872,17212419.92325644,139.4,0.0,139.9,BID
1539,1712617648.4723856,17212491.65926791,139.4,2.9829007124189344e-08,139.9,BID
1540,1712617650.7981074,17212491.65926791,139.4,0.0,139.9,BID
1541,1712617680.6144798,17212491.65926791,139.4,0.0,139.9,BID
1542,1712617710.625239,17212491.65926791,139.4,0.0,139.9,BID
1543,1712617726.342492,17223893.45348875,139.5,4.741032848941716e-06,139.9,BID
1544,1712617726.3528235,17226824.82265974,139.5,1.2189061881714603e-06,139.9,BID
1545,1712617726.3574674,17226827.00357227,139.4,9.068553382210064e-10,139.9,BID
1546,1712617740.791434,17226827.00357227,139.4,0.0,139.9,BID
1547,1712617744.5929413,17226908.24549856,139.6,3.375351422022148e-08,139.9,BID
1548,1712617744.5969653,17226947.48479856,139.5,1.6302718695515455e-08,139.9,BID
1549,1712617770.77598,17226947.48479856,139.5,0.0,139.9,BID
1550,1712617788.3022473,17226987.46480855,139.6,1.6610344801958134e-08,139.9,BID
1551,1712617800.566799,17226987.46480855,139.6,0.0,139.9,BID
1552,1712617830.6057703,17226987.46480855,139.6,0.0,139.9,BID
1553,1712617860.7877502,17226987.46480855,139.6,0.0,139.9,BID
1554,1712617890.7704525,17226987.46480855,139.6,0.0,139.9,BID
1555,1712617898.6923585,17233771.63386299,139.6,2.818832059557518e-06,139.9,BID
1556,1712617910.5025237,17235499.33639745,139.6,7.178629032431267e-07,139.9,BID
1557,1712617910.5078092,17235570.96963528,139.6,2.976371398006013e-08,139.9,BID
1558,1712617920.5714266,17235570.96963528,139.6,0.0,139.9,BID
1559,1712617936.2127123,17240278.70267815,139.6,-1.955096493107868e-06,139.9,ASK
1560,1712617950.5713978,17240278.70267815,139.6,-0.0,139.9,ASK
1561,1712617962.022535,17241556.77908204,139.7,5.30633506090959e-07,139.9,BID
1562,1712617962.027906,17247350.81555466,139.7,2.4055759722402105e-06,139.9,BID
1563,1712617962.0358727,17247436.89881272,139.7,3.5740164594614066e-08,139.9,BID
1564,1712617980.7894742,17247436.89881272,139.7,0.0,139.9,BID
1565,1712618010.793922,17247436.89881272,139.7,0.0,139.9,BID
