,time,acc_trade_volume,trade_price,dev,high,ask_bid
0,1712601588.492988,1466141.03432138,1447.0,0.0,1458.0,ASK
1,1712601600.4362698,1466141.03432138,1447.0,-0.0,1458.0,ASK
2,1712601618.836565,1466196.24481137,1449.0,2.4071393771203223e-08,1458.0,BID
3,1712601630.4564283,1466196.24481137,1449.0,0.0,1458.0,BID
4,1712601640.0664,1466200.38559811,1449.0,1.805291561231677e-09,1458.0,BID
5,1712601660.6962416,1466200.38559811,1449.0,0.0,1458.0,BID
6,1712601679.4562273,1466204.52638485,1447.0,-1.8052868388405582e-09,1458.0,ASK
7,1712601690.6959422,1466204.52638485,1447.0,-0.0,1458.0,ASK
8,1712601707.0859704,1466208.66717159,1449.0,1.8052821229922315e-09,1458.0,BID
9,1712601720.43596,1466208.66717159,1449.0,0.0,1458.0,BID
10,1712601749.6157603,1466212.80795833,1447.0,-1.805277400650489e-09,1458.0,ASK
11,1712601750.4257696,1466212.80795833,1447.0,-0.0,1458.0,ASK
12,1712601780.6860392,1466212.80795833,1447.0,-0.0,1458.0,ASK
13,1712601803.1853406,1466216.94874507,1449.0,1.8052726848514727e-09,1458.0,BID
14,1712601810.7156456,1466216.94874507,1449.0,0.0,1458.0,BID
15,1712601840.4254248,1466216.94874507,1449.0,0.0,1458.0,BID
16,1712601850.2053063,1466221.08953181,1447.0,-1.805267962559108e-09,1458.0,ASK
17,1712601864.456175,1466228.69146685,1447.0,-3.314232449731668e-09,1458.0,ASK
18,1712601870.4552133,1466228.69146685,1447.0,-0.0,1458.0,ASK
19,1712601900.445305,1466228.69146685,1447.0,-0.0,1458.0,ASK
20,1712601902.166001,1466232.82369825,1452.0,1.801524726543713e-09,1458.0,BID
21,1712601930.4554567,1466232.82369825,1452.0,0.0,1458.0,BID
22,1712601952.6853533,1466236.95592965,1447.0,-1.801520014001108e-09,1458.0,ASK
23,1712601960.6852496,1466236.95592965,1447.0,-0.0,1458.0,ASK
24,1712601975.724948,1466241.08816105,1452.0,1.8015153179134558e-09,1458.0,BID
25,1712601990.7093294,1466241.08816105,1452.0,0.0,1458.0,BID
26,1712602015.0848012,1466245.22039245,1447.0,-1.801510605420073e-09,1458.0,ASK
27,1712602020.623612,1466245.22039245,1447.0,-0.0,1458.0,ASK
28,1712602040.0548134,1466249.35262385,1452.0,1.8015059093814727e-09,1458.0,BID
29,1712602050.4047568,1466249.35262385,1452.0,0.0,1458.0,BID
30,1712602080.6847055,1466249.35262385,1452.0,0.0,1458.0,BID
31,1712602084.1048417,1466253.48485525,1447.0,-1.8015011969373115e-09,1458.0,ASK
32,1712602109.9148588,1466257.61708665,1452.0,1.801501197038817e-09,1458.0,BID
33,1712602110.694356,1466257.61708665,1452.0,0.0,1458.0,BID
34,1712602140.4341917,1466257.61708665,1452.0,0.0,1458.0,BID
35,1712602150.6444275,1466261.74931805,1447.0,-1.801491788552822e-09,1458.0,ASK
36,1712602170.4441478,1466261.74931805,1447.0,-0.0,1458.0,ASK
37,1712602200.464433,1466261.74931805,1447.0,-0.0,1458.0,ASK
38,1712602203.564236,1466265.88154945,1452.0,1.801487092612323e-09,1458.0,BID
39,1712602230.454002,1466265.88154945,1452.0,0.0,1458.0,BID
40,1712602252.0544295,1466270.01378085,1447.0,-1.8014823802666035e-09,1458.0,ASK
41,1712602260.483954,1466270.01378085,1447.0,-0.0,1458.0,ASK
42,1712602276.0439973,1466274.14601225,1452.0,1.8014776843751527e-09,1458.0,BID
43,1712602290.4743843,1466274.14601225,1452.0,0.0,1458.0,BID
44,1712602318.2940838,1466278.27824365,1447.0,-1.801472972078653e-09,1458.0,ASK
45,1712602320.6738236,1466278.27824365,1447.0,-0.0,1458.0,ASK
46,1712602348.7937827,1466282.41047505,1452.0,1.8014682762362527e-09,1458.0,BID
47,1712602350.723736,1466282.41047505,1452.0,0.0,1458.0,BID
48,1712602380.4237564,1466282.41047505,1452.0,0.0,1458.0,BID
49,1712602386.943859,1466286.54270645,1447.0,-1.801463563988971e-09,1458.0,ASK
50,1712602408.8336632,1466290.67493785,1452.0,1.801463564090474e-09,1458.0,BID
51,1712602410.434114,1466290.67493785,1452.0,0.0,1458.0,BID
52,1712602440.6734557,1466290.67493785,1452.0,0.0,1458.0,BID
53,1712602458.0835342,1466294.80716925,1447.0,-1.8014541559975542e-09,1458.0,ASK
54,1712602470.7411938,1466294.80716925,1447.0,-0.0,1458.0,ASK
55,1712602476.61363,1466363.67769266,1452.0,3.0024157703436006e-08,1458.0,BID
56,1712602480.6864347,1466367.80992406,1452.0,1.8014494602532483e-09,1458.0,BID
57,1712602500.526943,1466367.80992406,1452.0,0.0,1458.0,BID
58,1712602525.3937848,1466371.94215546,1447.0,-1.8013662176108791e-09,1458.0,ASK
59,1712602530.5152345,1466371.94215546,1447.0,-0.0,1458.0,ASK
60,1712602547.955026,1466376.07438686,1452.0,1.8013615223250143e-09,1458.0,BID
61,1712602560.7452958,1466376.07438686,1452.0,0.0,1458.0,BID
62,1712602590.7394502,1466376.07438686,1452.0,0.0,1458.0,BID
63,1712602594.615741,1466380.20661826,1447.0,-1.801356810636199e-09,1458.0,ASK
64,1712602614.7259564,1466384.33884966,1452.0,1.801356810737696e-09,1458.0,BID
65,1712602620.536885,1466384.33884966,1452.0,0.0,1458.0,BID
66,1712602650.4921646,1466384.33884966,1452.0,0.0,1458.0,BID
67,1712602663.7679005,1466388.47108106,1447.0,-1.8013474037597675e-09,1458.0,ASK
68,1712602680.7487657,1466388.47108106,1447.0,-0.0,1458.0,ASK
69,1712602683.6177003,1466392.60331246,1452.0,1.801342708571979e-09,1458.0,BID
70,1712602710.7076569,1466392.60331246,1452.0,0.0,1458.0,BID
71,1712602730.0393374,1466396.73554386,1447.0,-1.8013379969815823e-09,1458.0,ASK
72,1712602740.4856958,1466396.73554386,1447.0,-0.0,1458.0,ASK
73,1712602753.4692805,1466400.86777526,1452.0,1.8013333018428323e-09,1458.0,BID
74,1712602770.5145438,1466400.86777526,1452.0,0.0,1458.0,BID
75,1712602797.249878,1466405.00000666,1447.0,-1.801328590301643e-09,1458.0,ASK
76,1712602800.6332412,1466405.00000666,1447.0,-0.0,1458.0,ASK
77,1712602815.0001388,1466411.887059,1452.0,3.0403406436811463e-09,1458.0,BID
78,1712602830.5088186,1466411.887059,1452.0,0.0,1458.0,BID
79,1712602851.451051,1466416.0192904,1452.0,1.8241963312871881e-09,1458.0,BID
80,1712602860.7417948,1466416.0192904,1452.0,0.0,1458.0,BID
81,1712602861.4011571,1466420.1515218,1452.0,1.8241914995936158e-09,1458.0,BID
82,1712602883.2414677,1466427.03857414,1452.0,3.040319168833052e-09,1458.0,BID
83,1712602890.7298815,1466427.03857414,1452.0,0.0,1458.0,BID
84,1712602901.6316082,1466431.17080554,1447.0,-1.8241786148256758e-09,1458.0,ASK
85,1712602920.4929743,1466431.17080554,1447.0,-0.0,1458.0,ASK
86,1712602929.082264,1466435.30303694,1452.0,1.8241737998640037e-09,1458.0,BID
87,1712602950.543344,1466435.30303694,1452.0,0.0,1458.0,BID
88,1712602971.8325148,1466439.43526834,1447.0,-1.824168968084224e-09,1458.0,ASK
89,1712602980.7323022,1466439.43526834,1447.0,-0.0,1458.0,ASK
90,1712603010.7546685,1466439.43526834,1447.0,-0.0,1458.0,ASK
91,1712603036.1171353,1466443.57891474,1448.0,1.8292032788907483e-09,1458.0,BID
92,1712603040.5177932,1466443.57891474,1448.0,0.0,1458.0,BID
93,1712603070.6011813,1466443.57891474,1448.0,0.0,1458.0,BID
94,1712603082.5458388,1466447.72256114,1447.0,-1.8291984340206113e-09,1458.0,ASK
95,1712603099.4342892,1466451.86620754,1448.0,1.829198433917829e-09,1458.0,BID
96,1712603100.720626,1466451.86620754,1448.0,0.0,1458.0,BID
97,1712603130.7551544,1466451.86620754,1448.0,0.0,1458.0,BID
98,1712603147.9947145,1466454.68014919,1447.0,-1.2425249925441382e-09,1458.0,ASK
99,1712603147.997088,1466456.00985394,1447.0,-5.871448630719833e-10,1458.0,ASK
100,1712603160.5020428,1466456.00985394,1447.0,-0.0,1458.0,ASK
101,1712603190.4872563,1466456.00985394,1447.0,-0.0,1458.0,ASK
102,1712603209.7851727,1466460.15350034,1448.0,1.8296650115189398e-09,1458.0,BID
103,1712603215.081962,1466513.65316734,1448.0,2.362326786351652e-08,1458.0,BID
104,1712603215.1552556,1466513.65316812,1448.0,3.444084842108793e-16,1458.0,BID
105,1712603215.1572845,1466612.59209312,1448.0,4.36873883234745e-08,1458.0,BID
106,1712603220.7330644,1466612.59209312,1448.0,0.0,1458.0,BID
107,1712603249.015338,1466616.73573952,1448.0,-1.829481852603725e-09,1458.0,ASK
108,1712603250.7704496,1466616.73573952,1448.0,-0.0,1458.0,ASK
109,1712603262.3457072,1466633.31032516,1448.0,-7.317908042301208e-09,1458.0,ASK
110,1712603277.1761258,1466637.45397156,1448.0,1.8294770062577887e-09,1458.0,BID
111,1712603280.5169728,1466637.45397156,1448.0,0.0,1458.0,BID
112,1712603310.5060337,1466637.45397156,1448.0,0.0,1458.0,BID
113,1712603315.9264965,1466641.59761796,1447.0,-1.829452774296424e-09,1458.0,ASK
114,1712603337.5559697,1466645.74126436,1448.0,1.829452774296424e-09,1458.0,BID
115,1712603340.788906,1466645.74126436,1448.0,0.0,1458.0,BID
116,1712603370.7361145,1466645.74126436,1448.0,0.0,1458.0,BID
117,1712603386.7667043,1466649.88491076,1447.0,-1.829443085079613e-09,1458.0,ASK
118,1712603400.5516882,1466649.88491076,1447.0,-0.0,1458.0,ASK
119,1712603414.1867738,1466654.02855716,1448.0,1.8297694612255831e-09,1458.0,BID
120,1712603430.5120127,1466654.02855716,1448.0,0.0,1458.0,BID
121,1712603449.937019,1466658.17220356,1447.0,-1.8297646132529326e-09,1458.0,ASK
122,1712603460.72833,1466658.17220356,1447.0,-0.0,1458.0,ASK
123,1712603475.9277673,1466662.31584996,1448.0,1.829759768756805e-09,1458.0,BID
124,1712603490.2171504,1466839.14572196,1448.0,7.808489297863654e-08,1458.0,BID
125,1712603490.783462,1466839.14572196,1448.0,0.0,1458.0,BID
126,1712603517.387094,1466843.28936836,1447.0,-1.8295480599074443e-09,1458.0,ASK
127,1712603520.5100973,1466843.28936836,1447.0,-0.0,1458.0,ASK
128,1712603539.667458,1466843.28936921,1448.0,3.752260557507504e-16,1458.0,BID
129,1712603539.6701505,1466847.42159976,1452.0,1.824502778942237e-09,1458.0,BID
130,1712603550.5241995,1466847.42159976,1452.0,0.0,1458.0,BID
131,1712603580.5695472,1466847.42159976,1452.0,0.0,1458.0,BID
132,1712603587.231808,1466850.24985951,1447.0,-1.248757551361466e-09,1458.0,ASK
133,1712603587.2355666,1466851.55383116,1447.0,-5.757407694877604e-10,1458.0,ASK
134,1712603607.4573436,1466855.68606256,1452.0,1.824498320746425e-09,1458.0,BID
135,1712603610.497787,1466855.68606256,1452.0,0.0,1458.0,BID
136,1712603640.7469432,1466855.68606256,1452.0,0.0,1458.0,BID
137,1712603647.6019144,1466861.2665651,1452.0,2.4639384089422476e-09,1458.0,BID
138,1712603649.247859,1466862.44420815,1447.0,-5.19960330095957e-10,1458.0,ASK
139,1712603649.25066,1466865.3987965,1447.0,-1.304528340527348e-09,1458.0,ASK
140,1712603670.7470298,1466865.3987965,1447.0,-0.0,1458.0,ASK
141,1712603700.568064,1466865.3987965,1447.0,-0.0,1458.0,ASK
142,1712603730.5011673,1466865.3987965,1447.0,-0.0,1458.0,ASK
143,1712603742.855493,1466869.5310279,1452.0,1.825283232187409e-09,1458.0,BID
144,1712603760.7562869,1466869.5310279,1452.0,0.0,1458.0,BID
145,1712603772.7288976,1466873.99542993,1452.0,1.972003932321175e-09,1458.0,BID
146,1712603787.3684933,1466878.12766133,1447.0,-1.8252783945286947e-09,1458.0,ASK
147,1712603790.7899237,1466878.12766133,1447.0,-0.0,1458.0,ASK
148,1712603794.608575,1466881.57807455,1452.0,1.524099070513739e-09,1458.0,BID
149,1712603794.6107297,1468256.14852129,1453.0,6.071683032136728e-07,1458.0,BID
150,1712603794.6188328,1468609.46613336,1452.0,1.560656680237184e-07,1458.0,BID
151,1712603794.62089,1468650.55113336,1453.0,1.8147858333979813e-08,1458.0,BID
152,1712603794.6230352,1470026.06695179,1454.0,6.075858880135416e-07,1458.0,BID
153,1712603794.6250217,1470096.73460322,1453.0,3.121495745279209e-08,1458.0,BID
154,1712603794.627041,1470404.84385312,1454.0,1.3609645901377098e-07,1458.0,BID
155,1712603794.7484064,1470461.68225312,1454.0,-2.5106370479035052e-08,1458.0,ASK
156,1712603794.7505913,1470929.37199756,1454.0,-2.065855476781881e-07,1458.0,ASK
157,1712603794.7694,1471012.77619756,1454.0,-3.6840881247659944e-08,1458.0,ASK
158,1712603794.7715733,1471715.72268551,1454.0,-3.105019661603928e-07,1458.0,ASK
159,1712603820.5313914,1471715.72268551,1454.0,-0.0,1458.0,ASK
160,1712603843.098282,1471754.72588551,1452.0,-1.7174950932102177e-08,1458.0,ASK
161,1712603844.1486826,1471832.73158551,1452.0,-3.4349593621259544e-08,1458.0,ASK
162,1712603845.188383,1471852.35878551,1452.0,-8.642783077671826e-09,1458.0,ASK
163,1712603847.8185582,1471855.80208447,1455.0,1.516247145887476e-09,1458.0,BID
164,1712603847.8210356,1471856.48249685,1455.0,2.9961770420234395e-10,1458.0,BID
165,1712603850.5325232,1471856.48249685,1455.0,0.0,1458.0,BID
166,1712603880.778783,1471856.48249685,1455.0,0.0,1458.0,BID
167,1712603887.4729462,1471860.60620819,1452.0,-1.815701427907112e-09,1458.0,ASK
168,1712603908.3097413,1471864.73275564,1454.0,1.816950188612443e-09,1458.0,BID
169,1712603910.7413187,1471864.73275564,1454.0,0.0,1458.0,BID
170,1712603940.4944265,1471864.73275564,1454.0,0.0,1458.0,BID
171,1712603958.1986785,1471868.85930309,1452.0,-1.816940598356545e-09,1458.0,ASK
172,1712603970.4917305,1471868.85930309,1452.0,-0.0,1458.0,ASK
173,1712603985.4492686,1471872.98585054,1454.0,1.816935804920595e-09,1458.0,BID
174,1712604000.548627,1471872.98585054,1454.0,0.0,1458.0,BID
175,1712604027.9801536,1471877.11239799,1452.0,-1.8169310049074599e-09,1458.0,ASK
176,1712604030.5106974,1471877.11239799,1452.0,-0.0,1458.0,ASK
177,1712604054.3592696,1471877.37366309,1454.0,1.1503549009555327e-10,1458.0,BID
178,1712604054.3626652,1471881.23894544,1454.0,1.701890721426575e-09,1458.0,BID
179,1712604060.7802486,1471881.23894544,1454.0,0.0,1458.0,BID
180,1712604090.7971208,1471881.23894544,1454.0,0.0,1458.0,BID
181,1712604095.4091918,1471885.36549289,1452.0,-1.816921411559681e-09,1458.0,ASK
182,1712604120.533986,1471885.36549289,1452.0,-0.0,1458.0,ASK
183,1712604120.9792483,1471889.49204034,1454.0,1.8169166183274822e-09,1458.0,BID
184,1712604150.53541,1471889.49204034,1454.0,0.0,1458.0,BID
185,1712604158.1299858,1471893.61858779,1452.0,-1.8169118183132062e-09,1458.0,ASK
186,1712604165.8305085,1471930.90798665,1452.0,-1.6418458846750477e-08,1458.0,ASK
187,1712604165.8326254,1472435.01628665,1452.0,-2.219580264337109e-07,1458.0,ASK
188,1712604165.8340926,1473005.87088665,1452.0,-2.5134630871304084e-07,1458.0,ASK
189,1712604180.742292,1473005.87088665,1452.0,-0.0,1458.0,ASK
190,1712604187.42948,1473010.00311805,1452.0,1.8181168334460767e-09,1458.0,BID
191,1712604210.78732,1473010.00311805,1452.0,0.0,1458.0,BID
192,1712604223.8196845,1473014.13534945,1447.0,-1.8181120336994195e-09,1458.0,ASK
193,1712604240.4928005,1473014.13534945,1447.0,-0.0,1458.0,ASK
194,1712604250.1194737,1473018.26758085,1452.0,1.8181072507105558e-09,1458.0,BID
195,1712604270.5300095,1473018.26758085,1452.0,0.0,1458.0,BID
196,1712604292.259518,1473022.39981225,1447.0,-1.818102451014493e-09,1458.0,ASK
197,1712604300.7494628,1473022.39981225,1447.0,-0.0,1458.0,ASK
198,1712604319.6051774,1473026.53204365,1452.0,1.818097668076049e-09,1458.0,BID
199,1712604330.7446885,1473026.53204365,1452.0,0.0,1458.0,BID
200,1712604360.60383,1473026.53204365,1452.0,0.0,1458.0,BID
201,1712604362.1300583,1473030.66427505,1447.0,-1.818092868430581e-09,1458.0,ASK
202,1712604388.9997406,1473034.79650645,1452.0,1.8180928685330221e-09,1458.0,BID
203,1712604390.5254834,1473034.79650645,1452.0,0.0,1458.0,BID
204,1712604420.5161855,1473034.79650645,1452.0,0.0,1458.0,BID
205,1712604432.769949,1473038.92873785,1447.0,-1.818083285947682e-09,1458.0,ASK
206,1712604450.522687,1473038.92873785,1447.0,-0.0,1458.0,ASK
207,1712604459.450375,1473043.06096925,1452.0,1.8180785031100743e-09,1458.0,BID
208,1712604473.4705982,1473417.390271,1452.0,1.646955338892615e-07,1458.0,BID
209,1712604480.7376723,1473417.390271,1452.0,0.0,1458.0,BID
210,1712604499.922744,1473421.5225024,1452.0,-1.8176390383030247e-09,1458.0,ASK
211,1712604510.745288,1473421.5225024,1452.0,-0.0,1458.0,ASK
212,1712604524.790244,1473425.64904985,1454.0,1.8151340564160198e-09,1458.0,BID
213,1712604540.5520778,1473425.64904985,1454.0,0.0,1458.0,BID
214,1712604568.0501008,1473429.7755973,1452.0,-1.8151292659179342e-09,1458.0,ASK
215,1712604570.5200129,1473429.7755973,1452.0,-0.0,1458.0,ASK
216,1712604600.6376033,1473429.7755973,1452.0,-0.0,1458.0,ASK
217,1712604621.6559954,1473433.25310495,1454.0,1.5296344822853955e-09,1458.0,BID
218,1712604621.659155,1473433.90214475,1454.0,2.8548999985150714e-10,1458.0,BID
219,1712604630.5518794,1473433.90214475,1454.0,0.0,1458.0,BID
220,1712604660.7864838,1473433.90214475,1454.0,0.0,1458.0,BID
221,1712604670.2507336,1473438.0286922,1452.0,-1.8151196915869403e-09,1458.0,ASK
222,1712604684.8182707,1473449.9024742,1452.0,-5.22284931477796e-09,1458.0,ASK
223,1712604690.7827506,1473449.9024742,1452.0,-0.0,1458.0,ASK
224,1712604698.4252515,1473452.69910152,1454.0,1.2301231250485735e-09,1458.0,BID
225,1712604698.4285183,1473454.02902165,1454.0,5.84978017884427e-10,1458.0,BID
226,1712604720.503398,1473454.02902165,1454.0,0.0,1458.0,BID
227,1712604737.6403098,1473458.1555691,1452.0,-1.8150963525062319e-09,1458.0,ASK
228,1712604750.546571,1473458.1555691,1452.0,-0.0,1458.0,ASK
229,1712604759.620421,1473462.28211655,1454.0,1.8150915687962747e-09,1458.0,BID
230,1712604780.5699325,1473462.28211655,1454.0,0.0,1458.0,BID
231,1712604809.5007465,1473466.408664,1452.0,-1.8150867785224527e-09,1458.0,ASK
232,1712604810.5208669,1473466.408664,1452.0,-0.0,1458.0,ASK
233,1712604828.9103615,1473470.53521145,1454.0,1.8150819948629606e-09,1458.0,BID
234,1712604840.8009388,1473470.53521145,1454.0,0.0,1458.0,BID
235,1712604870.7386432,1473470.53521145,1454.0,0.0,1458.0,BID
236,1712604872.1861262,1473474.6617589,1452.0,-1.8150772046396718e-09,1458.0,ASK
237,1712604892.3314312,1473478.78830635,1454.0,1.8150772046396718e-09,1458.0,BID
238,1712604900.5079691,1473478.78830635,1454.0,0.0,1458.0,BID
239,1712604930.5023773,1473478.78830635,1454.0,0.0,1458.0,BID
240,1712604943.5607102,1473482.9148538,1452.0,-1.8153071705748515e-09,1458.0,ASK
241,1712604960.7497568,1473482.9148538,1452.0,-0.0,1458.0,ASK
242,1712604966.990609,1473487.03856514,1455.0,1.814054757351955e-09,1458.0,BID
243,1712604990.741169,1473487.03856514,1455.0,0.0,1458.0,BID
244,1712605007.90089,1473491.16227648,1452.0,-1.8140499693607815e-09,1458.0,ASK
245,1712605020.614749,1473491.16227648,1452.0,-0.0,1458.0,ASK
246,1712605030.2311463,1473495.28598782,1455.0,1.8140451910623181e-09,1458.0,BID
247,1712605050.5370708,1473495.28598782,1455.0,0.0,1458.0,BID
248,1712605078.1839907,1473499.40969916,1452.0,-1.814040403019221e-09,1458.0,ASK
249,1712605080.7277384,1473499.40969916,1452.0,-0.0,1458.0,ASK
250,1712605108.5708091,1473503.5334105,1455.0,1.814035624975997e-09,1458.0,BID
251,1712605110.7543936,1473503.5334105,1455.0,0.0,1458.0,BID
252,1712605140.51118,1473503.5334105,1455.0,0.0,1458.0,BID
253,1712605152.851114,1473507.65712184,1452.0,-1.814030836880976e-09,1458.0,ASK
254,1712605170.5194204,1473507.65712184,1452.0,-0.0,1458.0,ASK
255,1712605183.7509563,1473511.78083318,1455.0,1.814026058888146e-09,1458.0,BID
256,1712605200.563858,1473511.78083318,1455.0,0.0,1458.0,BID
257,1712605227.5710874,1473515.90454452,1452.0,-1.814021270843622e-09,1458.0,ASK
258,1712605230.5210512,1473515.90454452,1452.0,-0.0,1458.0,ASK
259,1712605258.8550751,1473520.02825586,1455.0,1.8140164929011846e-09,1458.0,BID
260,1712605260.788815,1473520.02825586,1455.0,0.0,1458.0,BID
261,1712605290.7473495,1473520.02825586,1455.0,0.0,1458.0,BID
262,1712605302.1311848,1473524.1519672,1452.0,-1.8140117049071567e-09,1458.0,ASK
263,1712605320.521103,1473524.1519672,1452.0,-0.0,1458.0,ASK
264,1712605330.8011966,1473528.27567854,1455.0,1.8140069270151126e-09,1458.0,BID
265,1712605350.5325713,1473528.27567854,1455.0,0.0,1458.0,BID
266,1712605372.5114224,1473532.39938988,1452.0,-1.8140021390715822e-09,1458.0,ASK
267,1712605375.051401,1473535.29363577,1452.0,-1.2731657971808779e-09,1458.0,ASK
268,1712605375.0609756,1473909.24921996,1452.0,-1.6450138569970818e-07,1458.0,ASK
269,1712605380.7327018,1473909.24921996,1452.0,-0.0,1458.0,ASK
270,1712605395.352851,1473913.38145136,1452.0,1.817307854166553e-09,1458.0,BID
271,1712605402.1313467,1474120.70695239,1447.0,-9.117937136862249e-08,1458.0,ASK
272,1712605402.133999,1474179.40241258,1447.0,-2.5813588467082617e-08,1458.0,ASK
273,1712605402.2561698,1474322.13366378,1447.0,6.277156304656163e-08,1458.0,BID
274,1712605410.7875233,1474322.13366378,1447.0,0.0,1458.0,BID
275,1712605440.5168154,1474322.13366378,1447.0,0.0,1458.0,BID
276,1712605443.2114282,1474326.26589518,1446.0,-1.8168304674345581e-09,1458.0,ASK
277,1712605470.5163715,1474326.26589518,1446.0,-0.0,1458.0,ASK
278,1712605473.3827507,1474330.38960652,1455.0,1.8130796642187006e-09,1458.0,BID
279,1712605500.5331142,1474330.38960652,1455.0,0.0,1458.0,BID
280,1712605522.341581,1474334.51331786,1446.0,-1.8130748811687502e-09,1458.0,ASK
281,1712605530.54802,1474334.51331786,1446.0,-0.0,1458.0,ASK
282,1712605560.7691257,1474334.51331786,1446.0,-0.0,1458.0,ASK
283,1712605586.5914712,1474338.6370292,1455.0,1.8130701279337822e-09,1458.0,BID
284,1712605590.761405,1474338.6370292,1455.0,0.0,1458.0,BID
285,1712605620.5238512,1474338.6370292,1455.0,0.0,1458.0,BID
286,1712605624.10207,1474345.50988144,1455.0,3.021775577893046e-09,1458.0,BID
287,1712605624.1054788,1474348.9508155,1456.0,1.5128697874328852e-09,1458.0,BID
288,1712605624.1087637,1474365.81564102,1455.0,7.414929944970007e-09,1458.0,BID
289,1712605624.112031,1474403.89371717,1456.0,1.674172476658485e-08,1458.0,BID
290,1712605624.1152158,1474407.33701613,1455.0,1.513909559190927e-09,1458.0,BID
291,1712605629.4414346,1474411.46072747,1446.0,-1.8130653449341462e-09,1458.0,ASK
292,1712605650.1727955,1474415.58160659,1456.0,1.811820107478889e-09,1458.0,BID
293,1712605650.5377312,1474415.58160659,1456.0,0.0,1458.0,BID
294,1712605680.7683504,1474415.58160659,1456.0,0.0,1458.0,BID
295,1712605699.9316385,1474419.70248571,1446.0,-1.8117309222392847e-09,1458.0,ASK
296,1712605710.7871358,1474419.70248571,1446.0,-0.0,1458.0,ASK
297,1712605726.8415732,1474423.82336483,1456.0,1.8117261760486021e-09,1458.0,BID
298,1712605740.5180392,1474423.82336483,1456.0,0.0,1458.0,BID
299,1712605766.5317924,1474427.94424395,1447.0,-1.8117213968547167e-09,1458.0,ASK
300,1712605770.523644,1474427.94424395,1447.0,-0.0,1458.0,ASK
301,1712605793.651934,1474432.06512307,1456.0,1.8117166473292631e-09,1458.0,BID
302,1712605800.5540726,1474432.06512307,1456.0,0.0,1458.0,BID
303,1712605830.5521305,1474432.06512307,1456.0,0.0,1458.0,BID
304,1712605832.4016695,1474436.18600219,1447.0,-1.81203052623594e-09,1458.0,ASK
305,1712605856.6418357,1474440.30688131,1456.0,1.81203052623594e-09,1458.0,BID
306,1712605860.7375605,1474440.30688131,1456.0,0.0,1458.0,BID
307,1712605890.7855074,1474440.30688131,1456.0,0.0,1458.0,BID
308,1712605896.16158,1474444.42776043,1447.0,-1.812020994417296e-09,1458.0,ASK
309,1712605915.7825625,1474448.54863955,1456.0,1.8120209945196758e-09,1458.0,BID
310,1712605920.538591,1474448.54863955,1456.0,0.0,1458.0,BID
311,1712605950.5677629,1474448.54863955,1456.0,0.0,1458.0,BID
312,1712605965.1920884,1474452.66951867,1447.0,-1.8120114626989302e-09,1458.0,ASK
313,1712605980.7511275,1474452.66951867,1447.0,-0.0,1458.0,ASK
314,1712606010.7513535,1474452.66951867,1447.0,-0.0,1458.0,ASK
315,1712606023.2622826,1474456.79039779,1456.0,1.8120067116525103e-09,1458.0,BID
316,1712606040.5221105,1474456.79039779,1456.0,0.0,1458.0,BID
317,1712606061.451908,1474460.91127691,1447.0,-1.812001931080844e-09,1458.0,ASK
318,1712606070.5074685,1474460.91127691,1447.0,-0.0,1458.0,ASK
319,1712606081.1631558,1474465.03498825,1455.0,1.8132425392390761e-09,1458.0,BID
320,1712606100.5305598,1474465.03498825,1455.0,0.0,1458.0,BID
321,1712606123.3628418,1474469.15869959,1447.0,-1.8132377555344983e-09,1458.0,ASK
322,1712606130.548787,1474469.15869959,1447.0,-0.0,1458.0,ASK
323,1712606143.6920795,1474473.28241093,1455.0,1.813232997952917e-09,1458.0,BID
324,1712606160.755812,1474473.28241093,1455.0,0.0,1458.0,BID
325,1712606190.0269787,1474477.40612227,1447.0,-1.8132282142986838e-09,1458.0,ASK
326,1712606190.745601,1474477.40612227,1447.0,-0.0,1458.0,ASK
327,1712606208.8528178,1474481.52983361,1455.0,1.8132234567671707e-09,1458.0,BID
328,1712606220.5482817,1474481.52983361,1455.0,0.0,1458.0,BID
329,1712606250.5152726,1474481.52983361,1455.0,0.0,1458.0,BID
330,1712606253.4423156,1474485.65354495,1447.0,-1.8132186731632807e-09,1458.0,ASK
331,1712606279.0224552,1474489.77725629,1455.0,1.8132186730609038e-09,1458.0,BID
332,1712606280.7803366,1474489.77725629,1455.0,0.0,1458.0,BID
333,1712606310.7880735,1474489.77725629,1455.0,0.0,1458.0,BID
334,1712606319.0428357,1474493.90096763,1447.0,-1.813209132128287e-09,1458.0,ASK
335,1712606339.9036353,1474498.02467897,1455.0,1.8132091320259107e-09,1458.0,BID
336,1712606340.5107489,1474498.02467897,1455.0,0.0,1458.0,BID
337,1712606370.5115056,1474498.02467897,1455.0,0.0,1458.0,BID
338,1712606389.2223942,1474502.14839031,1447.0,-1.813199591091325e-09,1458.0,ASK
339,1712606400.6609411,1474502.14839031,1447.0,-0.0,1458.0,ASK
340,1712606430.5311637,1474502.14839031,1447.0,-0.0,1458.0,ASK
341,1712606436.8425455,1474506.27210165,1455.0,1.8131996007224742e-09,1458.0,BID
342,1712606440.7025883,1474510.39581299,1455.0,1.813199600620099e-09,1458.0,BID
343,1712606460.7757812,1474510.39581299,1455.0,0.0,1458.0,BID
344,1712606484.3624427,1474514.51952433,1447.0,-1.8131900335869303e-09,1458.0,ASK
345,1712606490.750806,1474514.51952433,1447.0,-0.0,1458.0,ASK
346,1712606520.55428,1474514.51952433,1447.0,-0.0,1458.0,ASK
347,1712606543.0631175,1474515.65354495,1455.0,4.986259516536901e-10,1458.0,BID
348,1712606543.0682533,1474518.64323567,1455.0,1.314559324602079e-09,1458.0,BID
349,1712606550.5746417,1474518.64323567,1455.0,0.0,1458.0,BID
350,1712606580.530847,1474518.64323567,1455.0,0.0,1458.0,BID
351,1712606581.622883,1474522.76694701,1448.0,-1.8131804928533323e-09,1458.0,ASK
352,1712606608.163014,1474526.58085241,1455.0,1.6769599766978527e-09,1458.0,BID
353,1712606608.1675825,1474526.89065835,1455.0,1.3622051605310488e-10,1458.0,BID
354,1712606610.5317178,1474526.89065835,1455.0,0.0,1458.0,BID
355,1712606640.7736292,1474526.89065835,1455.0,0.0,1458.0,BID
356,1712606646.1336586,1474531.01436969,1448.0,-1.813170948932549e-09,1458.0,ASK
357,1712606670.7422533,1474531.01436969,1448.0,-0.0,1458.0,ASK
358,1712606673.1810143,1474535.13808103,1455.0,1.8131661884139606e-09,1458.0,BID
359,1712606700.534149,1474535.13808103,1455.0,0.0,1458.0,BID
360,1712606713.1296575,1474539.26179237,1448.0,-1.813217786108769e-09,1458.0,ASK
361,1712606730.51875,1474539.26179237,1448.0,-0.0,1458.0,ASK
362,1712606733.409079,1474543.38550371,1455.0,1.8132130255489902e-09,1458.0,BID
363,1712606760.7707849,1474543.38550371,1455.0,0.0,1458.0,BID
364,1712606769.2786326,1474546.82643777,1456.0,1.5129890243620412e-09,1458.0,BID
365,1712606769.2834768,1475916.30888278,1455.0,6.02165537694619e-07,1458.0,BID
366,1712606769.2882004,1476056.9994432,1456.0,6.186206130103062e-08,1458.0,BID
367,1712606769.3379438,1478442.2103662,1456.0,-1.0487843952997193e-06,1458.0,ASK
368,1712606769.3636515,1478442.21036634,1456.0,-6.152817565009626e-17,1458.0,ASK
369,1712606776.3879642,1478446.33407768,1448.0,-1.813208241897763e-09,1458.0,ASK
370,1712606790.7650125,1478446.33407768,1448.0,-0.0,1458.0,ASK
371,1712606820.4770627,1478446.33407768,1448.0,-0.0,1458.0,ASK
372,1712606838.676851,1478449.77265008,1457.0,1.5081830327472071e-09,1458.0,BID
373,1712606838.6819034,1478450.45212846,1457.0,2.9802419273632357e-10,1458.0,BID
374,1712606850.499256,1478450.45212846,1457.0,0.0,1458.0,BID
375,1712606878.4857535,1478454.57017924,1449.0,-1.806202472303884e-09,1458.0,ASK
376,1712606880.7686746,1478454.57017924,1449.0,-0.0,1458.0,ASK
377,1712606903.7553506,1478458.68823002,1457.0,1.806197745043815e-09,1458.0,BID
378,1712606910.4349716,1478840.68666114,1457.0,1.6754642955463257e-07,1458.0,BID
379,1712606910.7499728,1478840.68666114,1457.0,0.0,1458.0,BID
380,1712606940.5749483,1478840.68666114,1457.0,0.0,1458.0,BID
381,1712606945.2490582,1478844.80471192,1449.0,-1.8057521815112043e-09,1458.0,ASK
382,1712606968.2743156,1478848.9227627,1457.0,1.8057521815112043e-09,1458.0,BID
383,1712606970.63792,1478848.9227627,1457.0,0.0,1458.0,BID
384,1712607000.640751,1478848.9227627,1457.0,0.0,1458.0,BID
385,1712607013.0936816,1478853.04081348,1449.0,-1.8057427059498477e-09,1458.0,ASK
386,1712607030.516964,1478853.04081348,1449.0,-0.0,1458.0,ASK
387,1712607030.5644236,1478857.15886426,1457.0,1.8057379810960787e-09,1458.0,BID
388,1712607060.7427354,1478857.15886426,1457.0,0.0,1458.0,BID
389,1712607076.032312,1478861.27691504,1449.0,-1.8057332303858422e-09,1458.0,ASK
390,1712607080.0425346,1478865.39496582,1457.0,1.8057332302837478e-09,1458.0,BID
391,1712607090.7339306,1478865.39496582,1457.0,0.0,1458.0,BID
392,1712607120.4955208,1478865.39496582,1457.0,0.0,1458.0,BID
393,1712607129.57303,1478965.39496582,1457.0,4.3848991946055776e-08,1458.0,BID
394,1712607133.242071,1478969.5130166,1457.0,1.8057237548191886e-09,1458.0,BID
395,1712607150.5297728,1478969.5130166,1457.0,0.0,1458.0,BID
396,1712607172.0007734,1478970.98521972,1449.0,-6.45503289390409e-10,1458.0,ASK
397,1712607172.010625,1478973.63106738,1449.0,-1.160100358724851e-09,1458.0,ASK
398,1712607180.7585025,1478973.63106738,1449.0,-0.0,1458.0,ASK
399,1712607182.9312515,1479355.6294985,1449.0,-1.6749088174426198e-07,1458.0,ASK
400,1712607192.5710216,1479359.74754928,1457.0,1.8055989240912502e-09,1458.0,BID
401,1712607210.7450364,1479359.74754928,1457.0,0.0,1458.0,BID
402,1712607240.2006474,1479363.86560006,1449.0,-1.805156073993573e-09,1458.0,ASK
403,1712607240.4959254,1479363.86560006,1449.0,-0.0,1458.0,ASK
404,1712607259.7150166,1479367.98365084,1457.0,1.8051513523112567e-09,1458.0,BID
405,1712607270.548647,1479367.98365084,1457.0,0.0,1458.0,BID
406,1712607275.1711156,1479469.08377597,1449.0,-4.4317216410189285e-08,1458.0,ASK
407,1712607300.5159287,1479469.08377597,1449.0,-0.0,1458.0,ASK
408,1712607308.1334312,1479473.20182675,1449.0,-1.805030693474194e-09,1458.0,ASK
409,1712607330.4979548,1479473.20182675,1449.0,-0.0,1458.0,ASK
410,1712607360.786075,1479473.20182675,1449.0,-0.0,1458.0,ASK
411,1712607363.2987497,1479477.31987753,1457.0,1.8050259723457063e-09,1458.0,BID
412,1712607380.2212565,1479491.04671349,1457.0,6.016753252990671e-09,1458.0,BID
413,1712607390.7489913,1479491.04671349,1457.0,0.0,1458.0,BID
414,1712607404.8882475,1479495.16476427,1449.0,-1.8050054019042863e-09,1458.0,ASK
415,1712607420.515265,1479495.16476427,1449.0,-0.0,1458.0,ASK
416,1712607450.5099945,1479495.16476427,1449.0,-0.0,1458.0,ASK
417,1712607455.5880342,1479499.28281505,1457.0,1.8050006811122047e-09,1458.0,BID
418,1712607480.770151,1479499.28281505,1457.0,0.0,1458.0,BID
419,1712607502.640814,1479503.40086583,1449.0,-1.8049959340766287e-09,1458.0,ASK
420,1712607510.7207186,1479503.40086583,1449.0,-0.0,1458.0,ASK
421,1712607526.997309,1479507.51891661,1457.0,1.8049912132320194e-09,1458.0,BID
422,1712607540.5349245,1479507.51891661,1457.0,0.0,1458.0,BID
423,1712607564.9570928,1479511.63696739,1450.0,-1.8049864664503463e-09,1458.0,ASK
424,1712607570.545478,1479511.63696739,1450.0,-0.0,1458.0,ASK
425,1712607600.5578012,1479511.63696739,1450.0,-0.0,1458.0,ASK
426,1712607624.726824,1479515.75501817,1457.0,1.8052236233645407e-09,1458.0,BID
427,1712607630.4714022,1479515.75501817,1457.0,0.0,1458.0,BID
428,1712607660.535793,1479515.75501817,1457.0,0.0,1458.0,BID
429,1712607662.076193,1479519.87306895,1450.0,-1.8052188752583247e-09,1458.0,ASK
430,1712607683.5561948,1479523.99111973,1457.0,1.8052188753603901e-09,1458.0,BID
431,1712607690.5411026,1479523.99111973,1457.0,0.0,1458.0,BID
432,1712607720.7596796,1479523.99111973,1457.0,0.0,1458.0,BID
433,1712607726.9557805,1479528.10917051,1451.0,-1.8052094019322877e-09,1458.0,ASK
434,1712607747.8956227,1479532.22722129,1457.0,1.805209402034353e-09,1458.0,BID
435,1712607750.733425,1479532.22722129,1457.0,0.0,1458.0,BID
436,1712607780.5070162,1479532.22722129,1457.0,0.0,1458.0,BID
437,1712607797.3955853,1479536.34527207,1451.0,-1.805199925446931e-09,1458.0,ASK
438,1712607810.51959,1479536.34527207,1451.0,-0.0,1458.0,ASK
439,1712607820.8251894,1479540.46332285,1457.0,1.805195197017752e-09,1458.0,BID
440,1712607840.7149394,1479540.46332285,1457.0,0.0,1458.0,BID
441,1712607861.695558,1479544.58137363,1451.0,-1.8051904491631318e-09,1458.0,ASK
442,1712607870.7434857,1479544.58137363,1451.0,-0.0,1458.0,ASK
443,1712607876.3055592,1479546.02032473,1451.0,-6.307775492061217e-10,1458.0,ASK
444,1712607876.3102798,1479625.21363968,1451.0,-3.4715123479878826e-08,1458.0,ASK
445,1712607884.434835,1479629.34871893,1451.0,1.812650308331513e-09,1458.0,BID
446,1712607884.8808134,1479762.32497393,1451.0,5.8291373648495226e-08,1458.0,BID
447,1712607884.9549923,1480787.37972193,1451.0,4.493422478012848e-07,1458.0,BID
448,1712607884.9746306,1480920.35597772,1451.0,5.8291373994898654e-08,1458.0,BID
449,1712607900.5414183,1480920.35597772,1451.0,0.0,1458.0,BID
450,1712607923.9047153,1480924.49105697,1451.0,-1.8112638141199881e-09,1458.0,ASK
451,1712607930.55275,1480924.49105697,1451.0,-0.0,1458.0,ASK
452,1712607948.1665852,1480928.61193609,1456.0,1.805039072947685e-09,1458.0,BID
453,1712607960.7275825,1480928.61193609,1456.0,0.0,1458.0,BID
454,1712607985.9044163,1480932.73281521,1451.0,-1.805034329070377e-09,1458.0,ASK
455,1712607990.7588613,1480932.73281521,1451.0,-0.0,1458.0,ASK
456,1712608005.3346229,1480936.85369433,1456.0,1.805029601508663e-09,1458.0,BID
457,1712608020.5232575,1480936.85369433,1456.0,0.0,1458.0,BID
458,1712608050.52475,1480936.85369433,1456.0,0.0,1458.0,BID
459,1712608052.3251996,1480940.97457345,1451.0,-1.8050248576811391e-09,1458.0,ASK
460,1712608078.903925,1480945.09545257,1456.0,1.8050248576811391e-09,1458.0,BID
461,1712608080.7833383,1480945.09545257,1456.0,0.0,1458.0,BID
462,1712608110.7421844,1480945.09545257,1456.0,0.0,1458.0,BID
463,1712608120.0141225,1480949.21633169,1451.0,-1.8050153864932803e-09,1458.0,ASK
464,1712608140.5282886,1480949.21633169,1451.0,-0.0,1458.0,ASK
465,1712608143.943647,1480953.33721081,1456.0,1.8050106589288075e-09,1458.0,BID
466,1712608148.013576,1480968.45396561,1456.0,6.621379261035095e-09,1458.0,BID
467,1712608170.51956,1480968.45396561,1456.0,0.0,1458.0,BID
468,1712608185.953372,1480972.57484473,1451.0,-1.80498851394489e-09,1458.0,ASK
469,1712608200.8335416,1480972.57484473,1451.0,-0.0,1458.0,ASK
470,1712608210.1832497,1480976.69572385,1456.0,1.8049837865211795e-09,1458.0,BID
471,1712608230.742709,1480976.69572385,1456.0,0.0,1458.0,BID
472,1712608246.473338,1480980.81660297,1451.0,-1.8049790429344662e-09,1458.0,ASK
473,1712608260.5342932,1480980.81660297,1451.0,-0.0,1458.0,ASK
474,1712608267.4530635,1480984.93748209,1456.0,1.8049743156623462e-09,1458.0,BID
475,1712608290.541704,1480984.93748209,1456.0,0.0,1458.0,BID
476,1712608309.6829426,1480989.05836121,1451.0,-1.8049695721254126e-09,1458.0,ASK
477,1712608320.7547235,1480989.05836121,1451.0,-0.0,1458.0,ASK
478,1712608337.9726677,1480993.17924033,1456.0,1.8049648449029007e-09,1458.0,BID
479,1712608350.7787766,1480993.17924033,1456.0,0.0,1458.0,BID
480,1712608377.422429,1480997.30011945,1451.0,-1.804960101517727e-09,1458.0,ASK
481,1712608380.497043,1480997.30011945,1451.0,-0.0,1458.0,ASK
482,1712608398.5477347,1481001.42099857,1456.0,1.8049553742428422e-09,1458.0,BID
483,1712608410.5156825,1481001.42099857,1456.0,0.0,1458.0,BID
484,1712608440.5560927,1481001.42099857,1456.0,0.0,1458.0,BID
485,1712608446.8823671,1481005.54187769,1451.0,-1.804950630805465e-09,1458.0,ASK
486,1712608468.4424336,1481009.66275681,1456.0,1.804950630805465e-09,1458.0,BID
487,1712608470.5320218,1481009.66275681,1456.0,0.0,1458.0,BID
488,1712608500.5721457,1481009.66275681,1456.0,0.0,1458.0,BID
489,1712608515.9020746,1481013.78363593,1451.0,-1.811850535588057e-09,1458.0,ASK
490,1712608530.5312707,1481013.78363593,1451.0,-0.0,1458.0,ASK
491,1712608560.7499764,1481013.78363593,1451.0,-0.0,1458.0,ASK
492,1712608569.932545,1481017.90451505,1456.0,1.811845772254351e-09,1458.0,BID
493,1712608590.710434,1481017.90451505,1456.0,0.0,1458.0,BID
494,1712608615.3768606,1481022.02539417,1451.0,-1.8118409926342198e-09,1458.0,ASK
495,1712608620.4946504,1481022.02539417,1451.0,-0.0,1458.0,ASK
496,1712608637.111377,1481026.14627329,1456.0,1.811836229248321e-09,1458.0,BID
497,1712608650.5008645,1481026.14627329,1456.0,0.0,1458.0,BID
498,1712608680.7681904,1481026.14627329,1456.0,0.0,1458.0,BID
499,1712608685.2517705,1481030.26715241,1451.0,-1.811831449576171e-09,1458.0,ASK
500,1712608706.1719663,1481034.38803153,1456.0,1.811831449576171e-09,1458.0,BID
501,1712608710.7583375,1481034.38803153,1456.0,0.0,1458.0,BID
502,1712608740.491448,1481034.38803153,1456.0,0.0,1458.0,BID
503,1712608752.0423243,1481038.50891065,1451.0,-1.8118219067210158e-09,1458.0,ASK
504,1712608770.508497,1481038.50891065,1451.0,-0.0,1458.0,ASK
505,1712608778.2925367,1481042.62978977,1456.0,1.8118171436402061e-09,1458.0,BID
506,1712608800.567836,1481042.62978977,1456.0,0.0,1458.0,BID
507,1712608817.9826958,1481046.75066889,1451.0,-1.8118999894665995e-09,1458.0,ASK
508,1712608830.5130465,1481046.75066889,1451.0,-0.0,1458.0,ASK
509,1712608843.354961,1481050.87154801,1456.0,1.8118952258728623e-09,1458.0,BID
510,1712608860.7699728,1481050.87154801,1456.0,0.0,1458.0,BID
511,1712608886.5438943,1481054.99242713,1451.0,-1.811890445889437e-09,1458.0,ASK
512,1712608890.723404,1481054.99242713,1451.0,-0.0,1458.0,ASK
513,1712608913.163739,1481059.11330625,1456.0,1.811885682345881e-09,1458.0,BID
514,1712608920.5314827,1481059.11330625,1456.0,0.0,1458.0,BID
515,1712608950.5114274,1481059.11330625,1456.0,0.0,1458.0,BID
516,1712608951.5838835,1481063.23418537,1451.0,-1.8118809024128102e-09,1458.0,ASK
517,1712608976.763976,1481067.35506449,1456.0,1.8118809025151823e-09,1458.0,BID
518,1712608980.7927406,1481067.35506449,1456.0,0.0,1458.0,BID
519,1712609010.7658892,1481067.35506449,1456.0,0.0,1458.0,BID
520,1712609020.2442937,1481071.47594361,1451.0,-1.8118713590367167e-09,1458.0,ASK
521,1712609038.0841846,1481075.59682273,1456.0,1.8118713590367167e-09,1458.0,BID
522,1712609040.5296783,1481075.59682273,1456.0,0.0,1458.0,BID
523,1712609070.5294983,1481075.59682273,1456.0,0.0,1458.0,BID
524,1712609083.3544586,1481079.71770185,1451.0,-1.8118618157611543e-09,1458.0,ASK
525,1712609100.5611782,1481079.71770185,1451.0,-0.0,1458.0,ASK
526,1712609130.5477805,1481079.71770185,1451.0,-0.0,1458.0,ASK
527,1712609160.555137,1481079.71770185,1451.0,-0.0,1458.0,ASK
528,1712609174.3147638,1481083.83858097,1456.0,1.8118570523681367e-09,1458.0,BID
529,1712609190.5165722,1481083.83858097,1456.0,0.0,1458.0,BID
530,1712609219.0052922,1481087.95946009,1451.0,-1.8118522725861222e-09,1458.0,ASK
531,1712609220.7513726,1481087.95946009,1451.0,-0.0,1458.0,ASK
532,1712609243.667221,1481092.08033921,1456.0,1.811847509345652e-09,1458.0,BID
533,1712609250.7515209,1481092.08033921,1456.0,0.0,1458.0,BID
534,1712609280.1144173,1481096.20121833,1452.0,-1.8118427295116183e-09,1458.0,ASK
535,1712609280.5259154,1481096.20121833,1452.0,-0.0,1458.0,ASK
536,1712609308.0053356,1481100.32209745,1456.0,1.811837962936199e-09,1458.0,BID
537,1712609310.5193267,1481100.32209745,1456.0,0.0,1458.0,BID
538,1712609340.7757063,1481100.32209745,1456.0,0.0,1458.0,BID
539,1712609350.7049506,1481104.44297657,1452.0,-1.811833183254901e-09,1458.0,ASK
540,1712609370.7564309,1481104.44297657,1452.0,-0.0,1458.0,ASK
541,1712609375.8842618,1481106.09819289,1456.0,7.277495595048612e-10,1458.0,BID
542,1712609375.887046,1481108.56385569,1456.0,1.084078857224849e-09,1458.0,BID
543,1712609400.5370414,1481108.56385569,1456.0,0.0,1458.0,BID
544,1712609415.4355962,1481112.68473481,1452.0,-1.811867424248792e-09,1458.0,ASK
545,1712609430.5128858,1481112.68473481,1452.0,-0.0,1458.0,ASK
546,1712609435.115398,1481116.80561393,1456.0,1.811862657645809e-09,1458.0,BID
547,1712609460.741891,1481116.80561393,1456.0,0.0,1458.0,BID
548,1712609480.7952087,1481120.92649305,1452.0,-1.81185787773185e-09,1458.0,ASK
549,1712609490.7733426,1481120.92649305,1452.0,-0.0,1458.0,ASK
550,1712609508.1385982,1481125.04737217,1456.0,1.8118531110767275e-09,1458.0,BID
551,1712609520.5254283,1481125.04737217,1456.0,0.0,1458.0,BID
552,1712609547.5452862,1481129.16825129,1452.0,-1.811848331315507e-09,1458.0,ASK
553,1712609550.503547,1481129.16825129,1452.0,-0.0,1458.0,ASK
554,1712609580.7430508,1481129.16825129,1452.0,-0.0,1458.0,ASK
555,1712609603.205193,1481133.28913041,1456.0,1.811843564710613e-09,1458.0,BID
556,1712609610.748437,1481133.28913041,1456.0,0.0,1458.0,BID
557,1712609640.4895685,1481133.28913041,1456.0,0.0,1458.0,BID
558,1712609652.125244,1481137.41000953,1452.0,-1.8118387849997606e-09,1458.0,ASK
559,1712609670.5157535,1481137.41000953,1452.0,-0.0,1458.0,ASK
560,1712609676.7755644,1481141.53088865,1456.0,1.8118340185474647e-09,1458.0,BID
561,1712609700.7609131,1481141.53088865,1456.0,0.0,1458.0,BID
562,1712609714.0542257,1481145.65176777,1453.0,-1.8122417160017511e-09,1458.0,ASK
563,1712609730.7773232,1481145.65176777,1453.0,-0.0,1458.0,ASK
564,1712609738.7573154,1481149.77264689,1456.0,1.8122369440426022e-09,1458.0,BID
565,1712609760.504005,1481149.77264689,1456.0,0.0,1458.0,BID
566,1712609780.9254754,1481153.89352601,1453.0,-1.812232162256028e-09,1458.0,ASK
567,1712609790.5271592,1481153.89352601,1453.0,-0.0,1458.0,ASK
568,1712609800.355352,1481158.01440513,1456.0,1.812227390347193e-09,1458.0,BID
569,1712609820.7411923,1481158.01440513,1456.0,0.0,1458.0,BID
570,1712609848.875564,1481162.13528425,1453.0,-1.8122226086110358e-09,1458.0,ASK
571,1712609850.7515843,1481162.13528425,1453.0,-0.0,1458.0,ASK
572,1712609858.416427,1481279.65461905,1456.0,5.168087402913779e-08,1458.0,BID
573,1712609858.421442,1481287.21124223,1457.0,3.323137348522798e-09,1458.0,BID
574,1712609858.4262948,1481290.82075119,1456.0,1.5873352090388296e-09,1458.0,BID
575,1712609858.4311583,1481359.50206988,1457.0,3.0203630623122254e-08,1458.0,BID
576,1712609858.4353485,1481366.31432988,1456.0,2.995792577574433e-09,1458.0,BID
577,1712609858.4381597,1481887.90398105,1457.0,2.2937680087174e-07,1458.0,BID
578,1712609858.441007,1482462.13528425,1458.0,2.5252674970248525e-07,1458.0,BID
579,1712609872.3854437,1482466.25051058,1458.0,1.8097319383578327e-09,1458.0,BID
580,1712609880.556779,1482466.25051058,1458.0,0.0,1458.0,BID
581,1712609884.9587126,1482507.34661058,1457.0,-1.805752837337052e-08,1458.0,ASK
582,1712609885.9157617,1482547.71201058,1457.0,1.7736460535162628e-08,1458.0,BID
583,1712609885.9267864,1482589.53881058,1457.0,1.83785962113738e-08,1458.0,BID
584,1712609887.0454247,1482603.22651058,1457.0,6.0143427506030165e-09,1458.0,BID
585,1712609907.8055909,1482608.79511058,1458.0,2.4468295653734286e-09,1458.0,BID
586,1712609907.8121684,1482845.65063381,1458.0,1.040737522805158e-07,1458.0,BID
587,1712609907.9529767,1482946.39740881,1458.0,-4.426789277029431e-08,1458.0,ASK
588,1712609908.3455868,1483004.11860881,1457.0,-2.5362557681640683e-08,1458.0,ASK
589,1712609908.3514123,1483088.22540881,1457.0,-3.6956327422435546e-08,1458.0,ASK
590,1712609908.3568406,1483088.22540968,1458.0,-3.8231464372311133e-16,1458.0,ASK
591,1712609908.3605602,1483255.57872158,1457.0,-7.35346463045895e-08,1458.0,ASK
592,1712609910.5099032,1483255.57872158,1457.0,-0.0,1458.0,ASK
593,1712609912.519039,1483259.69394791,1457.0,-1.807307080773601e-09,1458.0,ASK
594,1712609934.4452424,1483263.80635366,1459.0,1.8060683507845798e-09,1459.0,BID
595,1712609934.624934,1483267.37043864,1459.0,1.5652592358673674e-09,1459.0,BID
596,1712609940.5923042,1483267.37043864,1459.0,0.0,1459.0,BID
597,1712609970.5133908,1483267.37043864,1459.0,0.0,1459.0,BID
598,1712609982.4953494,1483271.48284439,1457.0,-1.8060547114352598e-09,1459.0,ASK
599,1712609982.5758064,1483328.58090041,1457.0,-2.507588486118039e-08,1459.0,ASK
600,1712609982.5798917,1483630.62180041,1457.0,-1.3264799819314604e-07,1459.0,ASK
601,1712609982.584005,1484125.26430041,1457.0,-2.172332867707725e-07,1459.0,ASK
602,1712610000.6782677,1484125.26430041,1457.0,-0.0,1459.0,ASK
603,1712610007.785116,1484129.37670616,1459.0,1.807825511159514e-09,1459.0,BID
604,1712610030.54665,1484129.37670616,1459.0,0.0,1459.0,BID
605,1712610053.305138,1484133.48911191,1453.0,-1.8078207429223822e-09,1459.0,ASK
606,1712610060.7862732,1484133.48911191,1453.0,-0.0,1459.0,ASK
607,1712610090.740521,1484133.48911191,1453.0,-0.0,1459.0,ASK
608,1712610112.6749182,1484203.17552305,1453.0,-3.063418745388122e-08,1459.0,ASK
609,1712610120.5323806,1484203.17552305,1453.0,-0.0,1459.0,ASK
610,1712610140.0641816,1484206.86253305,1458.0,1.620739629920611e-09,1459.0,BID
611,1712610140.0722268,1484207.29045588,1459.0,1.8810675574080967e-10,1459.0,BID
612,1712610150.5145676,1484207.29045588,1459.0,0.0,1459.0,BID
613,1712610178.8953462,1484211.40538871,1453.0,-1.8088416147643902e-09,1459.0,ASK
614,1712610180.7107763,1484211.40538871,1453.0,-0.0,1459.0,ASK
615,1712610210.7381716,1484211.40538871,1453.0,-0.0,1459.0,ASK
616,1712610236.3861666,1484215.51779446,1459.0,1.8077260101261723e-09,1459.0,BID
617,1712610240.5009367,1484215.51779446,1459.0,0.0,1459.0,BID
618,1712610270.4949198,1484215.51779446,1459.0,0.0,1459.0,BID
619,1712610275.194964,1484219.63020021,1454.0,-1.8077212423115622e-09,1459.0,ASK
620,1712610300.7821772,1484219.63020021,1454.0,-0.0,1459.0,ASK
621,1712610330.7919557,1484219.63020021,1454.0,-0.0,1459.0,ASK
622,1712610360.549711,1484219.63020021,1454.0,-0.0,1459.0,ASK
623,1712610364.5649877,1484223.74260596,1459.0,1.8077164908612966e-09,1459.0,BID
624,1712610390.518929,1484223.74260596,1459.0,0.0,1459.0,BID
625,1712610403.1056688,1484227.85501171,1454.0,-1.8077117230968999e-09,1459.0,ASK
626,1712610420.7541502,1484227.85501171,1454.0,-0.0,1459.0,ASK
627,1712610450.7634542,1484227.85501171,1454.0,-0.0,1459.0,ASK
628,1712610457.7745934,1484231.96741746,1459.0,1.8077069716966743e-09,1459.0,BID
629,1712610480.513513,1484231.96741746,1459.0,0.0,1459.0,BID
630,1712610504.1146386,1484236.07982321,1454.0,-1.8077022039824902e-09,1459.0,ASK
631,1712610510.5598476,1484236.07982321,1454.0,-0.0,1459.0,ASK
632,1712610522.9946144,1484240.19222896,1459.0,1.8076974527346511e-09,1459.0,BID
633,1712610540.7494824,1484240.19222896,1459.0,0.0,1459.0,BID
634,1712610570.761531,1484240.19222896,1459.0,0.0,1459.0,BID
635,1712610571.7949903,1484244.30463471,1454.0,-1.807692684968332e-09,1459.0,ASK
636,1712610591.1048267,1484248.41704046,1459.0,1.807692684968332e-09,1459.0,BID
637,1712610600.5425663,1484248.41704046,1459.0,0.0,1459.0,BID
638,1712610630.521444,1484248.41704046,1459.0,0.0,1459.0,BID
639,1712610637.1843486,1484252.52944621,1454.0,-1.807714184073174e-09,1459.0,ASK
640,1712610657.5243716,1484256.64185196,1459.0,1.807714184073174e-09,1459.0,BID
641,1712610660.75725,1484256.64185196,1459.0,0.0,1459.0,BID
642,1712610664.6075194,1484324.40984328,1459.0,2.9789014384878143e-08,1459.0,BID
643,1712610664.612879,1487656.15238087,1459.0,1.4645457899191316e-06,1459.0,BID
644,1712610664.618773,1487663.15518199,1459.0,3.0782459275579243e-09,1459.0,BID
645,1712610690.160229,1488227.80976412,1459.0,2.48207201392956e-07,1459.0,BID
646,1712610690.1633663,1488378.646481,1460.0,6.630382635490598e-08,1460.0,BID
647,1712610690.1664116,1488391.355281,1459.0,5.586451931724202e-09,1460.0,BID
648,1712610690.1694508,1489033.95710111,1460.0,2.824707430475867e-07,1460.0,BID
649,1712610690.813374,1489033.95710111,1460.0,0.0,1460.0,BID
650,1712610718.8742898,1489050.13601954,1460.0,7.0900984677127e-09,1460.0,BID
651,1712610720.5308073,1489050.13601954,1460.0,0.0,1460.0,BID
652,1712610732.4043777,1489053.56410173,1460.0,1.5022752473343735e-09,1460.0,BID
653,1712610733.8644023,1489057.67650748,1455.0,-1.802163723850291e-09,1460.0,ASK
654,1712610750.490711,1489057.67650748,1455.0,-0.0,1460.0,ASK
655,1712610753.541135,1489061.78609652,1460.0,1.8009206956359155e-09,1460.0,BID
656,1712610780.7681065,1489061.78609652,1460.0,0.0,1460.0,BID
657,1712610792.3022823,1489320.76886906,1460.0,1.1349217743991925e-07,1460.0,BID
658,1712610792.3076055,1490746.56342883,1460.0,6.248158037045887e-07,1460.0,BID
659,1712610792.434943,1490746.56342963,1460.0,-3.505809765251252e-16,1460.0,ASK
660,1712610792.4448416,1490894.81728363,1460.0,-6.496823143600336e-08,1460.0,ASK
661,1712610803.2155118,1490896.18526842,1454.0,-5.99482239737131e-10,1460.0,ASK
662,1712610803.222553,1490898.92687267,1455.0,-1.2014337206708202e-09,1460.0,ASK
663,1712610810.7315404,1490898.92687267,1455.0,-0.0,1460.0,ASK
664,1712610825.3652291,1490903.03646171,1460.0,1.7988016435523051e-09,1460.0,BID
665,1712610840.534067,1490903.03646171,1460.0,0.0,1460.0,BID
666,1712610868.0874374,1490907.14605075,1454.0,-1.798796919461177e-09,1460.0,ASK
667,1712610870.487631,1490907.14605075,1454.0,-0.0,1460.0,ASK
668,1712610882.1423244,1490915.4236351,1454.0,-3.623149210554466e-09,1460.0,ASK
669,1712610882.2351513,1491303.7696351,1454.0,1.6998141533004553e-07,1460.0,BID
670,1712610882.2551982,1491549.88854613,1454.0,1.077277500898169e-07,1460.0,BID
671,1712610882.2609954,1493003.29013813,1454.0,6.361627508747079e-07,1460.0,BID
672,1712610882.3152423,1493108.57929936,1454.0,4.6085708735994266e-08,1460.0,BID
673,1712610889.1549945,1493112.68607554,1461.0,1.7975610087825247e-09,1461.0,BID
674,1712610900.602009,1493112.68607554,1461.0,0.0,1461.0,BID
675,1712610930.557907,1493112.68607554,1461.0,0.0,1461.0,BID
676,1712610935.7652848,1493116.79285172,1453.0,-1.795041358264186e-09,1461.0,ASK
677,1712610959.6053488,1493118.16177711,1461.0,5.983471179966359e-10,1461.0,BID
678,1712610959.60999,1493120.8996279,1461.0,1.1966942402675503e-09,1461.0,BID
679,1712610960.755392,1493120.8996279,1461.0,0.0,1461.0,BID
680,1712610966.3053007,1493189.15901356,1461.0,2.9835514298200994e-08,1461.0,BID
681,1712610972.9751818,1493223.38214839,1461.0,1.495859973940679e-08,1461.0,BID
682,1712610973.015402,1493257.60528322,1461.0,1.495859973950856e-08,1461.0,BID
683,1712610973.0552373,1493291.82841805,1461.0,1.495859973940679e-08,1461.0,BID
684,1712610990.7927153,1493291.82841805,1461.0,0.0,1461.0,BID
685,1712611000.4254074,1493295.93519423,1454.0,-1.79483605674858e-09,1461.0,ASK
686,1712611020.5405772,1493295.93519423,1454.0,-0.0,1461.0,ASK
687,1712611024.4154592,1493300.04197041,1461.0,1.7948313727921755e-09,1461.0,BID
688,1712611050.546291,1493300.04197041,1461.0,0.0,1461.0,BID
689,1712611061.969494,1493304.14874659,1454.0,-1.7948266663103983e-09,1461.0,ASK
690,1712611080.7208586,1493304.14874659,1454.0,-0.0,1461.0,ASK
691,1712611081.74955,1493308.25552277,1461.0,1.794821982504761e-09,1461.0,BID
692,1712611110.757413,1493308.25552277,1461.0,0.0,1461.0,BID
693,1712611130.925854,1493312.36229895,1455.0,-1.794817275970476e-09,1461.0,ASK
694,1712611140.5160906,1493312.36229895,1455.0,-0.0,1461.0,ASK
695,1712611170.5413394,1493312.36229895,1455.0,-0.0,1461.0,ASK
696,1712611200.5646894,1493312.36229895,1455.0,-0.0,1461.0,ASK
697,1712611213.6956284,1493385.54204318,1458.0,-3.1983643837377313e-08,1461.0,ASK
698,1712611218.06957,1494712.90218255,1457.0,-5.801306685109095e-07,1461.0,ASK
699,1712611218.0810084,1495325.59349456,1458.0,-2.677803934929036e-07,1461.0,ASK
700,1712611220.6357095,1495329.70027074,1461.0,1.794891032245795e-09,1461.0,BID
701,1712611230.5099058,1495329.70027074,1461.0,0.0,1461.0,BID
702,1712611248.751912,1495506.91447074,1459.0,7.735313018980674e-08,1461.0,BID
703,1712611248.756439,1495766.95857074,1459.0,1.135079757853309e-07,1461.0,BID
704,1712611251.9479034,1496151.70617074,1459.0,-1.6794044265671877e-07,1461.0,ASK
705,1712611251.9802997,1496535.09351954,1459.0,-1.6734669967124493e-07,1461.0,ASK
706,1712611260.7621388,1496535.09351954,1459.0,-0.0,1461.0,ASK
707,1712611262.4358127,1496539.20029572,1457.0,-1.791212659981304e-09,1461.0,ASK
708,1712611282.1558714,1496543.31552205,1458.0,1.794898279805385e-09,1461.0,BID
709,1712611284.3757608,1498187.39301231,1458.0,7.170813030670541e-07,1461.0,BID
710,1712611290.7849832,1498187.39301231,1458.0,0.0,1461.0,BID
711,1712611320.554005,1498187.39301231,1458.0,0.0,1461.0,BID
712,1712611330.675773,1498191.50823864,1458.0,-1.7930143035581403e-09,1461.0,ASK
713,1712611333.366001,1498549.19870503,1458.0,-1.5584662204550124e-07,1461.0,ASK
714,1712611333.3708484,1498892.13423315,1458.0,-1.4941785889989133e-07,1461.0,ASK
715,1712611349.5669591,1498896.24945948,1458.0,1.7930143035581403e-09,1461.0,BID
716,1712611350.53313,1498896.24945948,1458.0,0.0,1461.0,BID
717,1712611380.731275,1498896.24945948,1458.0,0.0,1461.0,BID
718,1712611395.0358467,1498900.36468581,1457.0,-1.7922072653807755e-09,1461.0,ASK
719,1712611410.7758117,1498900.36468581,1457.0,-0.0,1461.0,ASK
720,1712611416.1558092,1498904.47991214,1458.0,1.7922025854989691e-09,1461.0,BID
721,1712611440.5897791,1498904.47991214,1458.0,0.0,1461.0,BID
722,1712611463.0559163,1498908.59513847,1457.0,-1.792197902429628e-09,1461.0,ASK
723,1712611470.5190632,1498908.59513847,1457.0,-0.0,1461.0,ASK
724,1712611472.3462164,1499571.48080379,1458.0,2.886886653309268e-07,1461.0,BID
725,1712611483.0460136,1499575.59039283,1460.0,1.7897381661689171e-09,1461.0,BID
726,1712611500.7401853,1499575.59039283,1460.0,0.0,1461.0,BID
727,1712611527.6061094,1499579.69998187,1458.0,-1.788988282893581e-09,1461.0,ASK
728,1712611530.7956192,1499579.69998187,1458.0,-0.0,1461.0,ASK
729,1712611560.5426245,1499579.69998187,1458.0,-0.0,1461.0,ASK
730,1712611590.5218744,1499579.69998187,1458.0,-0.0,1461.0,ASK
731,1712611618.445928,1499583.80957091,1460.0,1.788983616708614e-09,1461.0,BID
732,1712611620.7342746,1499583.80957091,1460.0,0.0,1461.0,BID
733,1712611630.0106835,1499988.35636748,1460.0,1.7610658727491792e-07,1461.0,BID
734,1712611630.0142236,1500925.95417666,1460.0,4.081533998317482e-07,1461.0,BID
735,1712611630.0176103,1500946.61446983,1459.0,8.993801837313582e-09,1461.0,BID
736,1712611650.7442188,1500946.61446983,1459.0,0.0,1461.0,BID
737,1712611660.6760244,1500950.72405887,1458.0,-1.787430776004245e-09,1461.0,ASK
738,1712611678.7862873,1500954.83364791,1460.0,1.787430776004245e-09,1461.0,BID
739,1712611680.5289688,1500954.83364791,1460.0,0.0,1461.0,BID
740,1712611710.527946,1500954.83364791,1460.0,0.0,1461.0,BID
741,1712611722.656514,1500958.94323695,1458.0,-1.787421453309052e-09,1461.0,ASK
742,1712611732.446228,1502709.38955357,1458.0,-7.613377563311584e-07,1461.0,ASK
743,1712611740.7603369,1502709.38955357,1458.0,-0.0,1461.0,ASK
744,1712611742.5962243,1502713.49914261,1460.0,1.785434913239764e-09,1461.0,BID
745,1712611743.9227006,1502919.26045948,1458.0,-8.93942034967847e-08,1461.0,ASK
746,1712611743.9261982,1503797.39154855,1458.0,-3.815091702718917e-07,1461.0,ASK
747,1712611743.929715,1504661.87885475,1457.0,-3.755815492744576e-07,1461.0,ASK
748,1712611743.933125,1504867.49914261,1458.0,-8.933293262130564e-08,1461.0,ASK
749,1712611770.744135,1504867.49914261,1458.0,-0.0,1461.0,ASK
750,1712611790.342216,1504871.60873165,1457.0,-1.7829981723918811e-09,1461.0,ASK
751,1712611800.8652585,1504871.60873165,1457.0,-0.0,1461.0,ASK
752,1712611813.4418592,1504875.71832069,1460.0,1.8033888668300715e-09,1461.0,BID
753,1712611830.7292316,1504875.71832069,1460.0,0.0,1461.0,BID
754,1712611860.5632358,1504875.71832069,1460.0,0.0,1461.0,BID
755,1712611884.646001,1504879.82790973,1458.0,-1.8033841185117503e-09,1461.0,ASK
756,1712611890.5202813,1504879.82790973,1458.0,-0.0,1461.0,ASK
757,1712611909.3460612,1504994.89979387,1458.0,-5.0496110608695954e-08,1461.0,ASK
758,1712611910.446071,1504999.00938291,1460.0,1.8033793769271303e-09,1461.0,BID
759,1712611920.7962515,1504999.00938291,1460.0,0.0,1461.0,BID
760,1712611936.9264238,1505016.81421109,1458.0,-7.812560166406556e-09,1461.0,ASK
761,1712611950.7584248,1505016.81421109,1458.0,-0.0,1461.0,ASK
762,1712611952.496137,1505020.92380013,1457.0,-1.8032213283623834e-09,1461.0,ASK
763,1712611980.5637245,1505020.92380013,1457.0,-0.0,1461.0,ASK
764,1712612004.1659975,1505025.03902646,1458.0,1.8056901362149834e-09,1461.0,BID
765,1712612010.5636532,1505025.03902646,1458.0,0.0,1461.0,BID
766,1712612014.0262663,1506566.81946451,1457.0,-6.765048083870945e-07,1461.0,ASK
767,1712612014.0330849,1507208.79635832,1457.0,-2.81687615705531e-07,1461.0,ASK
768,1712612040.7652087,1507208.79635832,1457.0,-0.0,1461.0,ASK
769,1712612049.4058535,1507212.91158465,1456.0,-1.8031680041351126e-09,1461.0,ASK
770,1712612056.896404,1507830.66310746,1456.0,-2.706800771358601e-07,1461.0,ASK
771,1712612068.2561512,1507834.78115824,1457.0,1.804405592962921e-09,1461.0,BID
772,1712612070.736473,1507834.78115824,1457.0,0.0,1461.0,BID
773,1712612100.532895,1507834.78115824,1457.0,0.0,1461.0,BID
774,1712612118.715906,1507838.89920902,1454.0,-1.8039921391011422e-09,1461.0,ASK
775,1712612130.5462868,1507838.89920902,1454.0,-0.0,1461.0,ASK
776,1712612140.7758062,1507843.0172598,1457.0,1.8039874073359246e-09,1461.0,BID
777,1712612160.7255862,1507843.0172598,1457.0,0.0,1461.0,BID
778,1712612184.136222,1507847.13531058,1454.0,-1.8039826656284767e-09,1461.0,ASK
779,1712612190.7658064,1507847.13531058,1454.0,-0.0,1461.0,ASK
780,1712612203.1558397,1507851.25336136,1457.0,1.803977933810961e-09,1461.0,BID
781,1712612220.5026968,1507851.25336136,1457.0,0.0,1461.0,BID
782,1712612243.796967,1509086.85086823,1457.0,5.412718050206642e-07,1461.0,BID
783,1712612249.3557942,1509090.96891901,1457.0,-1.80397319225531e-09,1461.0,ASK
784,1712612250.508471,1509090.96891901,1457.0,-0.0,1461.0,ASK
785,1712612274.6161077,1509095.07850805,1460.0,1.798843046581609e-09,1461.0,BID
786,1712612280.7792208,1509095.07850805,1460.0,0.0,1461.0,BID
787,1712612304.1659856,1509229.51350805,1458.0,-5.884452861304422e-08,1461.0,ASK
788,1712612307.6359444,1509328.43820805,1459.0,4.3301055080073816e-08,1461.0,BID
789,1712612310.7422285,1509328.43820805,1459.0,0.0,1461.0,BID
790,1712612315.2558098,1509332.54779709,1459.0,-1.798570386331134e-09,1461.0,ASK
791,1712612340.5508327,1509332.54779709,1459.0,-0.0,1461.0,ASK
792,1712612365.755831,1509415.38150619,1459.0,-3.625225388439441e-08,1461.0,ASK
793,1712612370.5147085,1509415.38150619,1459.0,-0.0,1461.0,ASK
794,1712612373.9358244,1509419.49391194,1459.0,1.799703212675157e-09,1461.0,BID
795,1712612376.5457766,1510052.95929919,1459.0,2.77222084071105e-07,1461.0,BID
796,1712612389.8359134,1510964.54257541,1458.0,-3.989342128622913e-07,1461.0,ASK
797,1712612393.6083531,1511033.08267136,1459.0,2.999505359587219e-08,1461.0,BID
798,1712612400.5837667,1511033.08267136,1459.0,0.0,1461.0,BID
799,1712612413.695811,1511037.19507711,1458.0,-1.797846932744904e-09,1461.0,ASK
800,1712612416.345734,1511722.59603667,1459.0,2.996411559959769e-07,1461.0,BID
801,1712612430.5357685,1511722.59603667,1459.0,0.0,1461.0,BID
802,1712612435.2858362,1511726.70844242,1459.0,1.797056591375902e-09,1461.0,BID
803,1712612460.7634988,1511726.70844242,1459.0,0.0,1461.0,BID
804,1712612483.1458795,1511730.82084817,1458.0,-1.797051879675575e-09,1461.0,ASK
805,1712612490.7361443,1511730.82084817,1458.0,-0.0,1461.0,ASK
806,1712612491.0359547,1511883.86224817,1458.0,-6.68763326558949e-08,1461.0,ASK
807,1712612491.042663,1526371.71577551,1458.0,-6.330930793656863e-06,1461.0,ASK
808,1712612504.3756356,1526375.82818126,1459.0,1.797047171229333e-09,1461.0,BID
809,1712612520.5268526,1526375.82818126,1459.0,0.0,1461.0,BID
810,1712612522.6054928,1527061.22914082,1459.0,2.967391012277823e-07,1461.0,BID
811,1712612541.205392,1527095.95136304,1458.0,-1.5032720439705093e-08,1461.0,ASK
812,1712612548.4355316,1527100.06376879,1458.0,-1.780434604267831e-09,1461.0,ASK
813,1712612550.556293,1527100.06376879,1458.0,-0.0,1461.0,ASK
814,1712612567.5901427,1527113.77178798,1459.0,5.932068364194599e-09,1461.0,BID
815,1712612569.6453536,1527127.47980717,1459.0,5.932068364194599e-09,1461.0,BID
816,1712612570.009195,1527131.59221292,1459.0,1.7796205062155435e-09,1461.0,BID
817,1712612571.7266169,1527145.30023211,1459.0,5.932068364194599e-09,1461.0,BID
818,1712612573.7556062,1527159.0082513,1459.0,5.932068364194599e-09,1461.0,BID
819,1712612580.777271,1527159.0082513,1459.0,0.0,1461.0,BID
820,1712612610.7638612,1527159.0082513,1459.0,0.0,1461.0,BID
821,1712612618.2955878,1527163.12065705,1458.0,-1.7795542782927507e-09,1461.0,ASK
822,1712612630.995767,1527245.4251838,1458.0,-3.56154965258273e-08,1461.0,ASK
823,1712612640.005538,1527249.53758955,1459.0,1.7795542782927507e-09,1461.0,BID
824,1712612640.525638,1527249.53758955,1459.0,0.0,1461.0,BID
825,1712612670.546689,1527249.53758955,1459.0,0.0,1461.0,BID
826,1712612679.6655974,1528228.68123592,1459.0,4.236789488478512e-07,1461.0,BID
827,1712612681.5755892,1528232.79364167,1459.0,-1.7794526388874159e-09,1461.0,ASK
1028,1712612695.465684,1528301.4936286,1460.0,2.9726729429615477e-08,1461.0,BID
828,1712612695.465684,1528301.4936286,1460.0,2.972672942961548e-08,1461.0,BID
829,1712612695.4714162,1529300.5988464,1460.0,4.3231639201791706e-07,1461.0,BID
830,1712612700.5647552,1529300.5988464,1460.0,0.0,1461.0,BID
831,1712612701.2656825,1529304.70562258,1461.0,1.774794560965647e-09,1461.0,BID
832,1712612704.015935,1529322.70140516,1461.0,7.777101951404529e-09,1461.0,BID
833,1712612704.0223534,1529692.67203533,1461.0,1.598874234598066e-07,1461.0,BID
834,1712612704.028593,1530199.50552617,1461.0,2.1903441615428282e-07,1461.0,BID
835,1712612724.8053775,1530303.00958112,1461.0,-4.473056862920047e-08,1461.0,ASK
836,1712612730.50294,1530303.00958112,1461.0,-0.0,1461.0,ASK
837,1712612737.4458215,1530306.49836388,1462.0,1.506767344270684e-09,1462.0,BID
838,1712612737.4514372,1530334.76090433,1462.0,1.2206283952302684e-08,1462.0,BID
839,1712612737.4571152,1530445.33060775,1462.0,4.775385280205268e-08,1462.0,BID
840,1712612750.4555051,1530449.43738393,1462.0,-1.773671983589076e-09,1462.0,ASK
841,1712612754.645499,1530457.71324599,1462.0,-3.574254849209852e-09,1462.0,ASK
842,1712612760.7757225,1530457.71324599,1462.0,-0.0,1462.0,ASK
843,1712612769.3354447,1530461.81440798,1463.0,1.7710742716607263e-09,1463.0,BID
844,1712612790.7894506,1530461.81440798,1463.0,0.0,1463.0,BID
845,1712612799.445678,1530621.21895408,1462.0,-6.883818770408494e-08,1463.0,ASK
846,1712612820.5330796,1530621.21895408,1462.0,-0.0,1463.0,ASK
847,1712612822.4482036,1530624.96957342,1462.0,-1.619526311336557e-09,1463.0,ASK
848,1712612845.1758654,1530629.07073541,1462.0,-1.770891457625134e-09,1463.0,ASK
849,1712612850.5560093,1530629.07073541,1462.0,-0.0,1463.0,ASK
1050,1712612864.6890423,1530629.96957342,1463.0,3.881184570364544e-10,1463.0,BID
850,1712612864.6890423,1530629.96957342,1463.0,3.8811845703645435e-10,1463.0,BID
851,1712612864.6923835,1530633.1718974,1463.0,1.3827642225932072e-09,1463.0,BID
852,1712612868.7957451,1531038.1160794,1462.0,-1.7485498985306154e-07,1463.0,ASK
853,1712612880.7730303,1531038.1160794,1462.0,-0.0,1463.0,ASK
854,1712612910.7979937,1531042.21724047,1461.0,-1.7704251076657507e-09,1463.0,ASK
855,1712612910.8020744,1531042.21724139,1462.0,-3.971164726310811e-16,1463.0,ASK
856,1712612910.805994,1531042.21724139,1462.0,-0.0,1463.0,ASK
857,1712612931.1258135,1531042.68545736,1463.0,2.0212304539974004e-10,1463.0,BID
858,1712612931.1301832,1531046.31840338,1463.0,1.568297880128015e-09,1463.0,BID
1058,1712612931.1301832,1531046.31840338,1463.0,1.5682978801280152e-09,1463.0,BID
859,1712612940.5540652,1531046.31840338,1463.0,0.0,1463.0,BID
860,1712612970.5427363,1531046.31840338,1463.0,0.0,1463.0,BID
861,1712612974.7962549,1531050.41956537,1461.0,-1.770416339925664e-09,1463.0,ASK
862,1712612994.6465938,1531053.49472206,1463.0,1.3275036842524547e-09,1463.0,BID
1063,1712612994.6537378,1531054.52072736,1463.0,4.4291265557269985e-10,1463.0,BID
863,1712612994.6537378,1531054.52072736,1463.0,4.429126555726999e-10,1463.0,BID
864,1712613000.5805712,1531054.52072736,1463.0,0.0,1463.0,BID
865,1712613021.21637,1531179.11527527,1463.0,5.3826501382618016e-08,1463.0,BID
866,1712613021.223761,1532320.42309862,1463.0,4.930601552151421e-07,1463.0,BID
867,1712613021.2299032,1534658.46688025,1463.0,1.010066001726518e-06,1463.0,BID
868,1712613030.5303638,1534658.46688025,1463.0,0.0,1463.0,BID
869,1712613040.3661835,1534662.56804224,1463.0,-1.767729937596721e-09,1463.0,ASK
870,1712613040.4563472,1535474.58274024,1463.0,-3.500039000884157e-07,1463.0,ASK
871,1712613040.4658716,1535478.68390209,1463.0,-1.767729877181604e-09,1463.0,ASK
872,1712613060.7366097,1535478.68390209,1463.0,-0.0,1463.0,ASK
873,1712613061.3063908,1535482.78226274,1464.0,1.765609249140267e-09,1464.0,BID
874,1712613069.0562985,1535485.51450319,1464.0,1.1770728399821711e-09,1464.0,BID
875,1712613069.0620131,1535489.61286383,1464.0,1.765609244827133e-09,1464.0,BID
876,1712613072.830519,1535493.11561108,1462.0,-1.509013839967264e-09,1464.0,ASK
877,1712613074.936803,1535496.59921763,1464.0,1.5007678606508215e-09,1464.0,BID
878,1712613090.7658625,1535496.59921763,1464.0,0.0,1464.0,BID
879,1712613106.846742,1535500.69757828,1462.0,-1.765589304618161e-09,1464.0,ASK
880,1712613120.5068138,1535500.69757828,1462.0,-0.0,1464.0,ASK
881,1712613125.6364844,1535504.79593893,1464.0,1.765584747129149e-09,1464.0,BID
882,1712613150.5147974,1535504.79593893,1464.0,0.0,1464.0,BID
883,1712613172.5863686,1535508.89429958,1462.0,-1.765580183429118e-09,1464.0,ASK
884,1712613178.1462653,1535692.7587019,1463.0,7.920907233324125e-08,1464.0,BID
885,1712613180.7487898,1535692.7587019,1463.0,0.0,1464.0,BID
886,1712613196.6636696,1535696.85706255,1464.0,1.765371050246359e-09,1464.0,BID
887,1712613210.7548146,1535696.85706255,1464.0,0.0,1464.0,BID
888,1712613234.9263077,1535700.9554232,1463.0,-1.7653664876509923e-09,1464.0,ASK
889,1712613240.496884,1535700.9554232,1463.0,-0.0,1464.0,ASK
890,1712613244.3064885,1535735.10842866,1464.0,1.4711349420285133e-08,1464.0,BID
891,1712613270.525102,1535735.10842866,1464.0,0.0,1464.0,BID
892,1712613288.276301,1536817.127475,1463.0,-4.660678388726446e-07,1464.0,ASK
893,1712613290.446449,1536821.22583565,1464.0,1.7653239076811291e-09,1464.0,BID
894,1712613293.966629,1536856.19578105,1464.0,1.5062920503307535e-08,1464.0,BID
895,1712613293.975391,1540073.72731104,1464.0,1.3859164233380463e-06,1464.0,BID
896,1712613297.8373246,1540080.72731104,1464.0,-3.015173238534324e-09,1464.0,ASK
897,1712613300.793882,1540080.72731104,1464.0,-0.0,1464.0,ASK
898,1712613318.7965622,1540341.63198134,1464.0,-1.1207475321403836e-07,1464.0,ASK
899,1712613318.8962705,1540395.48651934,1464.0,-2.313386743465277e-08,1464.0,ASK
900,1712613325.9565532,1540409.13839647,1465.0,5.8643287546778645e-09,1465.0,BID
901,1712613328.1097777,1540412.97200811,1463.0,-1.6467741952184002e-09,1465.0,ASK
902,1712613328.1139915,1540416.52392084,1464.0,-1.5257670250951223e-09,1465.0,ASK
903,1712613328.997522,1540420.62228149,1463.0,-1.760500331035661e-09,1465.0,ASK
904,1712613330.781178,1540420.62228149,1463.0,-0.0,1465.0,ASK
905,1712613344.5464125,1540454.75197432,1465.0,1.4657688731151047e-08,1465.0,BID
906,1712613354.5864809,1540458.84753745,1465.0,1.7589226436023802e-09,1465.0,BID
1106,1712613354.5864809,1540458.84753745,1465.0,1.75892264360238e-09,1465.0,BID
907,1712613360.538034,1540458.84753745,1465.0,0.0,1465.0,BID
908,1712613362.4370315,1540472.51807743,1463.0,-5.870949432708339e-09,1465.0,ASK
909,1712613362.4459288,1541587.45005777,1463.0,-4.788186338677233e-07,1465.0,ASK
910,1712613362.5418005,1542417.0952577,1462.0,-3.562993870750326e-07,1465.0,ASK
911,1712613362.5460353,1542437.61509277,1462.0,-8.812447367791769e-09,1465.0,ASK
912,1712613362.5561888,1542437.61509354,1462.0,-3.306716817006045e-16,1465.0,ASK
913,1712613362.636605,1542451.30434654,1461.0,-5.878985925373398e-09,1465.0,ASK
914,1712613390.5369236,1542451.30434654,1461.0,-0.0,1465.0,ASK
915,1712613397.0466194,1542455.39990874,1461.0,-1.756681484573679e-09,1465.0,ASK
916,1712613397.0556953,1542455.39990967,1461.0,-3.988666238015602e-16,1465.0,ASK
1117,1712613408.6766324,1542523.70592059,1464.0,2.929803011332404e-08,1465.0,BID
917,1712613408.6766324,1542523.70592059,1464.0,2.9298030113324043e-08,1465.0,BID
918,1712613420.0763445,1542527.80428124,1464.0,1.757881804570422e-09,1465.0,BID
919,1712613420.7673748,1542527.80428124,1464.0,0.0,1465.0,BID
920,1712613450.7321508,1542527.80428124,1464.0,0.0,1465.0,BID
921,1712613459.9009888,1542531.90264189,1462.0,-1.7577973734013807e-09,1465.0,ASK
922,1712613462.466328,1542652.15448643,1462.0,-5.1576323932998e-08,1465.0,ASK
923,1712613473.076842,1542655.57582705,1462.0,1.467421749518525e-09,1465.0,BID
924,1712613480.5621648,1542655.57582705,1462.0,0.0,1465.0,BID
925,1712613510.5003085,1542655.57582705,1462.0,0.0,1465.0,BID
926,1712613511.186592,1542659.67979421,1462.0,1.760061004047857e-09,1465.0,BID
927,1712613540.773066,1542659.67979421,1462.0,0.0,1465.0,BID
928,1712613554.8266242,1542663.78376137,1461.0,-1.7600564750543643e-09,1465.0,ASK
929,1712613570.8086298,1542663.78376137,1461.0,-0.0,1465.0,ASK
930,1712613574.6666768,1542667.88772853,1462.0,1.760051949181962e-09,1465.0,BID
931,1712613580.9066906,1542681.56761909,1462.0,5.866839842056368e-09,1465.0,BID
932,1712613600.9678843,1542681.56761909,1462.0,0.0,1465.0,BID
933,1712613619.3167078,1542685.67158625,1461.0,-1.7612128983507887e-09,1465.0,ASK
934,1712613630.781083,1542685.67158625,1461.0,-0.0,1465.0,ASK
935,1712613640.9666278,1542689.77555341,1462.0,1.761208366529104e-09,1465.0,BID
936,1712613646.3473291,1542698.03149615,1461.0,-3.543019439595643e-09,1465.0,ASK
937,1712613660.5966487,1542698.03149615,1461.0,-0.0,1465.0,ASK
938,1712613683.596816,1542702.13546331,1461.0,-1.7611947150896447e-09,1465.0,ASK
939,1712613690.534114,1542702.13546331,1461.0,-0.0,1465.0,ASK
940,1712613705.3197224,1542706.23943047,1462.0,1.761190183361534e-09,1465.0,BID
941,1712613720.8150833,1542706.23943047,1462.0,0.0,1465.0,BID
942,1712613750.261175,1542710.34339763,1461.0,-1.7611856485549707e-09,1465.0,ASK
943,1712613750.761377,1542710.34339763,1461.0,-0.0,1465.0,ASK
944,1712613757.8108757,1542730.86323347,1462.0,8.805905601553353e-09,1465.0,BID
945,1712613770.5266142,1542734.96720063,1462.0,1.761181116973436e-09,1465.0,BID
946,1712613780.5613716,1542734.96720063,1462.0,0.0,1465.0,BID
947,1712613810.5233593,1542734.96720063,1462.0,0.0,1465.0,BID
948,1712613815.5764854,1542739.07116779,1461.0,-1.761153908664514e-09,1465.0,ASK
1148,1712613815.5764854,1542739.07116779,1461.0,-1.7611539086645141e-09,1465.0,ASK
1149,1712613838.3465047,1542743.17513495,1462.0,1.7611539086645141e-09,1465.0,BID
949,1712613838.3465047,1542743.17513495,1462.0,1.761153908664514e-09,1465.0,BID
950,1712613840.75178,1542743.17513495,1462.0,0.0,1465.0,BID
951,1712613870.784848,1542743.17513495,1462.0,0.0,1465.0,BID
952,1712613884.9967654,1542747.27910211,1461.0,-1.7611448425499727e-09,1465.0,ASK
953,1712613900.536348,1542747.27910211,1461.0,-0.0,1465.0,ASK
954,1712613907.586556,1542751.38306927,1462.0,1.761286663247222e-09,1465.0,BID
955,1712613919.1074848,1543751.38306927,1463.0,4.291668511433747e-07,1465.0,BID
956,1712613919.1140113,1543843.39942047,1462.0,3.949036769818188e-08,1465.0,BID
957,1712613919.1189773,1543851.07756858,1463.0,3.295206646951755e-09,1465.0,BID
958,1712613919.1231143,1544068.45858893,1463.0,9.329272800200726e-08,1465.0,BID
959,1712613919.127277,1549728.40616974,1464.0,2.429061880892762e-06,1465.0,BID
960,1712613930.514341,1549728.40616974,1464.0,0.0,1465.0,BID
961,1712613939.9066415,1549796.71218066,1464.0,2.9186673501601053e-08,1465.0,BID
962,1712613960.770144,1549796.71218066,1464.0,0.0,1465.0,BID
963,1712613987.2367122,1549800.81614782,1461.0,-1.7535211030717947e-09,1465.0,ASK
964,1712613990.7761729,1549800.81614782,1461.0,-0.0,1465.0,ASK
965,1712613999.58667,1550102.63214996,1461.0,-1.28957994182227e-07,1465.0,ASK
966,1712613999.5960195,1550116.62810921,1461.0,-5.980103171279435e-09,1465.0,ASK
967,1712614013.1565633,1550120.72646986,1464.0,1.751121097335406e-09,1465.0,BID
968,1712614020.564315,1550120.72646986,1464.0,0.0,1465.0,BID
969,1712614033.587018,1550127.26439151,1461.0,-2.7929232125829996e-09,1465.0,ASK
970,1712614050.5786476,1550127.26439151,1461.0,-0.0,1465.0,ASK
971,1712614053.8965898,1550131.36275216,1460.0,-1.750764309991911e-09,1465.0,ASK
972,1712614080.7461538,1550131.36275216,1460.0,-0.0,1465.0,ASK
973,1712614110.806103,1550131.36275216,1460.0,-0.0,1465.0,ASK
974,1712614134.6268437,1550184.13175095,1464.0,2.254214587145516e-08,1465.0,BID
1175,1712614134.6360478,1550199.7006666,1461.0,6.6508134641858724e-09,1465.0,BID
975,1712614134.6360478,1550199.7006666,1461.0,6.650813464185872e-09,1465.0,BID
976,1712614140.5312412,1550199.7006666,1461.0,0.0,1465.0,BID
977,1712614143.7570972,1550203.79902725,1464.0,1.7506850481375695e-09,1465.0,BID
978,1712614159.776578,1550545.32908189,1463.0,1.4589042088002978e-07,1465.0,BID
979,1712614170.5789351,1550545.32908189,1463.0,0.0,1465.0,BID
980,1712614185.466751,1550546.67648813,1460.0,-5.754433903984791e-10,1465.0,ASK
981,1712614185.4769137,1550549.42744254,1460.0,-1.174863590225913e-09,1465.0,ASK
982,1712614200.6088407,1550549.42744254,1460.0,-0.0,1465.0,ASK
983,1712614204.9983523,1550553.52860453,1463.0,1.751498886802259e-09,1465.0,BID
984,1712614221.122442,1550567.19914451,1463.0,5.838329628275751e-09,1465.0,BID
985,1712614230.51028,1550567.19914451,1463.0,0.0,1465.0,BID
986,1712614244.1523535,1550577.19914451,1463.0,4.270690703639494e-09,1465.0,BID
987,1712614249.3666546,1550581.3003065,1460.0,-1.751479438416803e-09,1465.0,ASK
988,1712614260.8321114,1550581.3003065,1460.0,-0.0,1465.0,ASK
989,1712614274.8266213,1550585.40146849,1463.0,1.751464016559468e-09,1465.0,BID
990,1712614290.7856486,1550585.40146849,1463.0,0.0,1465.0,BID
991,1712614307.090705,1550600.58927714,1463.0,6.486169588906936e-09,1465.0,BID
992,1712614315.3465204,1550604.69043913,1460.0,-1.7514595285344023e-09,1465.0,ASK
993,1712614320.5087252,1550604.69043913,1460.0,-0.0,1465.0,ASK
994,1712614339.0065172,1550608.79160112,1463.0,1.7514384301111503e-09,1465.0,BID
995,1712614350.553767,1550608.79160112,1463.0,0.0,1465.0,BID
996,1712614379.8563416,1550612.89276311,1460.0,-1.751433942316641e-09,1465.0,ASK
997,1712614380.751786,1550612.89276311,1460.0,-0.0,1465.0,ASK
998,1712614395.8163998,1550750.5482655,1463.0,5.8786730033019874e-08,1465.0,BID
999,1712614405.0971894,1550750.59600342,1460.0,-2.038680738659107e-11,1465.0,ASK
1000,1712614405.1053092,1550758.78436706,1460.0,-3.496897068157703e-09,1465.0,ASK
1201,1712614405.396877,1550762.88552905,1463.0,1.751429463648214e-09,1465.0,BID
1202,1712614410.743277,1550762.88552905,1463.0,0.0,1465.0,BID
1203,1712614440.6668096,1550762.88552905,1463.0,0.0,1465.0,BID
1204,1712614445.5565052,1550766.98669104,1460.0,-1.751265365696485e-09,1465.0,ASK
1205,1712614468.9764223,1550771.08785303,1463.0,1.751265365696485e-09,1465.0,BID
1206,1712614470.5396354,1550771.08785303,1463.0,0.0,1465.0,BID
1207,1712614500.5861397,1550771.08785303,1463.0,0.0,1465.0,BID
1208,1712614510.8466458,1550775.18901502,1460.0,-1.752394738262753e-09,1465.0,ASK
1209,1712614530.5572836,1550775.18901502,1460.0,-0.0,1465.0,ASK
1210,1712614535.627008,1550779.29017701,1463.0,1.7523902548782251e-09,1465.0,BID
1211,1712614560.7825675,1550779.29017701,1463.0,0.0,1465.0,BID
1212,1712614573.2994337,1550783.391339,1460.0,-1.752385762204585e-09,1465.0,ASK
1213,1712614590.8014414,1550783.391339,1460.0,-0.0,1465.0,ASK
1214,1712614602.3468225,1552563.14251856,1460.0,-7.60468046730583e-07,1465.0,ASK
1215,1712614602.348326,1552573.14251856,1460.0,-4.27288969078617e-09,1465.0,ASK
1216,1712614613.91649,1552845.66254303,1458.0,-1.164448003090887e-07,1465.0,ASK
1217,1712614613.918644,1557281.00568971,1458.0,-1.8951732006547733e-06,1465.0,ASK
1218,1712614620.53573,1557281.00568971,1458.0,-0.0,1465.0,ASK
1219,1712614621.1887865,1557287.8409597,1463.0,2.908856168399399e-09,1465.0,BID
1220,1712614626.106385,1557291.94212169,1463.0,1.745313699236297e-09,1465.0,BID
1221,1712614650.55723,1557291.94212169,1463.0,0.0,1465.0,BID
1222,1712614680.7443118,1557291.94212169,1463.0,0.0,1465.0,BID
1223,1712614692.0262115,1557326.14184809,1462.0,1.4554129956285482e-08,1465.0,BID
1224,1712614702.9964406,1557330.24301008,1458.0,-1.7453018153880692e-09,1465.0,ASK
1225,1712614710.75801,1557330.24301008,1458.0,-0.0,1465.0,ASK
1226,1712614717.196913,1557432.81651008,1458.0,-4.365042188260407e-08,1465.0,ASK
1227,1712614717.2021885,1557455.88080141,1458.0,-9.815069652305388e-09,1465.0,ASK
1228,1712614717.2035148,1558434.68282253,1458.0,-4.165317666010942e-07,1465.0,ASK
1229,1712614728.9564152,1558438.79804886,1458.0,1.7512453552538003e-09,1465.0,BID
1230,1712614740.5447602,1558438.79804886,1458.0,0.0,1465.0,BID
1231,1712614767.2062387,1558442.91327519,1457.0,-1.750041660292804e-09,1465.0,ASK
1232,1712614770.5488174,1558442.91327519,1457.0,-0.0,1465.0,ASK
1233,1712614785.337037,1558581.13027588,1457.0,-5.877802901000282e-08,1465.0,ASK
1234,1712614791.4964795,1558585.24550221,1458.0,1.7500371980292335e-09,1465.0,BID
1235,1712614796.7365434,1558598.97233817,1457.0,-5.837461081108572e-09,1465.0,ASK
1236,1712614796.7401469,1560648.63354458,1457.0,-8.716369567388094e-07,1465.0,ASK
1237,1712614800.6185024,1560648.63354458,1457.0,-0.0,1465.0,ASK
1238,1712614830.5349095,1560648.63354458,1457.0,-0.0,1465.0,ASK
1239,1712614830.887054,1560652.74877091,1455.0,-1.747648736537474e-09,1465.0,ASK
1240,1712614854.0877783,1560656.86682169,1457.0,1.7488482200953112e-09,1465.0,BID
1241,1712614860.737353,1560656.86682169,1457.0,0.0,1465.0,BID
1242,1712614890.818614,1560656.86682169,1457.0,0.0,1465.0,BID
1243,1712614893.1307304,1560660.98487247,1456.0,-1.7488393169278895e-09,1465.0,ASK
1244,1712614894.1257882,1560666.10100471,1456.0,-2.1727010399267158e-09,1465.0,ASK
1245,1712614917.9506073,1560670.21905549,1457.0,1.7488393170267671e-09,1465.0,BID
1246,1712614920.5290103,1560670.21905549,1457.0,0.0,1465.0,BID
1247,1712614937.9018376,1560954.41742741,1456.0,-1.2069136806136065e-07,1465.0,ASK
1248,1712614937.90353,1561051.04859333,1455.0,-4.1036644698116586e-08,1465.0,ASK
1249,1712614937.9051242,1562075.70358893,1456.0,-4.351432852147649e-07,1465.0,ASK
1250,1712614950.5189197,1562075.70358893,1456.0,-0.0,1465.0,ASK
1251,1712614963.9566815,1562079.82163971,1455.0,-1.7473064599856443e-09,1465.0,ASK
1252,1712614980.820391,1562079.82163971,1455.0,-0.0,1465.0,ASK
1253,1712614982.9799445,1562143.38855354,1455.0,-2.697164331570549e-08,1465.0,ASK
1254,1712614986.7700925,1562147.50660432,1457.0,1.7473020176669431e-09,1465.0,BID
1255,1712615010.7520478,1562147.50660432,1457.0,0.0,1465.0,BID
1256,1712615028.6144333,1562151.6246551,1455.0,-1.747229001834416e-09,1465.0,ASK
1257,1712615040.5493815,1562151.6246551,1455.0,-0.0,1465.0,ASK
1258,1712615052.391166,1562152.99639719,1458.0,5.820087214951986e-10,1465.0,BID
1259,1712615052.3932784,1562155.7417644,1457.0,1.164816383151679e-09,1465.0,BID
1260,1712615070.5591598,1562155.7417644,1457.0,0.0,1465.0,BID
1261,1712615093.6718235,1562159.8588737,1455.0,-1.7468206578535091e-09,1465.0,ASK
1262,1712615100.746574,1562159.8588737,1455.0,-0.0,1465.0,ASK
1263,1712615130.772356,1562159.8588737,1455.0,-0.0,1465.0,ASK
1264,1712615160.5716977,1562159.8588737,1455.0,-0.0,1465.0,ASK
1265,1712615182.76273,1562163.97692448,1457.0,1.749410315527383e-09,1465.0,BID
1266,1712615190.5145378,1562163.97692448,1457.0,0.0,1465.0,BID
1267,1712615194.5430126,1562170.84720245,1457.0,2.918590653416853e-09,1465.0,BID
1268,1712615198.1930745,1565486.91291967,1457.0,1.4087113287872635e-06,1465.0,BID
1269,1712615203.1131215,1566532.60955659,1457.0,4.4422663014612134e-07,1465.0,BID
1270,1712615204.9331875,1568651.66380568,1457.0,9.002040313936375e-07,1465.0,BID
1271,1712615204.9361308,1568655.72871909,1457.0,1.7268323549171283e-09,1465.0,BID
1272,1712615220.769162,1568655.72871909,1457.0,0.0,1465.0,BID
1273,1712615220.8336325,1568659.84676987,1457.0,-1.742404706645517e-09,1465.0,ASK
1274,1712615246.983495,1568663.9619962,1458.0,1.741209642504041e-09,1465.0,BID
1275,1712615250.7994208,1568663.9619962,1458.0,0.0,1465.0,BID
1276,1712615280.5608716,1568663.9619962,1458.0,0.0,1465.0,BID
1277,1712615284.7539485,1568668.07722253,1457.0,-1.7412008017879987e-09,1465.0,ASK
1278,1712615304.2992508,1568672.19244886,1458.0,1.7412008017879987e-09,1465.0,BID
1279,1712615310.518886,1568672.19244886,1458.0,0.0,1465.0,BID
1280,1712615324.534345,1568740.77955448,1458.0,2.9019866120625444e-08,1465.0,BID
1281,1712615330.534953,1569740.77955448,1457.0,-4.231096480645589e-07,1465.0,ASK
1282,1712615330.5396254,1570782.40360766,1457.0,-4.407211865565629e-07,1465.0,ASK
1283,1712615340.553886,1570782.40360766,1457.0,-0.0,1465.0,ASK
1284,1712615345.884413,1570786.51883399,1455.0,-1.738929768736623e-09,1465.0,ASK
1285,1712615370.542363,1570786.51883399,1455.0,-0.0,1465.0,ASK
1286,1712615390.745409,1570800.24498361,1457.0,5.8001062102040965e-09,1465.0,BID
1287,1712615400.6774087,1570800.24498361,1457.0,0.0,1465.0,BID
1288,1712615404.3255596,1570804.36303439,1457.0,1.7402082099520355e-09,1465.0,BID
1289,1712615408.9262395,1571490.7048326,1457.0,2.900347023168997e-07,1465.0,BID
1290,1712615430.5525737,1571490.7048326,1457.0,0.0,1465.0,BID
1291,1712615451.4687617,1571494.82288338,1456.0,-1.7394687339824635e-09,1465.0,ASK
1292,1712615460.7498865,1571494.82288338,1456.0,-0.0,1465.0,ASK
1293,1712615477.512781,1573821.55405699,1455.0,-9.82811066345632e-07,1465.0,ASK
1294,1712615477.5143468,1574081.5106628,1456.0,-1.0980565002845149e-07,1465.0,ASK
1295,1712615477.515828,1574231.1225651,1455.0,-6.319605586809939e-08,1465.0,ASK
1296,1712615490.780677,1574231.1225651,1455.0,-0.0,1465.0,ASK
1297,1712615505.4560585,1574235.23779143,1458.0,1.7353527345730955e-09,1465.0,BID
1298,1712615509.9162488,1574238.67400542,1458.0,1.4490195352335116e-09,1465.0,BID
1299,1712615509.920031,1574241.41748966,1458.0,1.156901831492427e-09,1465.0,BID
1300,1712615520.598713,1574241.41748966,1458.0,0.0,1465.0,BID
1301,1712615547.2865171,1574245.53271599,1458.0,-1.7353417505927531e-09,1465.0,ASK
1302,1712615550.5923786,1574245.53271599,1458.0,-0.0,1465.0,ASK
1303,1712615567.776204,1574249.63668315,1462.0,1.7305895145737831e-09,1465.0,BID
1304,1712615580.7844198,1574249.63668315,1462.0,0.0,1465.0,BID
1305,1712615594.2502425,1574257.34460877,1462.0,3.250323647159625e-09,1465.0,BID
1306,1712615594.254257,1574594.52306348,1462.0,1.4218340428837176e-07,1465.0,BID
1307,1712615610.8005333,1574594.52306348,1462.0,0.0,1465.0,BID
1308,1712615613.8966076,1574598.62703064,1458.0,-1.7302172500791587e-09,1465.0,ASK
1309,1712615633.599542,1574602.7309978,1462.0,1.7302172500791587e-09,1465.0,BID
1310,1712615640.5377998,1574602.7309978,1462.0,0.0,1465.0,BID
1311,1712615654.8177805,1574616.41088836,1462.0,5.767361706888055e-09,1465.0,BID
1312,1712615670.5454197,1574616.41088836,1462.0,0.0,1465.0,BID
1313,1712615700.8346248,1574616.41088836,1462.0,0.0,1465.0,BID
1314,1712615714.5675282,1574620.51485552,1458.0,-1.737481340053002e-09,1465.0,ASK
1315,1712615730.753323,1574620.51485552,1458.0,-0.0,1465.0,ASK
1316,1712615760.5238893,1574620.51485552,1458.0,-0.0,1465.0,ASK
1317,1712615790.5429933,1574620.51485552,1458.0,-0.0,1465.0,ASK
1318,1712615794.5879729,1574624.61882268,1462.0,1.7374769385933803e-09,1465.0,BID
1319,1712615820.8061898,1574624.61882268,1462.0,0.0,1465.0,BID
1320,1712615831.8781085,1574883.07926121,1462.0,1.0942288114401568e-07,1465.0,BID
1321,1712615831.8813262,1575308.27152437,1462.0,1.800111565999204e-07,1465.0,BID
1322,1712615840.1680422,1575312.37549153,1458.0,-1.7374725250808155e-09,1465.0,ASK
1323,1712615850.7602232,1575312.37549153,1458.0,-0.0,1465.0,ASK
1324,1712615859.1683128,1575412.37549153,1462.0,4.231839960480142e-08,1465.0,BID
1325,1712615859.1724665,1575996.02819322,1462.0,2.469924826054338e-07,1465.0,BID
1326,1712615864.0080938,1576000.13216038,1462.0,1.736733222412905e-09,1465.0,BID
1327,1712615882.247356,1576000.13216038,1462.0,0.0,1465.0,BID
1328,1712615903.869975,1576004.23612754,1458.0,-1.735994536576164e-09,1465.0,ASK
1329,1712615910.5599625,1576004.23612754,1458.0,-0.0,1465.0,ASK
1330,1712615927.4685235,1576008.3400947,1462.0,1.7359901426461743e-09,1465.0,BID
1331,1712615940.7762022,1576008.3400947,1462.0,0.0,1465.0,BID
1332,1712615963.0685556,1576012.44406186,1458.0,-1.735985736683841e-09,1465.0,ASK
1333,1712615970.771439,1576012.44406186,1458.0,-0.0,1465.0,ASK
1334,1712615985.4288075,1576016.54802902,1462.0,1.7359813427983975e-09,1465.0,BID
1335,1712615998.8788838,1576054.50905958,1458.0,-1.6057545842037257e-08,1465.0,ASK
1336,1712615998.8823285,1576089.44253954,1458.0,-1.4776889552281382e-08,1465.0,ASK
1337,1712616000.6233556,1576089.44253954,1458.0,-0.0,1465.0,ASK
1338,1712616030.5352793,1576089.44253954,1458.0,-0.0,1465.0,ASK
1339,1712616032.0315795,1576093.5465067,1458.0,-1.73738292244399e-09,1465.0,ASK
1340,1712616054.208971,1576097.65047386,1462.0,1.7373829223454235e-09,1465.0,BID
1341,1712616060.7483444,1576097.65047386,1462.0,0.0,1465.0,BID
1342,1712616090.734152,1576097.65047386,1462.0,0.0,1465.0,BID
1343,1712616101.5492294,1576101.75444102,1458.0,-1.737374108371835e-09,1465.0,ASK
1344,1712616120.5408342,1576101.75444102,1458.0,-0.0,1465.0,ASK
1345,1712616126.1991751,1576105.85840818,1462.0,1.737369707455483e-09,1465.0,BID
1346,1712616150.519978,1576105.85840818,1462.0,0.0,1465.0,BID
1347,1712616165.759617,1576109.96237534,1458.0,-1.737365294487675e-09,1465.0,ASK
1348,1712616180.7443976,1576109.96237534,1458.0,-0.0,1465.0,ASK
1349,1712616186.2723768,1576114.0663425,1462.0,1.737360893615976e-09,1465.0,BID
1350,1712616210.7521377,1576114.0663425,1462.0,0.0,1465.0,BID
1351,1712616216.9895625,1576250.8652481,1461.0,5.7911882802786585e-08,1465.0,BID
1352,1712616230.169766,1576254.96921526,1458.0,-1.737356480692942e-09,1465.0,ASK
1353,1712616240.521685,1576254.96921526,1458.0,-0.0,1465.0,ASK
1354,1712616254.3833375,1576259.07599144,1461.0,1.738394151984127e-09,1465.0,BID
1355,1712616270.5587947,1576259.07599144,1461.0,0.0,1465.0,BID
1356,1712616295.5196767,1576263.18276762,1458.0,-1.7383897367339972e-09,1465.0,ASK
1357,1712616300.5464284,1576263.18276762,1458.0,-0.0,1465.0,ASK
1358,1712616330.5237737,1576263.18276762,1458.0,-0.0,1465.0,ASK
1359,1712616355.3000576,1576267.2895438,1461.0,1.739140020750578e-09,1465.0,BID
1360,1712616360.7594411,1576267.2895438,1461.0,0.0,1465.0,BID
1361,1712616381.6900678,1577293.98358897,1461.0,4.347839005266203e-07,1465.0,BID
1362,1712616390.7670023,1577293.98358897,1461.0,0.0,1465.0,BID
1363,1712616395.3495915,1577298.09036515,1458.0,-1.7380315706488887e-09,1465.0,ASK
1364,1712616415.4503727,1577302.19714133,1461.0,1.7380315706488887e-09,1465.0,BID
1365,1712616420.5278077,1577302.19714133,1461.0,0.0,1465.0,BID
1366,1712616450.579669,1577302.19714133,1461.0,0.0,1465.0,BID
1367,1712616461.0005152,1577306.30391751,1458.0,-1.738022753113454e-09,1465.0,ASK
1368,1712616480.7420156,1577306.30391751,1458.0,-0.0,1465.0,ASK
1369,1712616485.6903925,1577310.41069369,1461.0,1.7380183489103482e-09,1465.0,BID
1370,1712616510.7667525,1577310.41069369,1461.0,0.0,1465.0,BID
1371,1712616525.9105625,1577314.51746987,1458.0,-1.7380139356674871e-09,1465.0,ASK
1372,1712616540.523866,1577314.51746987,1458.0,-0.0,1465.0,ASK
1373,1712616544.8106074,1577318.62705891,1460.0,1.7391999488570371e-09,1465.0,BID
1374,1712616570.5728662,1577318.62705891,1460.0,0.0,1465.0,BID
1375,1712616585.3509908,1577777.15000447,1458.0,-1.9404885762499562e-07,1465.0,ASK
1376,1712616585.4943223,1578324.82137426,1460.0,2.317768493173961e-07,1465.0,BID
1377,1712616590.2113216,1578328.9309633,1458.0,-1.739195532636216e-09,1465.0,ASK
1378,1712616600.607543,1578328.9309633,1458.0,-0.0,1465.0,ASK
1379,1712616614.8637474,1578333.04055234,1460.0,1.748229304690797e-09,1465.0,BID
1380,1712616630.5155602,1578333.04055234,1460.0,0.0,1465.0,BID
1381,1712616656.8412905,1578337.15014138,1458.0,-1.748224842495862e-09,1465.0,ASK
1382,1712616660.7798195,1578337.15014138,1458.0,-0.0,1465.0,ASK
1383,1712616681.4311204,1578341.25973042,1460.0,1.748220386436255e-09,1465.0,BID
1384,1712616690.7545068,1578341.25973042,1460.0,0.0,1465.0,BID
1385,1712616717.5910945,1578345.36931946,1458.0,-1.7482159241877991e-09,1465.0,ASK
1386,1712616720.5629623,1578345.36931946,1458.0,-0.0,1465.0,ASK
1387,1712616741.901201,1578349.4789085,1460.0,1.7482114682727011e-09,1465.0,BID
1388,1712616750.5571425,1578349.4789085,1460.0,0.0,1465.0,BID
1389,1712616780.7962358,1578349.4789085,1460.0,0.0,1465.0,BID
1390,1712616783.726136,1578353.58849754,1458.0,-1.7482070061688162e-09,1465.0,ASK
1391,1712616803.777756,1578357.69808658,1460.0,1.7482070061688162e-09,1465.0,BID
1392,1712616810.7757957,1578357.69808658,1460.0,0.0,1465.0,BID
1393,1712616840.5514307,1578357.69808658,1460.0,0.0,1465.0,BID
1394,1712616851.4879909,1578361.80767562,1458.0,-1.7481980881417751e-09,1465.0,ASK
1395,1712616856.871754,1578521.40751946,1458.0,-6.78929545386968e-08,1465.0,ASK
1396,1712616856.875739,1590601.38262107,1458.0,-5.138759416487911e-06,1465.0,ASK
1397,1712616856.8795817,1592360.91039884,1458.0,-7.48494087159414e-07,1465.0,ASK
1398,1712616870.5132816,1592360.91039884,1458.0,-0.0,1465.0,ASK
1399,1712616876.7414992,1592365.02562517,1458.0,1.7355228816238875e-09,1465.0,BID
1400,1712616900.58875,1592365.02562517,1458.0,0.0,1465.0,BID
1401,1712616914.9111423,1592369.1408515,1457.0,-1.7455616217931027e-09,1465.0,ASK
1402,1712616930.5626638,1592369.1408515,1457.0,-0.0,1465.0,ASK
1403,1712616940.5132964,1592373.25607783,1458.0,1.745557182346701e-09,1465.0,BID
1404,1712616960.7826488,1592373.25607783,1458.0,0.0,1465.0,BID
1405,1712616981.780788,1592377.37130416,1457.0,-1.745552739875927e-09,1465.0,ASK
1406,1712616990.7935116,1592377.37130416,1457.0,-0.0,1465.0,ASK
1407,1712617005.2216632,1592381.48653049,1458.0,1.745548300474704e-09,1465.0,BID
1408,1712617018.49095,1592388.34524105,1458.0,2.909247171704493e-09,1465.0,BID
1409,1712617020.579097,1592388.34524105,1458.0,0.0,1465.0,BID
1410,1712617039.4008205,1592392.46046738,1457.0,-1.745536454056767e-09,1465.0,ASK
1411,1712617050.5616393,1592392.46046738,1457.0,-0.0,1465.0,ASK
1412,1712617060.801278,1592396.57569371,1458.0,1.7455320147383823e-09,1465.0,BID
1413,1712617068.600787,1592417.15182539,1458.0,8.727660086431751e-09,1465.0,BID
1414,1712617080.7950046,1592417.15182539,1458.0,0.0,1465.0,BID
1415,1712617104.370694,1592421.26705172,1457.0,-1.7455053610214871e-09,1465.0,ASK
1416,1712617110.799662,1592421.26705172,1457.0,-0.0,1465.0,ASK
1417,1712617140.587603,1592421.26705172,1457.0,-0.0,1465.0,ASK
1418,1712617140.701355,1592503.09644419,1457.0,-3.4708487100770115e-08,1465.0,ASK
1419,1712617164.0078478,1592507.21167052,1458.0,1.745500921861254e-09,1465.0,BID
1420,1712617170.553564,1592507.21167052,1458.0,0.0,1465.0,BID
1421,1712617200.8094242,1592507.21167052,1458.0,0.0,1465.0,BID
1422,1712617203.020584,1592511.32689685,1457.0,-1.745711784731236e-09,1465.0,ASK
1423,1712617226.262925,1592515.4393026,1459.0,1.7445152722166e-09,1465.0,BID
1424,1712617230.5564976,1592515.4393026,1459.0,0.0,1465.0,BID
1425,1712617260.7883842,1592515.4393026,1459.0,0.0,1465.0,BID
1426,1712617266.4701629,1592519.55170835,1458.0,-1.7445063948599403e-09,1465.0,ASK
1427,1712617274.131334,1592525.46309728,1458.0,-2.50764550430127e-09,1465.0,ASK
1428,1712617274.1341853,1592681.13869875,1457.0,-6.603849396188766e-08,1465.0,ASK
1429,1712617274.1365469,1596413.03052567,1456.0,-1.583090179522347e-06,1465.0,ASK
1430,1712617274.141566,1599846.32858687,1457.0,-1.4564249705343004e-06,1465.0,ASK
1431,1712617274.1439202,1600935.18710397,1455.0,-4.619001046267551e-07,1465.0,ASK
1432,1712617274.1464908,1600948.9233677,1456.0,-5.827002824032482e-09,1465.0,ASK
1433,1712617274.2912996,1601797.7478677,1455.0,3.600762809882423e-07,1465.0,BID
1434,1712617274.2956696,1602376.2060677,1455.0,2.453853268410397e-07,1465.0,BID
1435,1712617277.2403824,1602389.96122588,1454.0,-5.835017959436696e-09,1465.0,ASK
1436,1712617277.2445962,1603179.72819864,1454.0,-3.350237350580668e-07,1465.0,ASK
1437,1712617277.2501287,1603577.3313977,1454.0,-1.68665585437882e-07,1465.0,ASK
1438,1712617277.319961,1603577.33139864,1454.0,-3.988256314163092e-16,1465.0,ASK
1439,1712617277.3799412,1603648.93999864,1454.0,3.037678386374283e-08,1465.0,BID
1440,1712617289.8300734,1603653.06370998,1455.0,1.749302291843662e-09,1465.0,BID
1441,1712617290.5982494,1604340.00546247,1455.0,2.914046796388916e-07,1465.0,BID
1442,1712617290.800164,1604340.00546247,1455.0,0.0,1465.0,BID
1443,1712617292.480046,1605026.94721496,1455.0,2.892921357105203e-07,1465.0,BID
1444,1712617296.9608932,1605713.88896745,1455.0,2.892921357106183e-07,1465.0,BID
1445,1712617299.5070996,1606400.83071994,1455.0,2.892921357105203e-07,1465.0,BID
1446,1712617313.052679,1606400.83072053,1454.0,-2.48463994664104e-16,1465.0,ASK
1447,1712617313.0570023,1606536.22107153,1454.0,-5.7017008579582754e-08,1465.0,ASK
1448,1712617313.0702658,1606563.93362112,1455.0,1.1670600349779113e-08,1465.0,BID
1449,1712617313.073551,1606731.68542112,1455.0,7.064540234361343e-08,1465.0,BID
1450,1712617313.0768666,1606867.07577153,1455.0,5.7017008331118754e-08,1465.0,BID
1451,1712617320.5724647,1606867.07577153,1455.0,0.0,1465.0,BID
1452,1712617330.8907554,1607460.92385396,1453.0,-2.49700929470462e-07,1465.0,ASK
1453,1712617330.8951793,1607643.04725396,1453.0,-7.657915147637668e-08,1465.0,ASK
1454,1712617330.89939,1607852.42477887,1453.0,-8.803895158897834e-08,1465.0,ASK
1455,1712617334.4398038,1607856.54849021,1452.0,-1.7339359760608342e-09,1465.0,ASK
1456,1712617336.5701509,1607911.57947437,1453.0,2.3139399285764413e-08,1465.0,BID
1457,1712617350.556688,1607911.57947437,1453.0,0.0,1465.0,BID
1458,1712617368.9197128,1607942.03130788,1453.0,1.279620511209208e-08,1465.0,BID
1459,1712617369.073199,1607942.03130841,1453.0,-2.226794513551519e-16,1465.0,ASK
1460,1712617369.075184,1608052.90163541,1453.0,-4.658896629879293e-08,1465.0,ASK
1461,1712617375.9600906,1608062.55202875,1452.0,-4.0552045101208e-09,1465.0,ASK
1462,1712617375.9696758,1608078.99353852,1452.0,-6.90890849970495e-09,1465.0,ASK
1463,1712617380.7874494,1608078.99353852,1452.0,-0.0,1465.0,ASK
1464,1712617383.8300257,1608083.11724986,1455.0,1.732653091044576e-09,1465.0,BID
1465,1712617410.789745,1608083.11724986,1455.0,0.0,1465.0,BID
1466,1712617440.558116,1608083.11724986,1455.0,0.0,1465.0,BID
1467,1712617443.5197935,1608426.75986154,1455.0,1.4438739359421024e-07,1465.0,BID
1468,1712617465.9597063,1608430.88357288,1452.0,-1.7326487230193903e-09,1465.0,ASK
1469,1712617470.5520227,1608430.88357288,1452.0,-0.0,1465.0,ASK
1470,1712617490.7796075,1608435.00728422,1455.0,1.732280441224565e-09,1465.0,BID
1471,1712617500.759163,1608435.00728422,1455.0,0.0,1465.0,BID
1472,1712617530.7753918,1608435.00728422,1455.0,0.0,1465.0,BID
1473,1712617531.4300508,1608439.13099556,1453.0,-1.732276074980271e-09,1465.0,ASK
1474,1712617535.3799412,1608836.78704956,1453.0,-1.6704614160330208e-07,1465.0,ASK
1475,1712617536.489855,1608843.65990179,1455.0,2.887126790297092e-09,1465.0,BID
1476,1712617560.631259,1608843.65990179,1455.0,0.0,1465.0,BID
1477,1712617579.1407268,1609043.65990113,1453.0,-8.399443814482453e-08,1465.0,ASK
1478,1712617579.14652,1609043.65990179,1453.0,-2.772130921092777e-16,1465.0,ASK
1479,1712617579.2098942,1609144.94448607,1453.0,-4.253670888698637e-08,1465.0,ASK
1480,1712617590.6191666,1609144.94448607,1453.0,-0.0,1465.0,ASK
1481,1712617617.769842,1609420.04764975,1454.0,1.1551444140517645e-07,1465.0,BID
1482,1712617620.7620428,1609420.04764975,1454.0,0.0,1465.0,BID
1483,1712617638.859414,1610107.80555896,1454.0,2.88737607726563e-07,1465.0,BID
1484,1712617650.8088992,1610107.80555896,1454.0,0.0,1465.0,BID
1485,1712617656.3696656,1610114.68313805,1454.0,2.8861643938938152e-09,1465.0,BID
1486,1712617661.0795486,1610801.96836142,1454.0,2.884180776689617e-07,1465.0,BID
1487,1712617680.5619566,1610801.96836142,1454.0,0.0,1465.0,BID
1488,1712617710.5735705,1610801.96836142,1454.0,0.0,1465.0,BID
1489,1712617739.249499,1610808.82237102,1454.0,2.8750557492157117e-09,1465.0,BID
1490,1712617740.8011043,1610808.82237102,1454.0,0.0,1465.0,BID
1491,1712617744.2093377,1610928.62295773,1454.0,5.0252617934177074e-08,1465.0,BID
1492,1712617770.7854471,1610928.62295773,1454.0,0.0,1465.0,BID
1493,1712617779.5499108,1611198.40484807,1454.0,-1.1315683932780777e-07,1465.0,ASK
1494,1712617779.5546806,1611454.4692862,1454.0,-1.0740321541425397e-07,1465.0,ASK
1495,1712617800.57803,1611454.4692862,1454.0,-0.0,1465.0,ASK
1496,1712617830.5781996,1611454.4692862,1454.0,-0.0,1465.0,ASK
1497,1712617860.7961938,1611454.4692862,1454.0,-0.0,1465.0,ASK
1498,1712617890.7510204,1611454.4692862,1454.0,-0.0,1465.0,ASK
1499,1712617900.7094407,1611597.54934122,1454.0,-5.999400569086353e-08,1465.0,ASK
1500,1712617920.5884316,1611597.54934122,1454.0,-0.0,1465.0,ASK
1501,1712617950.586372,1611597.54934122,1454.0,-0.0,1465.0,ASK
1502,1712617980.8024294,1611597.54934122,1454.0,-0.0,1465.0,ASK
1503,1712618010.8145463,1611597.54934122,1454.0,-0.0,1465.0,ASK
1504,1712618018.4903328,1611774.93451383,1454.0,-7.437178309092555e-08,1465.0,ASK
1505,1712618039.929705,1612427.27846112,1455.0,2.7350641451385024e-07,1465.0,BID
1506,1712618039.933376,1613086.86093897,1455.0,2.765412928905413e-07,1465.0,BID
1507,1712618039.9369843,1613154.74289142,1455.0,2.8460675540723938e-08,1465.0,BID
1508,1712618040.5621655,1613154.74289142,1455.0,0.0,1465.0,BID
1509,1712618070.5638592,1613154.74289142,1455.0,0.0,1465.0,BID
1510,1712618084.2531426,1613161.61574365,1455.0,2.8788269497722916e-09,1465.0,BID
1511,1712618100.5674117,1613161.61574365,1455.0,0.0,1465.0,BID
1512,1712618130.5728714,1613161.61574365,1455.0,0.0,1465.0,BID
1513,1712618133.6713216,1613505.25835533,1455.0,1.4398585101168682e-07,1465.0,BID
1514,1712618160.791325,1613505.25835533,1455.0,0.0,1465.0,BID
1515,1712618190.7773175,1613505.25835533,1455.0,0.0,1465.0,BID
1516,1712618214.1195128,1613614.24548276,1455.0,4.5655913604079537e-08,1465.0,BID
1517,1712618220.5489783,1613614.24548276,1455.0,0.0,1465.0,BID
1518,1712618250.5802217,1613614.24548276,1455.0,0.0,1465.0,BID
1519,1712618280.7870064,1613614.24548276,1455.0,0.0,1465.0,BID
1520,1712618300.723441,1613723.23261019,1455.0,4.565288091267884e-08,1465.0,BID
1521,1712618300.7272258,1614500.53596098,1455.0,3.255993450182333e-07,1465.0,BID
1522,1712618300.7308755,1615282.83742284,1455.0,3.276929699705896e-07,1465.0,BID
1523,1712618305.2398715,1615286.27835616,1456.0,1.441349293163333e-09,1465.0,BID
1524,1712618305.244854,1615456.08980084,1456.0,7.113116791302928e-08,1465.0,BID
1525,1712618309.0895324,1617532.68791851,1455.0,-8.698521449731733e-07,1465.0,ASK
1526,1712618310.784051,1617532.68791851,1455.0,-0.0,1465.0,ASK
1527,1712618340.526114,1617532.68791851,1455.0,-0.0,1465.0,ASK
1528,1712618363.8596342,1618040.87950646,1455.0,-2.1236575238634426e-07,1465.0,ASK
1529,1712618370.550783,1618040.87950646,1455.0,-0.0,1465.0,ASK
1530,1712618380.2599504,1618040.8795072,1456.0,3.092099798756107e-16,1465.0,BID
1531,1712618400.5851817,1618040.8795072,1456.0,0.0,1465.0,BID
1532,1712618414.910465,1618109.56082514,1456.0,-2.8840434344543163e-08,1465.0,ASK
1533,1712618414.9153793,1618113.06597977,1455.0,-1.471873065403748e-09,1465.0,ASK
1534,1712618414.9201622,1618147.38306968,1457.0,-1.4410320129788192e-08,1465.0,ASK
1535,1712618414.9246938,1620320.50743772,1455.0,-9.125312754457448e-07,1465.0,ASK
1536,1712618414.926786,1620420.50743772,1456.0,-4.199167285896423e-08,1465.0,ASK
1537,1712618430.5573845,1620420.50743772,1456.0,-0.0,1465.0,ASK
1538,1712618445.2396884,1620434.82020126,1453.0,-6.001442733294424e-09,1465.0,ASK
1539,1712618460.8050587,1620434.82020126,1453.0,-0.0,1465.0,ASK
1540,1712618490.7442658,1620434.82020126,1453.0,-0.0,1465.0,ASK
1541,1712618520.52473,1620434.82020126,1453.0,-0.0,1465.0,ASK
1542,1712618550.5637517,1620434.82020126,1453.0,-0.0,1465.0,ASK
