,time,acc_trade_volume,trade_price,dev,high,ask_bid
0,1712601588.4993637,109109842.70375402,129.7,0.0,133.6,BID
1,1712601599.6201315,109109888.95874213,129.4,-3.1533803911808504e-09,133.6,ASK
2,1712601600.300076,109109888.95874213,129.4,-0.0,133.6,ASK
3,1712601630.3001416,109109888.95874213,129.4,-0.0,133.6,ASK
4,1712601637.9297538,109109903.51960498,129.8,1.0036549926643368e-09,133.6,BID
5,1712601637.9309964,109109935.1837036,129.8,2.182551335520358e-09,133.6,BID
6,1712601660.4698277,109109935.1837036,129.8,0.0,133.6,BID
7,1712601665.1797657,109109981.40866508,129.5,-3.1862050104672237e-09,133.6,ASK
8,1712601690.4511693,109109981.40866508,129.5,-0.0,133.6,ASK
9,1712601704.5297277,109110020.32321472,129.9,2.682310118948069e-09,133.6,BID
10,1712601704.5313687,109110027.5924455,130.0,5.01055040394697e-10,133.6,BID
11,1712601720.2993932,109110027.5924455,130.0,0.0,133.6,BID
12,1712601733.4603865,109110073.77622592,129.7,-3.183363842801402e-09,133.6,ASK
13,1712601740.5493512,109110119.93007204,130.0,3.181300527957388e-09,133.6,BID
14,1712601750.28955,109110119.93007204,130.0,0.0,133.6,BID
15,1712601768.2893336,109110166.0839182,129.7,-3.181297899796525e-09,133.6,ASK
16,1712601775.3197072,109110192.97983731,130.0,1.8538851712540878e-09,133.6,BID
17,1712601775.3217752,109110212.23776436,130.0,1.327412727515328e-09,133.6,BID
18,1712601778.3294764,109110231.86445272,130.0,1.352830753204471e-09,133.6,BID
19,1712601778.3311706,109111749.53186634,130.1,1.0460996335716765e-07,133.6,BID
20,1712601780.4487638,109111749.53186634,130.1,0.0,133.6,BID
21,1712601800.2691855,109111795.68571249,129.7,-3.181251414936784e-09,133.6,ASK
22,1712601807.22883,109111841.80408296,130.1,3.17880618032441e-09,133.6,BID
23,1712601810.4797826,109111841.80408296,130.1,0.0,133.6,BID
24,1712601815.719427,109111918.72715987,130.0,5.302081311477891e-09,133.6,BID
25,1712601838.5087476,109111964.84553038,129.7,-3.1788035540891232e-09,133.6,ASK
26,1712601840.289077,109111964.84553038,129.7,-0.0,133.6,ASK
27,1712601845.0987794,109112326.1356067,129.7,-2.4902634274092494e-08,133.6,ASK
28,1712601853.8086133,109114869.1910408,129.7,-1.7528513392222864e-07,133.6,ASK
29,1712601870.3091304,109114869.1910408,129.7,-0.0,133.6,ASK
30,1712601900.3025308,109114869.1910408,129.7,-0.0,133.6,ASK
31,1712601906.6484745,109114915.34488696,130.0,3.1823033134194142e-09,133.6,BID
32,1712601930.2991755,109114915.34488696,130.0,0.0,133.6,BID
33,1712601934.3963706,109114961.49873312,129.7,-3.182301995875457e-09,133.6,ASK
34,1712601950.2286396,109114962.30438696,130.0,5.5549733891419865e-11,133.6,BID
35,1712601950.2299404,109115038.42181005,130.0,5.2482869272709195e-09,133.6,BID
36,1712601960.448042,109115038.42181005,130.0,0.0,133.6,BID
37,1712601973.460951,109115084.61118647,129.9,3.1847482942081687e-09,133.6,BID
38,1712601984.6419835,109123514.65233365,129.7,-5.812496560750115e-07,133.6,ASK
39,1712601984.6437712,109136209.68586148,129.7,-8.753200302482803e-07,133.6,ASK
40,1712601984.645528,109149014.58896077,129.7,-8.828955152896274e-07,133.6,ASK
41,1712601990.4782715,109149014.58896077,129.7,-0.0,133.6,ASK
42,1712601995.7383363,109149060.7783372,129.6,-3.1837809278029274e-09,133.6,ASK
43,1712602002.6881394,109149107.00329868,129.8,3.186233763313177e-09,133.6,BID
44,1712602020.6020403,109149107.00329868,129.8,0.0,133.6,BID
45,1712602032.748319,109149122.25714277,129.4,-1.0514291700928707e-09,133.6,ASK
46,1712602032.7503307,109149153.22826014,129.6,-2.134801959757223e-09,133.6,ASK
47,1712602037.76791,109149199.45322162,129.8,3.186231130877213e-09,133.6,BID
48,1712602050.278272,109149199.45322162,129.8,0.0,133.6,BID
49,1712602066.2788632,109149245.6781831,129.4,-3.1862284981027562e-09,133.6,ASK
50,1712602070.9987595,109149291.90314455,129.8,3.186228497075637e-09,133.6,BID
51,1712602080.447804,109149291.90314455,129.8,0.0,133.6,BID
52,1712602103.6983762,109149338.12810604,129.4,-3.1862258666930403e-09,133.6,ASK
53,1712602110.4577663,109149338.12810604,129.4,-0.0,133.6,ASK
54,1712602140.288034,109149338.12810604,129.4,-0.0,133.6,ASK
55,1712602141.538545,109149384.3887074,129.7,3.188681164312236e-09,133.6,BID
56,1712602151.391117,109156533.0040682,129.7,4.927444622136893e-07,133.6,BID
57,1712602169.6579664,109156579.26466957,129.4,-3.1886811632851197e-09,133.6,ASK
58,1712602170.2980669,109156579.26466957,129.4,-0.0,133.6,ASK
59,1712602175.3378694,109156625.52527095,129.7,3.188474757939518e-09,133.6,BID
60,1712602200.3184278,109156625.52527095,129.7,0.0,133.6,BID
61,1712602202.1076322,109156671.78587233,129.4,-3.188841793420175e-09,133.6,ASK
62,1712602224.7594986,109156749.00594956,129.5,5.3229444120150734e-09,133.6,BID
63,1712602230.2991428,109156749.00594956,129.5,0.0,133.6,BID
64,1712602243.0377738,109156795.33799589,129.5,3.193763127201737e-09,133.6,BID
65,1712602260.3086796,109156795.33799589,129.5,0.0,133.6,BID
66,1712602264.3373892,109169795.33799589,129.4,-8.961163335205757e-07,133.6,ASK
67,1712602264.558466,109169834.40291087,129.4,-2.69282372207596e-09,133.6,ASK
68,1712602264.560107,109169912.53274085,129.4,-5.385647444151921e-09,133.6,ASK
69,1712602264.5614834,109169951.59765583,129.4,-2.69282372207596e-09,133.6,ASK
70,1712602264.56271,109191804.06799588,129.4,-1.5063350461143642e-06,133.6,ASK
71,1712602269.6020908,109191850.4000422,129.4,-3.193761806286366e-09,133.6,ASK
72,1712602274.447552,109191896.73208854,129.5,3.193761806286366e-09,133.6,BID
73,1712602290.3181114,109191896.73208854,129.5,0.0,133.6,BID
74,1712602302.3077176,109191943.06413488,129.4,-3.192762159226113e-09,133.6,ASK
75,1712602308.7573922,109191989.3961812,129.5,3.192762159226113e-09,133.6,BID
76,1712602320.455413,109191989.3961812,129.5,0.0,133.6,BID
77,1712602334.9779055,109192035.72822753,129.4,-3.192759520071544e-09,133.6,ASK
78,1712602350.4868338,109192035.72822753,129.4,-0.0,133.6,ASK
79,1712602367.0176687,109196574.12579216,129.5,3.1274263046172935e-07,133.6,BID
80,1712602377.8670042,109196620.38639356,129.7,3.187834903903478e-09,133.6,BID
81,1712602380.278421,109196620.38639356,129.7,0.0,133.6,BID
82,1712602380.9973607,109201925.20086028,129.5,3.6554174291065634e-07,133.6,BID
83,1712602406.2772229,109201971.46146166,129.4,-3.187704482305869e-09,133.6,ASK
84,1712602410.3059266,109201971.46146166,129.4,-0.0,133.6,ASK
85,1712602412.6177702,109202017.72206303,129.7,3.1875522772502987e-09,133.6,BID
86,1712602436.0671906,109203213.52098636,129.7,8.239563401482416e-08,133.6,BID
87,1712602436.077254,109203325.58636528,129.7,7.721781452667284e-09,133.6,BID
88,1712602440.4465814,109203325.58636528,129.7,0.0,133.6,BID
89,1712602440.9271028,109203371.84696664,129.4,-3.187513702034594e-09,133.6,ASK
90,1712602447.3067892,109203418.10756804,129.7,3.1875137030613353e-09,133.6,BID
91,1712602470.466827,109203418.10756804,129.7,0.0,133.6,BID
92,1712602478.3382149,109203464.36816944,129.4,-3.1875110705443914e-09,133.6,ASK
93,1712602500.3085103,109203464.36816944,129.4,-0.0,133.6,ASK
94,1712602530.287256,109203464.36816944,129.4,-0.0,133.6,ASK
95,1712602551.8080735,109203510.6287708,129.7,3.1875709035038716e-09,133.6,BID
96,1712602560.4580724,109203510.6287708,129.7,0.0,133.6,BID
97,1712602578.0084815,109203556.88937218,129.4,-3.1875695867002835e-09,133.6,ASK
98,1712602583.948713,109203603.14997356,129.7,3.187569585673524e-09,133.6,BID
99,1712602590.448594,109203603.14997356,129.7,0.0,133.6,BID
100,1712602613.9794822,109203649.41057494,129.4,-3.1875669540910317e-09,133.6,ASK
101,1712602620.3202505,109203649.41057494,129.4,-0.0,133.6,ASK
102,1712602650.3003857,109203649.41057494,129.4,-0.0,133.6,ASK
103,1712602655.2606306,109203695.63553642,129.8,3.1851098874385187e-09,133.6,BID
104,1712602680.4654975,109203695.63553642,129.8,0.0,133.6,BID
105,1712602683.091028,109203741.86049788,129.4,-3.185108569601041e-09,133.6,ASK
106,1712602710.461902,109203741.86049788,129.4,-0.0,133.6,ASK
107,1712602722.5820105,109203788.04987432,129.9,3.182655289575491e-09,133.6,BID
108,1712602740.275344,109203788.04987432,129.9,0.0,133.6,BID
109,1712602746.7424245,109203834.23925076,129.5,-3.182653973780655e-09,133.6,ASK
110,1712602751.4227035,109203880.46421222,129.8,3.185105940040829e-09,133.6,BID
111,1712602770.3048992,109203880.46421222,129.8,0.0,133.6,BID
112,1712602771.482942,109216223.58439712,129.8,8.504953107840615e-07,133.6,BID
113,1712602779.7328544,109216269.8093586,129.5,-3.1851033115085902e-09,133.6,ASK
114,1712602800.383263,109216269.8093586,129.5,-0.0,133.6,ASK
115,1712602805.2158823,109220038.39888167,129.5,-2.5967513195914964e-07,133.6,ASK
116,1712602805.220907,109221648.693681,129.4,-1.1095756434712605e-07,133.6,ASK
117,1712602805.223063,109223779.85339192,129.5,-1.4684782616321554e-07,133.6,ASK
118,1712602821.5838137,109223826.0783534,129.8,3.1851367460435234e-09,133.6,BID
119,1712602830.3038723,109223826.0783534,129.8,0.0,133.6,BID
120,1712602860.4540713,109223826.0783534,129.8,0.0,133.6,BID
121,1712602883.9948366,109223872.30331486,129.8,3.184922030113629e-09,133.6,BID
122,1712602889.784975,109224180.70732412,129.7,2.1249184255183333e-08,133.6,BID
123,1712602890.3660772,109224226.9322856,129.4,-3.184922031140327e-09,133.6,ASK
124,1712602890.464538,109224226.9322856,129.4,-0.0,133.6,ASK
125,1712602920.2982235,109224226.9322856,129.4,-0.0,133.6,ASK
126,1712602922.1853662,109227156.65275608,129.4,-2.0185842356074498e-07,133.6,ASK
127,1712602927.4927847,109227202.87771752,129.8,3.18491062319384e-09,133.6,BID
128,1712602950.317849,109227202.87771752,129.8,0.0,133.6,BID
129,1712602959.1457698,109227249.102679,129.4,-3.184826118422003e-09,133.6,ASK
130,1712602963.226431,109227295.32764047,129.8,3.184826118422003e-09,133.6,BID
131,1712602963.7357438,109227465.47458556,129.4,-1.1722853137271238e-08,133.6,ASK
132,1712602980.4557793,109227465.47458556,129.4,-0.0,133.6,ASK
133,1712602994.9063325,109227511.69954702,129.4,-3.184818658162245e-09,133.6,ASK
134,1712603010.4667912,109227511.69954702,129.4,-0.0,133.6,ASK
135,1712603033.4270668,109227557.9245085,129.8,3.184817345649543e-09,133.6,BID
136,1712603040.3071692,109227557.9245085,129.8,0.0,133.6,BID
137,1712603049.9176648,109227596.92913812,129.6,2.687348256903097e-09,133.6,BID
138,1712603049.9205203,109227635.96388716,129.5,2.689423429238826e-09,133.6,BID
139,1712603049.9229949,109227674.93844382,129.7,2.685276284675897e-09,133.6,BID
140,1712603056.808051,109257828.25516996,129.5,2.077508847514813e-06,133.6,BID
141,1712603056.88714,109265237.21795292,129.5,5.104641015871158e-07,133.6,BID
142,1712603059.7211633,109265283.4429144,129.4,-3.184816029080701e-09,133.6,ASK
143,1712603066.0771725,109265329.66787586,129.8,3.1848160280540387e-09,133.6,BID
144,1712603070.3474495,109265329.66787586,129.8,0.0,133.6,BID
145,1712603100.4473078,109265329.66787586,129.8,0.0,133.6,BID
146,1712603101.62773,109265375.89283732,129.4,-3.1839927613898886e-09,133.6,ASK
147,1712603130.4574225,109265375.89283732,129.4,-0.0,133.6,ASK
148,1712603137.538107,109265422.1177988,129.8,3.1839914495578276e-09,133.6,BID
149,1712603160.300018,109265422.1177988,129.8,0.0,133.6,BID
150,1712603165.4981782,109265468.34276026,129.4,-3.183990132645333e-09,133.6,ASK
151,1712603190.2908125,109265468.34276026,129.4,-0.0,133.6,ASK
152,1712603197.628796,109265507.3473899,129.6,2.6866502603336606e-09,133.6,BID
153,1712603197.638353,109288341.32489143,129.8,1.5728110268538653e-06,133.6,BID
154,1712603197.640468,109288380.2994481,129.7,2.6845788252431517e-09,133.6,BID
155,1712603205.388576,109288419.33419712,129.5,-2.688724892648728e-09,133.6,ASK
156,1712603207.231393,109288458.36894618,129.5,-2.688724893675124e-09,133.6,ASK
157,1712603208.0789237,109288497.3735758,129.6,2.6866502593072643e-09,133.6,BID
158,1712603208.0824249,109288504.65962052,129.7,5.01864884119395e-10,133.6,BID
159,1712603208.901644,109288543.69436955,129.5,-2.688724892648728e-09,133.6,ASK
160,1712603210.7297077,109288582.7291186,129.5,-2.688724893675124e-09,133.6,ASK
161,1712603212.564971,109288621.76386765,129.5,-2.688724893675124e-09,133.6,ASK
162,1712603215.0712178,109288660.79861668,129.5,-2.688724892648728e-09,133.6,ASK
163,1712603220.4583795,109288660.79861668,129.5,-0.0,133.6,ASK
164,1712603221.5786276,109288699.83336572,129.5,-2.6881675030250267e-09,133.6,ASK
165,1712603223.3298936,109288738.86811475,129.5,-2.688167501998843e-09,133.6,ASK
166,1712603225.4983895,109288777.9028638,129.5,-2.6881675030250267e-09,133.6,ASK
167,1712603226.118997,109288816.90749344,129.6,2.686093298742744e-09,133.6,BID
168,1712603232.9488394,109288863.19816776,129.6,-3.1878541429156662e-09,133.6,ASK
169,1712603240.9990947,109288894.88667972,129.7,2.1822614499278433e-09,133.6,BID
170,1712603241.0106602,109288909.45876914,129.7,1.0035216873196601e-09,133.6,BID
171,1712603250.479777,109288909.45876914,129.7,0.0,133.6,BID
172,1712603271.5195358,109288955.71937051,129.6,-3.185776069633168e-09,133.6,ASK
173,1712603279.170055,109289043.71937051,129.8,6.0601956249096356e-09,133.6,BID
174,1712603279.1730473,109289068.12183778,129.7,1.680496878073228e-09,133.6,BID
175,1712603279.17597,109304375.91983312,129.8,1.0541846640725342e-06,133.6,BID
176,1712603280.2913375,109304375.91983312,129.8,0.0,133.6,BID
177,1712603308.8995078,109304422.1447946,129.8,3.182881661110411e-09,133.6,BID
178,1712603310.291549,109304422.1447946,129.8,0.0,133.6,BID
179,1712603335.1496084,109304468.36975607,129.6,-3.182880346141465e-09,133.6,ASK
180,1712603340.4699965,109304468.36975607,129.6,-0.0,133.6,ASK
181,1712603370.4705896,109304468.36975607,129.6,-0.0,133.6,ASK
182,1712603377.5599618,109304507.28430574,129.9,2.6795112480322804e-09,133.6,BID
183,1712603377.5631256,109304514.55913252,129.9,5.009175322050666e-10,133.6,BID
184,1712603400.333058,109304514.55913252,129.9,0.0,133.6,BID
185,1712603407.109945,109304560.74850896,129.6,-3.180527353050734e-09,133.6,ASK
186,1712603412.0303383,109304606.9378854,129.9,3.1805273540768043e-09,133.6,BID
187,1712603430.320283,109304606.9378854,129.9,0.0,133.6,BID
188,1712603435.0303233,109304653.12726185,129.6,-3.180524729040743e-09,133.6,ASK
189,1712603437.9800751,109304702.68313792,129.9,3.41233637499884e-09,133.6,BID
190,1712603442.159948,109304748.87251437,129.9,3.180524729040743e-09,133.6,BID
191,1712603460.4503162,109304748.87251437,129.9,0.0,133.6,BID
192,1712603466.2005,109304795.0618908,129.6,-3.180520693178572e-09,133.6,ASK
193,1712603473.8906837,109304841.21573696,130.0,3.178074140204916e-09,133.6,BID
194,1712603490.4705691,109304841.21573696,130.0,0.0,133.6,BID
195,1712603498.787981,109304887.3695831,129.6,-3.1780715161730316e-09,133.6,ASK
196,1712603506.1002212,109304933.55895954,129.9,3.180518069179572e-09,133.6,BID
197,1712603520.3018932,109304933.55895954,129.9,0.0,133.6,BID
198,1712603533.420846,109304979.748336,129.6,-3.180515445167293e-09,133.6,ASK
199,1712603538.020566,109305025.93771242,129.9,3.180515444141226e-09,133.6,BID
200,1712603550.321344,109305025.93771242,129.9,0.0,133.6,BID
201,1712603567.3607244,109305072.12708886,129.6,-3.180512820150889e-09,133.6,ASK
202,1712603580.3289697,109305072.12708886,129.6,-0.0,133.6,ASK
203,1712603605.9408884,109305118.280935,130.0,3.178064961201289e-09,133.6,BID
204,1712603610.2984858,109305118.280935,130.0,0.0,133.6,BID
205,1712603633.6216407,109305164.43478116,129.6,-3.1780636492152997e-09,133.6,ASK
206,1712603638.531084,109305210.58862732,130.0,3.178063648189235e-09,133.6,BID
207,1712603640.460764,109305210.58862732,130.0,0.0,133.6,BID
208,1712603665.7514758,109305256.74247344,129.6,-3.17806102620841e-09,133.6,ASK
209,1712603670.4711618,109305256.74247344,129.6,-0.0,133.6,ASK
210,1712603672.3715403,109305302.8963196,130.0,3.178059718265696e-09,133.6,BID
211,1712603698.1417472,109305349.05016576,129.6,-3.178059717239632e-09,133.6,ASK
212,1712603700.3516655,109305349.05016576,129.6,-0.0,133.6,ASK
213,1712603704.6215513,109305395.20401192,130.0,3.179803083673451e-09,133.6,BID
214,1712603730.2914865,109305395.20401192,130.0,0.0,133.6,BID
215,1712603736.4416037,109305441.35785806,129.6,-3.179801768198174e-09,133.6,ASK
216,1712603754.3019352,109305480.36248767,129.6,-2.687251456068368e-09,133.6,ASK
217,1712603757.8317106,109305519.36711732,129.6,-2.687251456068368e-09,133.6,ASK
218,1712603760.4616957,109305519.36711732,129.6,-0.0,133.6,ASK
219,1712603761.4414246,109305558.37174696,129.6,-2.687248477909521e-09,133.6,ASK
220,1712603765.6218965,109305597.37637658,129.6,-2.687248476882896e-09,133.6,ASK
221,1712603769.9916167,109305636.3810062,129.6,-2.687248476882896e-09,133.6,ASK
222,1712603770.701791,109305675.35556288,129.7,2.685176581587085e-09,133.6,BID
223,1712603770.7048728,109307599.54927136,129.7,1.3256853511401506e-07,133.6,BID
224,1712603771.3614357,109307645.80987272,129.7,3.187153212441372e-09,133.6,BID
225,1712603774.0519404,109307684.81450236,129.6,-2.687248476882896e-09,133.6,ASK
226,1712603778.2615335,109307723.819132,129.6,-2.687248476882896e-09,133.6,ASK
227,1712603784.4272232,109307762.82376164,129.6,-2.687248477909521e-09,133.6,ASK
228,1712603784.751463,109307801.7983183,129.7,2.685176581587085e-09,133.6,BID
229,1712603787.9417446,109307840.77287497,129.7,-2.685176581587085e-09,133.6,ASK
230,1712603790.482083,109307840.77287497,129.7,-0.0,133.6,ASK
231,1712603809.011661,109307887.03347634,129.6,-3.187087105110893e-09,133.6,ASK
232,1712603815.0378647,109307925.9780064,129.8,2.6830522274415647e-09,133.6,BID
233,1712603815.0402162,109338586.38225923,129.8,2.1123240108139285e-06,133.6,BID
234,1712603815.111739,109343823.07868163,129.8,-3.607780086367477e-07,133.6,ASK
235,1712603815.1516552,109355479.29281662,129.8,-8.030455433488381e-07,133.6,ASK
236,1712603819.391878,109355528.9634054,129.8,3.422015457038473e-09,133.6,BID
237,1712603820.3057394,109355528.9634054,129.8,0.0,133.6,BID
238,1712603841.1819053,109356710.75971632,129.6,-8.138420469998385e-08,133.6,ASK
239,1712603845.3220713,109356749.674266,129.9,2.6798439344417755e-09,133.6,BID
240,1712603845.325966,109356756.94909278,129.9,5.009797258067411e-10,133.6,BID
241,1712603850.321883,109356756.94909278,129.9,0.0,133.6,BID
242,1712603870.9921577,109356803.1384692,129.6,-3.180788795926175e-09,133.6,ASK
243,1712603877.0946574,109356849.32784563,129.9,3.180788796952329e-09,133.6,BID
244,1712603880.4818697,109356849.32784563,129.9,0.0,133.6,BID
245,1712603905.612672,109364547.55725288,129.9,-5.301310285783872e-07,133.6,ASK
246,1712603906.0725014,109364593.74662931,129.6,-3.180786170458535e-09,133.6,ASK
247,1712603910.472272,109364593.74662931,129.6,-0.0,133.6,ASK
248,1712603913.072298,109364639.93600576,129.9,3.180565833809254e-09,133.6,BID
249,1712603940.2843468,109364639.93600576,129.9,0.0,133.6,BID
250,1712603942.3639977,109364686.1253822,129.6,-3.180564519741524e-09,133.6,ASK
251,1712603948.4622643,109364732.27922834,130.0,3.178117931003772e-09,133.6,BID
252,1712603966.222869,109365457.9158176,130.0,4.996677088275153e-08,133.6,BID
253,1712603966.226102,109386062.24207889,130.0,1.4187978731396123e-06,133.6,BID
254,1712603966.342266,109391428.62336396,130.0,-3.695248394526927e-07,133.6,ASK
255,1712603970.2921093,109391428.62336396,130.0,-0.0,133.6,ASK
256,1712603977.3620875,109391474.77721012,129.7,-3.177355991538789e-09,133.6,ASK
257,1712603982.9231277,109391513.63193728,130.1,2.6748648361725167e-09,133.6,BID
258,1712603982.9277437,109391520.8955806,130.1,5.000489149291099e-10,133.6,BID
259,1712604000.324828,109391520.8955806,130.1,0.0,133.6,BID
260,1712604011.9421072,109391567.01395108,129.9,-3.175121092940443e-09,133.6,ASK
261,1712604030.3127704,109391567.01395108,129.9,-0.0,133.6,ASK
262,1712604051.9136462,109391613.13232157,130.1,3.175119784393811e-09,133.6,BID
263,1712604060.4822998,109391613.13232157,130.1,0.0,133.6,BID
264,1712604064.9858887,109396209.75030774,130.1,3.164640581573854e-07,133.6,BID
265,1712604065.2084868,109399299.52740228,130.1,-2.1272235393011185e-07,133.6,ASK
266,1712604069.4825816,109406985.92248298,130.1,5.291864120885231e-07,133.6,BID
267,1712604073.267906,109410832.07632913,130.0,-2.64796739278764e-07,133.6,ASK
268,1712604073.4124455,109411293.61479063,130.0,3.1775608712343704e-08,133.6,BID
269,1712604076.8935294,109411370.47874144,130.1,-5.291864120659532e-09,133.6,ASK
270,1712604077.053143,109415213.66874143,130.1,-2.645926869119425e-07,133.6,ASK
271,1712604079.1356282,109415259.77957158,130.0,-3.1745993404870114e-09,133.6,ASK
272,1712604079.146169,109415259.78711192,130.1,-5.191312931664339e-13,133.6,ASK
273,1712604080.5029323,109419102.98465228,130.1,2.645932060442616e-07,133.6,BID
274,1712604080.506678,109429402.98465228,130.0,-7.091256677902207e-07,133.6,ASK
275,1712604080.6226785,109431114.22745228,129.9,-1.178141935242052e-07,133.6,ASK
276,1712604080.6258688,109459463.42626184,129.9,-1.9517616055475065e-06,133.6,ASK
277,1712604084.6129036,109459502.2511466,130.2,2.6729827525828074e-09,133.6,BID
278,1712604084.6228178,109459509.50921112,130.2,4.996970719816186e-10,133.6,BID
279,1712604090.5742736,109459509.50921112,130.2,0.0,133.6,BID
280,1712604114.6027544,109459555.59216042,129.7,-3.170752547554312e-09,133.6,ASK
281,1712604118.7626402,109459601.7105309,130.1,3.1731897144139963e-09,133.6,BID
282,1712604120.3141608,109459601.7105309,130.1,0.0,133.6,BID
283,1712604142.753009,109459647.82890138,129.8,-3.173187098433176e-09,133.6,ASK
284,1712604150.2941322,109459647.82890138,129.8,-0.0,133.6,ASK
285,1712604151.7028277,109459693.98274752,130.0,3.175626703726413e-09,133.6,BID
286,1712604177.3232028,109459740.13659368,129.8,-3.1756267047516914e-09,133.6,ASK
287,1712604180.4646711,109459740.13659368,129.8,-0.0,133.6,ASK
288,1712604185.373682,109459786.29043984,130.0,3.175624083748205e-09,133.6,BID
289,1712604203.7827375,109463687.5596706,130.0,2.6842756479227934e-07,133.6,BID
290,1712604210.181059,109463733.71351674,129.8,-3.175624083748205e-09,133.6,ASK
291,1712604210.5028892,109463733.71351674,129.8,-0.0,133.6,ASK
292,1712604216.0028164,109463779.86736289,130.0,3.1755106525688563e-09,133.6,BID
293,1712604240.292838,109463779.86736289,130.0,0.0,133.6,BID
294,1712604242.233402,109463826.02120905,129.8,-3.175509342691809e-09,133.6,ASK
295,1712604270.313822,109463826.02120905,129.8,-0.0,133.6,ASK
296,1712604282.55324,109463872.1750552,130.0,3.1755080327821356e-09,133.6,BID
297,1712604300.4827795,109463872.1750552,130.0,0.0,133.6,BID
298,1712604301.2833126,109464793.34706728,129.8,-6.351469291531724e-08,133.6,ASK
299,1712604308.1734564,109464839.50091344,129.8,-3.182301813628405e-09,133.6,ASK
300,1712604317.653243,109464885.6547596,130.0,3.1823018146558383e-09,133.6,BID
301,1712604320.2032363,109468734.7694632,129.9,-2.65395968599607e-07,133.6,ASK
302,1712604325.4053226,109472583.88416682,129.9,-2.653959686006344e-07,133.6,ASK
303,1712604330.0030406,109476432.99887045,129.9,-2.653959686006344e-07,133.6,ASK
304,1712604330.462781,109476432.99887045,129.9,-0.0,133.6,ASK
305,1712604330.738399,109479133.17322654,129.8,-1.861557362299164e-07,133.6,ASK
306,1712604332.3060272,109480282.11287044,129.7,-7.921033129307254e-08,133.6,ASK
307,1712604345.6139312,109480328.26671658,129.8,-3.181943858378137e-09,133.6,ASK
308,1712604350.7330835,109480367.21124664,129.8,-2.6849183454235544e-09,133.6,ASK
309,1712604351.4535866,109480406.1257963,129.9,2.6828514337829712e-09,133.6,BID
310,1712604351.4580543,109480413.39502706,130.0,5.011561566877852e-10,133.6,BID
311,1712604360.3336153,109480413.39502706,130.0,0.0,133.6,BID
312,1712604365.0034146,109480452.30957672,129.9,-2.6827558961079062e-09,133.6,ASK
313,1712604366.753169,109480491.22412638,129.9,-2.6827558961079062e-09,133.6,ASK
314,1712604368.3131108,109480530.13867605,129.9,-2.6827558961079062e-09,133.6,ASK
315,1712604369.8629248,109480569.0532257,129.9,-2.682755895080625e-09,133.6,ASK
316,1712604371.3031564,109484262.50973068,129.9,-2.5462564263003186e-07,133.6,ASK
317,1712604379.9931602,109484308.6935111,129.8,-3.183894206375479e-09,133.6,ASK
318,1712604386.8430908,109484347.63804115,129.8,-2.684822734144737e-09,133.6,ASK
319,1712604386.9434264,109484386.55259082,129.9,2.6827558961079062e-09,133.6,BID
320,1712604386.9477477,109484393.82182156,130.0,5.011383102675731e-10,133.6,BID
321,1712604390.313017,109484393.82182156,130.0,0.0,133.6,BID
322,1712604395.7931738,109484432.76635164,129.8,-2.684727036436409e-09,133.6,ASK
323,1712604405.973566,109484471.68090127,129.9,2.682660271042621e-09,133.6,BID
324,1712604416.6335852,109484517.8646817,129.9,-3.183780720811882e-09,133.6,ASK
325,1712604420.3241608,109484517.8646817,129.9,-0.0,133.6,ASK
326,1712604434.5382938,109485992.1456817,129.9,-1.0163269806769057e-07,133.6,ASK
327,1712604445.3164709,109487467.1456807,129.9,-1.016822637947336e-07,133.6,ASK
328,1712604446.9429748,109488196.3654838,129.9,-5.027031893750809e-08,133.6,ASK
329,1712604450.3037033,109488196.3654838,129.9,-0.0,133.6,ASK
330,1712604465.6935189,109488281.88105524,129.9,-5.895003712683952e-09,133.6,ASK
331,1712604465.6980915,109488680.50148378,129.9,-2.7478842350283448e-08,133.6,ASK
332,1712604469.6132388,109491395.3524838,129.9,-1.871478662187167e-07,133.6,ASK
333,1712604480.4733324,109491395.3524838,129.9,-0.0,133.6,ASK
334,1712604488.9634292,109491568.06761698,129.9,-1.190575200689784e-08,133.6,ASK
335,1712604488.9752457,109492303.71089208,129.9,-5.07100115484784e-08,133.6,ASK
336,1712604489.7137194,109492349.8647382,130.0,3.181517659822265e-09,133.6,BID
337,1712604496.5135274,109496026.26430865,129.9,-2.5342482013721893e-07,133.6,ASK
338,1712604510.464146,109496026.26430865,129.9,-0.0,133.6,ASK
339,1712604513.7841368,109504494.3166566,129.9,5.837030541464531e-07,133.6,BID
340,1712604514.5038133,109507444.3166566,129.9,-2.033435716947649e-07,133.6,ASK
341,1712604514.6232872,109509019.85349558,129.9,-1.086017926025775e-07,133.6,ASK
342,1712604514.7036045,109511223.37830122,129.9,-1.51889018405382e-07,133.6,ASK
343,1712604515.2052994,109512614.94994833,129.9,-9.592106745389709e-08,133.6,ASK
344,1712604515.270224,109513633.57597218,129.9,-7.021391658159735e-08,133.6,ASK
345,1712604518.5386963,109513679.72981831,129.9,-3.181385736443766e-09,133.6,ASK
346,1712604524.4733975,109516216.72981831,129.9,-1.748754716574977e-07,133.6,ASK
347,1712604529.763314,109516730.23872632,129.9,-3.5396181508652215e-08,133.6,ASK
348,1712604540.323727,109516730.23872632,129.9,-0.0,133.6,ASK
349,1712604556.7138722,109516769.12334172,130.0,2.6798206891611887e-09,133.6,BID
350,1712604556.7185526,109516776.39257248,130.0,5.009753808922042e-10,133.6,BID
351,1712604570.3070114,109516776.39257248,130.0,0.0,133.6,BID
352,1712604585.6737163,109516822.54641864,129.8,-3.180794753756717e-09,133.6,ASK
353,1712604591.963622,109516868.7002648,130.0,3.180794754783664e-09,133.6,BID
354,1712604600.403951,109516868.7002648,130.0,0.0,133.6,BID
355,1712604617.4036164,109524561.00795709,130.0,5.303448904525069e-07,133.6,BID
356,1712604630.30362,109524561.00795709,130.0,0.0,133.6,BID
357,1712604654.0838192,109524607.16180325,129.8,-3.1818499709941063e-09,133.6,ASK
358,1712604660.488191,109524607.16180325,129.8,-0.0,133.6,ASK
359,1712604661.2839482,109524653.3156494,130.0,3.1818486558501953e-09,133.6,BID
360,1712604689.593818,109524699.46949552,129.8,-3.1818486558501953e-09,133.6,ASK
361,1712604690.4736447,109524699.46949552,129.8,-0.0,133.6,ASK
362,1712604696.2836852,109524745.6233417,130.0,3.181846026622661e-09,133.6,BID
363,1712604720.3040226,109524745.6233417,130.0,0.0,133.6,BID
364,1712604722.743827,109524791.77718784,129.8,-3.1818447094571833e-09,133.6,ASK
365,1712604729.163752,109524837.93103398,130.0,3.1818447094571833e-09,133.6,BID
366,1712604750.3344803,109524837.93103398,130.0,0.0,133.6,BID
367,1712604756.5497005,109524884.08488014,129.8,-3.181842080236173e-09,133.6,ASK
368,1712604780.363742,109524884.08488014,129.8,-0.0,133.6,ASK
369,1712604799.114047,109524930.23872627,130.0,3.181840765098781e-09,133.6,BID
370,1712604809.1137671,109529965.42705974,129.9,-3.4712529588771e-07,133.6,ASK
371,1712604810.3137162,109529965.42705974,129.9,-0.0,133.6,ASK
372,1712604825.0452127,109530011.58090588,129.8,-3.181695981338338e-09,133.6,ASK
373,1712604825.0474646,109530011.58090588,129.9,-0.0,133.6,ASK
374,1712604840.4736152,109530011.58090588,129.9,-0.0,133.6,ASK
375,1712604864.2538977,109530057.73475204,130.0,3.1816946683761443e-09,133.6,BID
376,1712604870.465171,109530057.73475204,130.0,0.0,133.6,BID
377,1712604889.663903,109530103.8885982,129.8,-3.1816933513359267e-09,133.6,ASK
378,1712604896.274519,109530150.04244432,130.0,3.1816933513359267e-09,133.6,BID
379,1712604900.3041625,109530150.04244432,130.0,0.0,133.6,BID
380,1712604925.7038558,109530196.1962905,129.8,-3.182062322669156e-09,133.6,ASK
381,1712604930.304225,109530196.1962905,129.8,-0.0,133.6,ASK
382,1712604933.3543992,109530398.95379253,129.8,-1.3979046060455202e-08,133.6,ASK
383,1712604936.9246247,109532689.64205164,130.0,1.5793071213406546e-07,133.6,BID
384,1712604936.9286397,109533816.66402858,130.0,7.770214157299354e-08,133.6,BID
385,1712604960.4741304,109533816.66402858,130.0,0.0,133.6,BID
386,1712604978.464159,109533855.51875572,130.1,2.678738848754412e-09,133.6,BID
387,1712604990.474822,109533855.51875572,130.1,0.0,133.6,BID
388,1712604995.6444752,109533862.77682024,130.2,5.003883433608661e-10,133.6,BID
389,1712604995.6476462,109533901.60170504,130.2,2.6766805123597803e-09,133.6,BID
390,1712604995.7241862,109536637.41777211,130.2,1.8861370972489405e-07,133.6,BID
391,1712604995.7341962,109543313.06324516,130.2,4.602349816672918e-07,133.6,BID
392,1712604995.8323748,109543359.14619446,130.2,3.177068855720646e-09,133.6,BID
393,1712605020.3875885,109543359.14619446,130.2,0.0,133.6,BID
394,1712605027.914265,109543405.22914375,130.1,-3.176797851329099e-09,133.6,ASK
395,1712605034.744212,109543451.27672626,130.3,3.1743597882395366e-09,133.6,BID
396,1712605050.3172362,109543451.27672626,130.3,0.0,133.6,BID
397,1712605063.5342815,109543497.32430875,130.1,-3.1743571622713515e-09,133.6,ASK
398,1712605080.4641094,109543497.32430875,130.1,-0.0,133.6,ASK
399,1712605106.0548346,109543543.37189126,130.3,3.1743558523408303e-09,133.6,BID
400,1712605110.4742095,109543543.37189126,130.3,0.0,133.6,BID
401,1712605137.244712,109543589.41947377,130.1,-3.174354539368852e-09,133.6,ASK
402,1712605140.295972,109543589.41947377,130.1,-0.0,133.6,ASK
403,1712605144.798694,109543635.46705626,130.3,3.174353227386033e-09,133.6,BID
404,1712605170.2890284,109543635.46705626,130.3,0.0,133.6,BID
405,1712605172.3548846,109543681.51463877,130.1,-3.174351915443459e-09,133.6,ASK
406,1712605200.3550978,109543681.51463877,130.1,-0.0,133.6,ASK
407,1712605209.2044597,109544417.08552738,130.1,-5.0709281419995584e-08,133.6,ASK
408,1712605219.0168698,109544463.13310988,130.3,3.174459260786835e-09,133.6,BID
409,1712605230.306346,109544463.13310988,130.3,0.0,133.6,BID
410,1712605246.505086,109544539.8790807,130.3,5.290728342511683e-09,133.6,BID
411,1712605249.8943014,109544585.9266632,130.1,-3.174437006123365e-09,133.6,ASK
412,1712605256.434625,109544631.9742457,130.3,3.1744370050961062e-09,133.6,BID
413,1712605260.4745743,109544631.9742457,130.3,0.0,133.6,BID
414,1712605285.0145814,109544678.0218282,130.1,-3.174432193667337e-09,133.6,ASK
415,1712605290.46454,109544678.0218282,130.1,-0.0,133.6,ASK
416,1712605293.5447214,109544724.0694107,130.3,3.174430881620352e-09,133.6,BID
417,1712605308.3249123,109567747.86066166,130.3,1.5872154411440346e-06,133.6,BID
418,1712605320.299023,109567747.86066166,130.3,0.0,133.6,BID
419,1712605321.1656778,109567793.90824416,130.1,-3.173773187583959e-09,133.6,ASK
420,1712605350.324814,109567793.90824416,130.1,-0.0,133.6,ASK
421,1712605363.3944526,109567839.95582666,130.3,3.173771878135548e-09,133.6,BID
422,1712605380.4644606,109567839.95582666,130.3,0.0,133.6,BID
423,1712605393.674889,109567886.00340916,130.1,-3.173770564619568e-09,133.6,ASK
424,1712605410.4745405,109567886.00340916,130.1,-0.0,133.6,ASK
425,1712605435.3847308,109567932.05099164,130.3,3.173769255173322e-09,133.6,BID
426,1712605440.3047917,109567932.05099164,130.3,0.0,133.6,BID
427,1712605461.9149475,109567978.09857416,130.1,-3.173767941659512e-09,133.6,ASK
428,1712605470.297186,109567978.09857416,130.1,-0.0,133.6,ASK
429,1712605500.3247192,109567978.09857416,130.1,-0.0,133.6,ASK
430,1712605508.7048693,109568024.14615664,130.3,3.173791025926721e-09,133.6,BID
431,1712605530.3248217,109568024.14615664,130.3,0.0,133.6,BID
432,1712605543.3495338,109568070.19373916,130.1,-3.173789712394898e-09,133.6,ASK
433,1712605560.4645977,109568070.19373916,130.1,-0.0,133.6,ASK
434,1712605584.655026,109568116.24132164,130.3,3.173788402932846e-09,133.6,BID
435,1712605587.1854284,109568155.03640991,130.3,2.6739167294093e-09,133.6,BID
436,1712605587.1905584,109571438.18573992,130.3,2.2628812852661365e-07,133.6,BID
437,1712605587.1957748,109585997.8034358,130.3,1.0035086160511457e-06,133.6,BID
438,1712605587.199954,109596762.90034056,130.3,7.419746673457391e-07,133.6,BID
439,1712605590.4783373,109596762.90034056,130.3,0.0,133.6,BID
440,1712605613.8051546,109596808.94792306,130.1,-3.172970779857171e-09,133.6,ASK
441,1712605618.4850662,109596854.99550556,130.3,3.1729707788303863e-09,133.6,BID
442,1712605620.3157775,109596854.99550556,130.3,0.0,133.6,BID
443,1712605628.605808,109608782.2048341,130.3,8.218597666887041e-07,133.6,BID
444,1712605628.6077876,109611810.5747896,130.3,2.086737439170425e-07,133.6,BID
445,1712605628.6096551,109621034.1325924,130.3,6.35561165653608e-07,133.6,BID
446,1712605639.470657,109621040.34424885,130.4,4.2802221216454974e-10,133.6,BID
447,1712605639.4749522,109637239.96076836,130.4,1.1162555033980748e-06,133.6,BID
448,1712605639.4791803,109637278.7261058,130.4,2.671175654278903e-09,133.6,BID
449,1712605639.645041,109644059.06997828,130.4,4.672083535720379e-07,133.6,BID
450,1712605650.189602,109644105.11756076,130.3,-3.172968157192128e-09,133.6,ASK
451,1712605650.3078153,109644105.11756076,130.3,-0.0,133.6,ASK
452,1712605680.485667,109644105.11756076,130.3,-0.0,133.6,ASK
453,1712605710.4848902,109644105.11756076,130.3,-0.0,133.6,ASK
454,1712605724.8354626,109644112.35894006,130.5,4.987649231387911e-10,133.6,BID
455,1712605724.8410282,109644151.09457225,130.5,2.667996495130522e-09,133.6,BID
456,1712605740.3152118,109644151.09457225,130.5,0.0,133.6,BID
457,1712605753.155437,109644197.07158372,130.3,-3.166760109566541e-09,133.6,ASK
458,1712605757.8754618,109644211.55434234,130.5,9.975294340362087e-10,133.6,BID
459,1712605757.880426,109644243.04859523,130.5,2.16923067655668e-09,133.6,BID
460,1712605770.3069298,109644243.04859523,130.5,0.0,133.6,BID
461,1712605784.2850244,109644289.02560672,130.3,-3.1667574941699115e-09,133.6,ASK
462,1712605791.3157637,109644309.8088768,130.5,1.431488785046986e-09,133.6,BID
463,1712605791.3212004,109644335.0026182,130.5,1.7352687091229247e-09,133.6,BID
464,1712605800.3396158,109644335.0026182,130.5,0.0,133.6,BID
465,1712605815.145095,109644380.9796297,130.3,-3.167060274526259e-09,133.6,ASK
466,1712605821.987148,109644457.7845297,130.5,5.290595013240997e-09,133.6,BID
467,1712605822.3055184,109644503.72633676,130.6,3.164635267312208e-09,133.6,BID
468,1712605825.4553945,109658597.78452969,130.6,9.708489170168644e-07,133.6,BID
469,1712605825.4599087,109670037.29448377,130.6,7.879941815248142e-07,133.6,BID
470,1712605830.3252342,109670037.29448377,130.6,0.0,133.6,BID
471,1712605852.1351902,109670083.23629078,130.5,-3.1639037043561467e-09,133.6,ASK
472,1712605860.4649189,109670083.23629078,130.5,-0.0,133.6,ASK
473,1712605867.1052885,109670183.3452908,130.6,6.8942674584737975e-09,133.6,BID
474,1712605885.9952314,109685009.4364087,130.6,1.021037444365574e-06,133.6,BID
475,1712605886.175333,109685055.37821576,130.6,3.163902399040485e-09,133.6,BID
476,1712605890.4852738,109685055.37821576,130.6,0.0,133.6,BID
477,1712605891.8552155,109718786.76790312,130.6,2.322687376450303e-06,133.6,BID
478,1712605902.537876,109732830.9493239,130.6,9.670589679490373e-07,133.6,BID
479,1712605902.5429618,109734369.65529634,130.6,1.059527333855976e-07,133.6,BID
480,1712605902.5474918,109734408.36126876,130.6,2.665228868325661e-09,133.6,BID
481,1712605902.5495963,109737545.3185759,130.6,2.1600566135164697e-07,133.6,BID
482,1712605909.335488,109737644.74941516,130.6,-6.846642173460489e-09,133.6,ASK
483,1712605909.4154036,109741090.38494363,130.6,-2.372607301381096e-07,133.6,ASK
484,1712605920.315594,109741090.38494363,130.6,-0.0,133.6,ASK
485,1712605950.345302,109741136.32675068,130.6,-3.1618830737651674e-09,133.6,ASK
486,1712605950.3554814,109741136.32675068,130.6,-0.0,133.6,ASK
487,1712605960.775483,109754402.76405412,130.6,-9.130443260196465e-07,133.6,ASK
488,1712605980.4653175,109754402.76405412,130.6,-0.0,133.6,ASK
489,1712605986.9555535,109754448.67071058,130.7,3.159085877469681e-09,133.6,BID
490,1712606010.4652655,109754448.67071058,130.7,0.0,133.6,BID
491,1712606016.8758936,109754494.57736704,130.6,-3.159084573107277e-09,133.6,ASK
492,1712606021.1054547,109754540.4840235,130.7,3.159084573107277e-09,133.6,BID
493,1712606040.3183556,109754540.4840235,130.7,0.0,133.6,BID
494,1712606048.12552,109754899.29462956,130.7,2.4691672233048792e-08,133.6,BID
495,1712606048.745399,109754945.20128602,130.6,-3.159081965383681e-09,133.6,ASK
496,1712606052.925681,109754991.10794248,130.7,3.159081965383681e-09,133.6,BID
497,1712606070.2859623,109754991.10794248,130.7,0.0,133.6,BID
498,1712606077.7358327,109759302.97232546,130.6,-2.967211915832448e-07,133.6,ASK
499,1712606077.7556036,109763761.58766475,130.6,-3.0681986694851865e-07,133.6,ASK
500,1712606077.7600474,109764477.20958504,130.6,-4.92455629505548e-08,133.6,ASK
501,1712606077.8155167,109783767.30359124,130.6,-1.3274489109328712e-06,133.6,ASK
502,1712606077.8209925,109810182.97204451,130.6,-1.817795719841936e-06,133.6,ASK
503,1712606078.2353752,109810228.878701,130.4,-3.159069162719873e-09,133.6,ASK
504,1712606084.8794277,109810274.82050803,130.6,3.161488052392389e-09,133.6,BID
505,1712606100.3257186,109810274.82050803,130.6,0.0,133.6,BID
506,1712606113.9256325,109810320.76231506,130.4,-3.159935030198616e-09,133.6,ASK
507,1712606130.3154387,109810320.76231506,130.4,-0.0,133.6,ASK
508,1712606147.1857512,109810366.66897152,130.7,3.157516028712856e-09,133.6,BID
509,1712606160.4654036,109810366.66897152,130.7,0.0,133.6,BID
510,1712606175.2486477,109810412.57562798,130.4,-3.1575147256464876e-09,133.6,ASK
511,1712606190.4653687,109810412.57562798,130.4,-0.0,133.6,ASK
512,1712606199.6462443,109811180.62478311,130.5,-5.2827317559922566e-08,133.6,ASK
513,1712606220.316145,109811180.62478311,130.5,-0.0,133.6,ASK
514,1712606221.465688,109811371.65164553,130.5,-1.313896003298846e-08,133.6,ASK
515,1712606245.4357293,109811417.59345256,130.6,3.159909339717257e-09,133.6,BID
516,1712606250.3085864,109811417.59345256,130.6,0.0,133.6,BID
517,1712606272.6956277,109811463.5352596,130.4,-3.159902616573227e-09,133.6,ASK
518,1712606276.8565588,109811509.47706664,130.6,3.159902617598137e-09,133.6,BID
519,1712606280.4754963,109811509.47706664,130.6,0.0,133.6,BID
520,1712606298.826009,109815874.76331677,130.4,-3.002465283538039e-07,133.6,ASK
521,1712606306.0400171,109815914.64061736,130.4,-2.742780285373454e-09,133.6,ASK
522,1712606306.0456316,109815914.6406174,130.4,-1.0249091721707577e-18,133.6,ASK
523,1712606306.0501106,109815920.7051238,130.2,-4.1711972409604655e-10,133.6,ASK
524,1712606310.4955542,109815920.7051238,130.2,-0.0,133.6,ASK
525,1712606340.2976258,109815920.7051238,130.2,-0.0,133.6,ASK
526,1712606343.516673,109815966.64693084,130.6,3.159774997818453e-09,133.6,BID
527,1712606370.3122268,109815966.64693084,130.6,0.0,133.6,BID
528,1712606376.754943,109816012.58873788,130.4,-3.159773692860472e-09,133.6,ASK
529,1712606400.42623,109816012.58873788,130.4,-0.0,133.6,ASK
530,1712606404.9439025,109830572.54277945,130.4,-1.001505754617463e-06,133.6,ASK
531,1712606411.7309785,109830618.48458648,130.6,3.160105039017337e-09,133.6,BID
532,1712606423.6265264,109831206.6769298,130.6,4.045878269598957e-08,133.6,BID
533,1712606423.6326413,109831787.02333072,130.6,3.991909992022488e-08,133.6,BID
534,1712606424.0255997,109832955.562075,130.6,8.037788261723942e-08,133.6,BID
535,1712606430.3172014,109832955.562075,130.6,0.0,133.6,BID
536,1712606438.776297,109833001.50388204,130.4,-3.1596247641633274e-09,133.6,ASK
537,1712606444.2162993,109833039.7963782,130.6,2.6335472399939603e-09,133.6,BID
538,1712606444.2300203,109833047.44568908,130.6,5.260775231445471e-10,133.6,BID
539,1712606458.8762708,109833093.67065054,130.4,-3.179098568097544e-09,133.6,ASK
540,1712606460.4780846,109833093.67065054,130.4,-0.0,133.6,ASK
541,1712606471.106028,109833139.61245756,130.4,-3.1596208476841674e-09,133.6,ASK
542,1712606475.4563568,109833185.55426462,130.6,3.159620848708986e-09,133.6,BID
543,1712606490.4696207,109833185.55426462,130.6,0.0,133.6,BID
544,1712606500.3075016,109833935.14435156,130.6,5.155257630876853e-08,133.6,BID
545,1712606500.3103456,109845471.22613004,130.6,7.933866076328696e-07,133.6,BID
546,1712606500.916273,109845517.1679371,130.4,-3.159618243094915e-09,133.6,ASK
547,1712606507.15632,109845563.10974416,130.6,3.159618243094915e-09,133.6,BID
548,1712606512.8488338,109845923.21158464,130.4,-2.4765772565365533e-08,133.6,ASK
549,1712606512.8551753,109850305.04449452,130.4,-3.013577412460328e-07,133.6,ASK
550,1712606520.3304892,109850305.04449452,130.4,-0.0,133.6,ASK
551,1712606536.3162775,109850350.98630156,130.2,-3.159132683693832e-09,133.6,ASK
552,1712606541.1062045,109850396.96331306,130.5,3.161553474369848e-09,133.6,BID
553,1712606550.336105,109850396.96331306,130.5,0.0,133.6,BID
554,1712606566.266151,109850442.94032454,130.3,-3.1615508695623843e-09,133.6,ASK
555,1712606573.106185,109850488.91733605,130.5,3.1615508705870435e-09,133.6,BID
556,1712606580.329706,109850488.91733605,130.5,0.0,133.6,BID
557,1712606599.946364,109850534.89434752,130.4,-3.161548262763196e-09,133.6,ASK
558,1712606605.8540435,109850580.87135902,130.5,3.161548262763196e-09,133.6,BID
559,1712606610.305888,109850580.87135902,130.5,0.0,133.6,BID
560,1712606616.3057225,109851363.18572332,130.5,5.3794766108758347e-08,133.6,BID
561,1712606632.3054912,109851409.16273482,130.4,-3.161545654968769e-09,133.6,ASK
562,1712606638.286688,109851455.06939128,130.7,3.156707788704445e-09,133.6,BID
563,1712606640.4748662,109851455.06939128,130.7,0.0,133.6,BID
564,1712606664.724408,109851500.97604774,130.4,-3.156683024323338e-09,133.6,ASK
565,1712606664.764347,109851546.80619311,130.7,3.151421886572795e-09,133.6,BID
566,1712606670.4644284,109851546.80619311,130.7,0.0,133.6,BID
567,1712606670.7804544,109851592.71284956,130.7,3.156680424726593e-09,133.6,BID
568,1712606696.3932517,109851638.61950605,130.4,-3.156680424726593e-09,133.6,ASK
569,1712606700.2959225,109851638.61950605,130.4,-0.0,133.6,ASK
570,1712606726.54285,109858524.6179758,130.7,4.735379943335385e-07,133.6,BID
571,1712606730.3035457,109858524.6179758,130.7,0.0,133.6,BID
572,1712606737.3222234,109858570.52463226,130.7,3.1567245876458272e-09,133.6,BID
573,1712606760.4821525,109858570.52463226,130.7,0.0,133.6,BID
574,1712606764.1316068,109858616.43128872,130.4,-3.1567232852326113e-09,133.6,ASK
575,1712606770.3916552,109858662.33794518,130.7,3.1567232852326113e-09,133.6,BID
576,1712606790.4712887,109858662.33794518,130.7,0.0,133.6,BID
577,1712606796.4407165,109858708.24460164,130.4,-3.1567206833988702e-09,133.6,ASK
578,1712606801.820582,109858754.1512581,130.7,3.1567206833988702e-09,133.6,BID
579,1712606820.281122,109858754.1512581,130.7,0.0,133.6,BID
580,1712606822.220823,109858777.97263372,130.7,1.6380493158396943e-09,133.6,BID
581,1712606822.2279289,109897291.40902552,130.7,2.648331863376316e-06,133.6,BID
582,1712606833.2900567,109897337.315682,130.4,-3.156718081569417e-09,133.6,ASK
583,1712606850.2935686,109897337.315682,130.4,-0.0,133.6,ASK
584,1712606867.5993435,109897383.22233844,130.7,3.1556238289188727e-09,133.6,BID
585,1712606880.452434,109897383.22233844,130.7,0.0,133.6,BID
586,1712606887.4689553,109912868.7771892,130.7,1.064476690437599e-06,133.6,BID
587,1712606897.4386933,109912914.68384564,130.4,-3.155622527413808e-09,133.6,ASK
588,1712606910.4827378,109912914.68384564,130.4,-0.0,133.6,ASK
589,1712606922.1484556,109912956.18461134,130.6,2.852363680110605e-09,133.6,BID
590,1712606928.818422,109913041.54638912,130.6,5.866948010762007e-09,133.6,BID
591,1712606934.7385478,109913087.4530456,130.7,3.155182258733657e-09,133.6,BID
592,1712606936.0078,109913263.83341368,130.7,1.2122690932269395e-08,133.6,BID
593,1712606940.307897,109913263.83341368,130.7,0.0,133.6,BID
594,1712606949.587867,109913646.38888425,130.7,2.6293103040720668e-08,133.6,BID
595,1712606951.557557,109917418.98062734,130.7,2.5929087693321494e-07,133.6,BID
596,1712606951.9379945,109917464.8872838,130.6,-3.155172364476816e-09,133.6,ASK
597,1712606960.297737,109917510.79394026,130.6,-3.155172364476816e-09,133.6,ASK
598,1712606963.3591805,109917656.58191264,130.7,1.0020032323006934e-08,133.6,BID
599,1712606966.1074438,109917702.48856913,130.7,3.155172364476816e-09,133.6,BID
600,1712606970.2974553,109917702.48856913,130.7,0.0,133.6,BID
601,1712606975.7979531,109918467.5995102,130.7,5.2584109450119033e-08,133.6,BID
602,1712606991.9170542,109918513.50616664,130.6,-3.155046566597494e-09,133.6,ASK
603,1712606994.027074,109918574.17933084,130.7,4.169910708477535e-09,133.6,BID
604,1712606998.9271224,109918620.0859873,130.7,3.155046566597494e-09,133.6,BID
605,1712607000.3899577,109918620.0859873,130.7,0.0,133.6,BID
606,1712607009.7768185,109936936.05388512,130.6,-1.2592190386342697e-06,133.6,ASK
607,1712607009.8564565,109943095.27531897,130.6,-4.234452110821847e-07,133.6,ASK
608,1712607009.8666549,109952206.61637215,130.6,-6.264028297970147e-07,133.6,ASK
609,1712607030.2968378,109952206.61637215,130.6,-0.0,133.6,ASK
610,1712607030.5538554,109952252.52302864,130.4,-3.155121751156501e-09,133.6,ASK
611,1712607060.466684,109952252.52302864,130.4,-0.0,133.6,ASK
612,1712607065.8959188,109952298.46483566,130.6,3.1575363171604283e-09,133.6,BID
613,1712607085.485762,109990612.64108089,130.5,-2.6332965717488866e-06,133.6,ASK
614,1712607090.4657536,109990612.64108089,130.5,-0.0,133.6,ASK
615,1712607093.1359315,109990658.5828879,130.5,-3.1564503165130623e-09,133.6,ASK
616,1712607099.215411,109990704.52469496,130.6,3.1564503175368526e-09,133.6,BID
617,1712607120.2957308,109990704.52469496,130.6,0.0,133.6,BID
618,1712607126.1064682,109990750.466502,130.5,-3.156447716153062e-09,133.6,ASK
619,1712607150.3143904,109990750.466502,130.5,-0.0,133.6,ASK
620,1712607161.7346578,109990796.40830904,130.6,3.156446414937144e-09,133.6,BID
621,1712607180.464285,109990796.40830904,130.6,0.0,133.6,BID
622,1712607191.7842512,109990842.35011607,130.5,-3.15644511477356e-09,133.6,ASK
623,1712607210.4661312,109990842.35011607,130.5,-0.0,133.6,ASK
624,1712607221.5538568,109990971.22532192,130.5,-8.854404572648113e-09,133.6,ASK
625,1712607229.943813,109991017.16712898,130.6,3.156443814583574e-09,133.6,BID
626,1712607234.283594,109991088.93652771,130.6,4.930935226988746e-09,133.6,BID
627,1712607240.2950864,109991088.93652771,130.6,0.0,133.6,BID
628,1712607257.584023,109991134.87833478,130.5,-3.1564368334559317e-09,133.6,ASK
629,1712607270.3172674,109991134.87833478,130.5,-0.0,133.6,ASK
630,1712607276.3230417,110002584.5548949,130.5,-7.866509452323967e-07,133.6,ASK
631,1712607300.313869,110002584.5548949,130.5,-0.0,133.6,ASK
632,1712607322.872789,110002967.11036544,130.5,-2.6292315306302628e-08,133.6,ASK
633,1712607329.9826596,110003013.0170219,130.7,3.155077836346664e-09,133.6,BID
634,1712607330.3032537,110003013.0170219,130.7,0.0,133.6,BID
635,1712607356.6924057,110003058.92367835,130.5,-3.155065709801693e-09,133.6,ASK
636,1712607360.4723237,110003058.92367835,130.5,-0.0,133.6,ASK
637,1712607361.392283,110003104.8303348,130.7,3.1550644107478557e-09,133.6,BID
638,1712607378.9120312,110007006.89613436,130.7,2.6818047494941205e-07,133.6,BID
639,1712607384.602408,110007055.4718315,130.7,3.338501758545781e-09,133.6,BID
640,1712607387.702255,110007101.37848796,130.5,-3.1550644107478557e-09,133.6,ASK
641,1712607390.476154,110007101.37848796,130.5,-0.0,133.6,ASK
642,1712607394.672278,110007147.28514442,130.7,3.15494984936654e-09,133.6,BID
643,1712607420.3003988,110007147.28514442,130.7,0.0,133.6,BID
644,1712607423.3318036,110007193.19180088,130.5,-3.1549485484173687e-09,133.6,ASK
645,1712607427.181571,110007239.09845734,130.7,3.1549485484173687e-09,133.6,BID
646,1712607448.8213766,110013487.71502778,130.5,-4.29438022700559e-07,133.6,ASK
647,1712607450.291619,110013487.71502778,130.5,-0.0,133.6,ASK
648,1712607452.4714386,110013533.62168424,130.5,-3.154769150152394e-09,133.6,ASK
649,1712607458.7514277,110013579.5283407,130.7,3.154769150152394e-09,133.6,BID
650,1712607480.471272,110013579.5283407,130.7,0.0,133.6,BID
651,1712607489.2809398,110013625.43499716,130.5,-3.1547665505436723e-09,133.6,ASK
652,1712607510.461959,110013625.43499716,130.5,-0.0,133.6,ASK
653,1712607539.4174523,110013669.1228319,130.7,3.002284931892675e-09,133.6,BID
654,1712607540.3010297,110013669.1228319,130.7,0.0,133.6,BID
655,1712607557.6806295,110013715.02948835,130.7,3.154764013811062e-09,133.6,BID
656,1712607570.320498,110013715.02948835,130.7,0.0,133.6,BID
657,1712607583.3004346,110013760.9361448,130.6,-3.154762713015145e-09,133.6,ASK
658,1712607583.4201818,110039383.15265726,130.6,-1.760790689482913e-06,133.6,ASK
659,1712607588.600277,110039429.05931371,130.7,3.154762713015145e-09,133.6,BID
660,1712607589.3000286,110039467.76528616,130.6,-2.659922722950668e-09,133.6,ASK
661,1712607592.7258508,110039506.4712586,130.6,-2.659922721926642e-09,133.6,ASK
662,1712607595.9700856,110039545.17723104,130.6,-2.659922722950668e-09,133.6,ASK
663,1712607599.609938,110039583.88320348,130.6,-2.659922721926642e-09,133.6,ASK
664,1712607600.3205323,110039583.88320348,130.6,-0.0,133.6,ASK
665,1712607603.4201005,110039622.58917592,130.6,-2.659305303669021e-09,133.6,ASK
666,1712607607.7019546,110039661.29514836,130.6,-2.6593053026452323e-09,133.6,ASK
667,1712607618.0700688,110039707.20180482,130.6,-3.1540304318435033e-09,133.6,ASK
668,1712607618.2511685,110039745.90777726,130.6,-2.659305303669021e-09,133.6,ASK
669,1712607622.632967,110039791.81443372,130.7,3.1540304318435033e-09,133.6,BID
670,1712607622.729826,110039830.52040616,130.6,-2.6593053026452323e-09,133.6,ASK
671,1712607626.4050589,110040817.41510616,130.7,6.780489273107175e-08,133.6,BID
672,1712607626.840138,110040856.1210786,130.6,-2.6593053026452323e-09,133.6,ASK
673,1712607630.2702491,110040856.1210786,130.6,-0.0,133.6,ASK
674,1712607630.859818,110047201.68348227,130.6,-4.359687648435871e-07,133.6,ASK
675,1712607631.2196126,110047240.38945474,130.6,-2.6592749273725355e-09,133.6,ASK
676,1712607635.759806,110047279.09542716,130.6,-2.659274926348758e-09,133.6,ASK
677,1712607643.4771574,110067943.62065284,130.6,-1.4197461100495e-06,133.6,ASK
678,1712607645.9309435,110075262.3066703,130.6,-5.028267473098165e-07,133.6,ASK
679,1712607645.9716537,110091363.41590862,130.6,-1.1062188440789344e-06,133.6,ASK
680,1712607646.0896366,110092174.41590862,130.5,-5.5719358788802264e-08,133.6,ASK
681,1712607646.960312,110097943.59190862,130.5,-3.963684185692897e-07,133.6,ASK
682,1712607648.7599032,110097989.49856508,130.5,-3.1539944044782404e-09,133.6,ASK
683,1712607654.9695911,110098035.40522154,130.7,3.1539944044782404e-09,133.6,BID
684,1712607655.110271,110103240.19498049,130.5,-3.575925376059368e-07,133.6,ASK
685,1712607660.3215787,110103240.19498049,130.5,-0.0,133.6,ASK
686,1712607661.5696106,110103278.93061264,130.5,-2.6598240360659404e-09,133.6,ASK
687,1712607666.9324596,110103317.66624483,130.5,-2.659824037089145e-09,133.6,ASK
688,1712607672.1903143,110103356.40187705,130.5,-2.659824037089145e-09,133.6,ASK
689,1712607677.5896137,110103395.13750924,130.5,-2.6598240360659404e-09,133.6,ASK
690,1712607678.909285,110103441.04416569,130.5,-3.1522301661147162e-09,133.6,ASK
691,1712607682.8196256,110103479.77979788,130.5,-2.659824037089145e-09,133.6,ASK
692,1712607690.299512,110103479.77979788,130.5,-0.0,133.6,ASK
693,1712607719.6397889,110103487.01563248,130.6,4.96855334047754e-10,133.6,BID
694,1712607719.647236,110103525.72160491,130.6,2.6577817114232e-09,133.6,BID
695,1712607720.4590266,110103525.72160491,130.6,0.0,133.6,BID
696,1712607743.1991296,110103571.66341196,130.5,-3.154635746798114e-09,133.6,ASK
697,1712607750.4504478,110103571.66341196,130.5,-0.0,133.6,ASK
698,1712607751.749081,110103617.605219,130.6,3.1546344480983156e-09,133.6,BID
699,1712607764.0989747,110107069.80276877,130.6,2.3704817054941045e-07,133.6,BID
700,1712607780.289044,110107069.80276877,130.6,0.0,133.6,BID
701,1712607782.1788788,110107115.7445758,130.5,-3.154535488785879e-09,133.6,ASK
702,1712607810.3097813,110107115.7445758,130.5,-0.0,133.6,ASK
703,1712607818.7484555,110115413.94673751,130.5,-5.697852156652391e-07,133.6,ASK
704,1712607818.9775732,110115459.88854456,130.6,3.154534190168627e-09,133.6,BID
705,1712607840.438272,110115459.88854456,130.6,0.0,133.6,BID
706,1712607842.3288083,110122542.55701125,130.6,4.862858226539016e-07,133.6,BID
707,1712607844.918602,110122588.4988183,130.5,-3.154298346584404e-09,133.6,ASK
708,1712607870.4583385,110122588.4988183,130.5,-0.0,133.6,ASK
709,1712607882.4482296,110122634.44062532,130.6,3.154096733917993e-09,133.6,BID
710,1712607900.3282728,110122634.44062532,130.6,0.0,133.6,BID
711,1712607909.2481484,110122680.38243236,130.5,-3.1545982973245837e-09,133.6,ASK
712,1712607913.3180594,110122726.3242394,130.6,3.154598296301394e-09,133.6,BID
713,1712607930.3076513,110122726.3242394,130.6,0.0,133.6,BID
714,1712607940.1778512,110122772.26604643,130.5,-3.154595698992576e-09,133.6,ASK
715,1712607945.839276,110122818.17270292,130.7,3.152182082736306e-09,133.6,BID
716,1712607960.4377058,110122818.17270292,130.7,0.0,133.6,BID
717,1712607969.4480302,110122864.07935935,130.5,-3.152179486396589e-09,133.6,ASK
718,1712607977.4318197,110122909.98601584,130.7,3.152179486396589e-09,133.6,BID
719,1712607990.4574084,110122909.98601584,130.7,0.0,133.6,BID
720,1712607991.1273272,110122948.721648,130.5,-2.6597790830391874e-09,133.6,ASK
721,1712607991.132298,110142836.13871948,130.5,-1.3655679012799686e-06,133.6,ASK
722,1712608003.8678498,110142882.04537594,130.4,-3.1521768910540103e-09,133.6,ASK
723,1712608009.1980472,110142928.02238744,130.5,3.157007813414001e-09,133.6,BID
724,1712608020.307699,110142928.02238744,130.5,0.0,133.6,BID
725,1712608027.5684514,110150592.90160426,130.4,-5.262139273296822e-07,133.6,ASK
726,1712608027.5760832,110174277.4322791,130.4,-1.6260047354678511e-06,133.6,ASK
727,1712608027.5825474,110175197.67767788,130.4,-6.31772441153077e-08,133.6,ASK
728,1712608027.5859818,110181056.93160664,130.4,-4.022530471590152e-07,133.6,ASK
729,1712608036.2575004,110200568.61436497,130.4,-1.3395278545960252e-06,133.6,ASK
730,1712608036.3573213,110204397.70678386,130.4,2.628771703847524e-07,133.6,BID
731,1712608037.1571922,110204443.68379536,130.3,-3.156441621188084e-09,133.6,ASK
732,1712608037.4376063,110208272.77579536,130.7,2.628771416260769e-07,133.6,BID
733,1712608043.907671,110208318.6824518,130.7,3.151611565227812e-09,133.6,BID
734,1712608046.4075384,110208471.70464002,130.7,1.0505371884433708e-08,133.6,BID
735,1712608050.3006206,110208471.70464002,130.7,0.0,133.6,BID
736,1712608064.4876409,110216669.56793432,130.3,-5.624745849820978e-07,133.6,ASK
737,1712608072.71714,110216715.4745908,130.3,-3.149763128835416e-09,133.6,ASK
738,1712608080.4571404,110216715.4745908,130.3,-0.0,133.6,ASK
739,1712608084.807469,110217921.44471788,130.3,-8.27383347028602e-08,133.6,ASK
740,1712608109.047505,110217928.68055248,130.6,4.964309574734255e-10,133.6,BID
741,1712608109.0558035,110217967.41618466,130.5,2.6575465093286587e-09,133.6,BID
742,1712608110.456954,110217967.41618466,130.5,0.0,133.6,BID
743,1712608137.7869356,110218013.38765144,130.3,-3.153942165443822e-09,133.6,ASK
744,1712608140.2998605,110218013.38765144,130.3,-0.0,133.6,ASK
745,1712608170.3010054,110218013.38765144,130.3,-0.0,133.6,ASK
746,1712608174.9369538,110218052.15298888,130.4,2.6595536453523235e-09,133.6,BID
747,1712608174.9431648,110218059.3943682,130.5,4.96805600132121e-10,133.6,BID
748,1712608200.549858,110218059.3943682,130.5,0.0,133.6,BID
749,1712608203.7466033,110218105.40108491,130.3,-3.156494878231209e-09,133.6,ASK
750,1712608208.2185895,110218136.8953378,130.5,2.160802922090419e-09,133.6,BID
751,1712608208.226477,110218151.367007,130.6,9.92893058852804e-10,133.6,BID
752,1712608230.4662747,110218151.367007,130.6,0.0,133.6,BID
753,1712608231.7164931,110218197.33292907,130.3,-3.153693385617881e-09,133.6,ASK
754,1712608238.5667477,110218214.33139773,130.6,1.166254383098073e-09,133.6,BID
755,1712608238.5730536,110218243.27473614,130.6,1.985784484530801e-09,133.6,BID
756,1712608260.3090208,110218243.27473614,130.6,0.0,133.6,BID
757,1712608265.146638,110218289.21654315,130.4,-3.1520362737965604e-09,133.6,ASK
758,1712608271.1861024,110218335.1583502,130.6,3.1520362748189193e-09,133.6,BID
759,1712608290.3062973,110218335.1583502,130.6,0.0,133.6,BID
760,1712608298.1368363,110218381.10015725,130.4,-3.152033680676866e-09,133.6,ASK
761,1712608303.7760968,110218427.04196428,130.6,3.152033681699224e-09,133.6,BID
762,1712608320.4558938,110218427.04196428,130.6,0.0,133.6,BID
763,1712608328.67616,110218472.98377132,130.4,-3.152031087561439e-09,133.6,ASK
764,1712608336.1057763,110218518.92557836,130.6,3.1520310885837957e-09,133.6,BID
765,1712608350.4661658,110218518.92557836,130.6,0.0,133.6,BID
766,1712608364.4062934,110218564.86738542,130.4,-3.152028495472633e-09,133.6,ASK
767,1712608369.825797,110218610.80919243,130.6,3.152028494450276e-09,133.6,BID
768,1712608380.3008611,110218610.80919243,130.6,0.0,133.6,BID
769,1712608395.5760007,110218656.7509995,130.4,-3.152025902365738e-09,133.6,ASK
770,1712608401.9558654,110218702.69280653,130.6,3.152025901343383e-09,133.6,BID
771,1712608410.298421,110218702.69280653,130.6,0.0,133.6,BID
772,1712608415.4258945,110219084.37219584,130.6,2.6186656753856465e-08,133.6,BID
773,1712608432.585735,110219151.66737194,130.6,4.617057475885079e-09,133.6,BID
774,1712608433.8454332,110219197.609179,130.4,-3.152023309263109e-09,133.6,ASK
775,1712608440.3153727,110219197.609179,130.4,-0.0,133.6,ASK
776,1712608470.3073428,110219197.609179,130.4,-0.0,133.6,ASK
777,1712608500.3255696,110219197.609179,130.4,-0.0,133.6,ASK
778,1712608505.1655092,110221494.6995312,130.6,1.5760181069591108e-07,133.6,BID
779,1712608530.305841,110221494.6995312,130.6,0.0,133.6,BID
780,1712608540.0859249,110221540.64133824,130.6,3.1519713366544693e-09,133.6,BID
781,1712608560.4608188,110221540.64133824,130.6,0.0,133.6,BID
782,1712608567.7053027,110221586.58314528,130.4,-3.1519700401763566e-09,133.6,ASK
783,1712608573.8749285,110221632.52495234,130.6,3.1519700401763566e-09,133.6,BID
784,1712608590.4450564,110221632.52495234,130.6,0.0,133.6,BID
785,1712608594.050278,110222058.52495234,130.6,2.9226933349238016e-08,133.6,BID
786,1712608600.5649726,110222104.46675935,130.4,-3.1519674461433037e-09,133.6,ASK
787,1712608605.8249822,110222150.40856642,130.6,3.1519674471656402e-09,133.6,BID
788,1712608616.8450787,110222190.50479735,130.4,-2.75091518594062e-09,133.6,ASK
789,1712608620.288553,110222190.50479735,130.4,-0.0,133.6,ASK
790,1712608636.114787,110222236.4466044,130.4,-3.1519516923861923e-09,133.6,ASK
791,1712608650.2855544,110222236.4466044,130.4,-0.0,133.6,ASK
792,1712608674.4353683,110222238.52683592,130.6,1.4271938841455613e-10,133.6,BID
793,1712608674.4436915,110222282.38841145,130.6,3.009231008474317e-09,133.6,BID
794,1712608680.4746594,110222282.38841145,130.6,0.0,133.6,BID
795,1712608710.4550767,110222282.38841145,130.6,0.0,133.6,BID
796,1712608721.999127,110233001.38841145,130.6,7.354029927971504e-07,133.6,BID
797,1712608723.17595,110234442.9466044,130.6,9.890159617298944e-08,133.6,BID
798,1712608740.2354548,110234488.88841145,130.4,-3.151949099405664e-09,133.6,ASK
799,1712608740.292228,110234488.88841145,130.4,-0.0,133.6,ASK
800,1712608770.2775466,110234488.88841145,130.4,-0.0,133.6,ASK
801,1712608775.1066124,110260611.08919062,130.6,1.7919809499870382e-06,133.6,BID
802,1712608775.1131985,110273296.94090693,130.7,8.702484450736628e-07,133.6,BID
803,1712608775.6059823,110273342.8475634,130.7,3.1491930770868283e-09,133.6,BID
804,1712608800.3408618,110273342.8475634,130.7,0.0,133.6,BID
805,1712608802.466468,110273388.75421984,130.6,-3.148617125888261e-09,133.6,ASK
806,1712608808.156051,110273434.6608763,130.7,3.148617125888261e-09,133.6,BID
807,1712608812.4662032,110277181.85291916,130.7,2.570100710913299e-07,133.6,BID
808,1712608830.2794206,110277181.85291916,130.7,0.0,133.6,BID
809,1712608837.0163531,110277227.7595756,130.5,-3.148508773264931e-09,133.6,ASK
810,1712608860.454503,110277227.7595756,130.5,-0.0,133.6,ASK
811,1712608873.0668628,110277273.66623206,130.7,3.1485074796049347e-09,133.6,BID
812,1712608890.437808,110277273.66623206,130.7,0.0,133.6,BID
813,1712608906.5275333,110277319.57288852,130.5,-3.148506183963383e-09,133.6,ASK
1013,1712608906.5275333,110277319.57288852,130.5,-3.1485061839633832e-09,133.6,ASK
814,1712608913.508584,110277358.65949048,130.6,-2.6807530197049187e-09,133.6,ASK
815,1712608920.3108156,110277358.65949048,130.6,-0.0,133.6,ASK
816,1712608942.417379,110277404.56614693,130.7,3.148503787994815e-09,133.6,BID
817,1712608950.3000555,110277404.56614693,130.7,0.0,133.6,BID
818,1712608953.4772058,110283171.56558198,130.6,-3.95528960182637e-07,133.6,ASK
819,1712608971.183426,110283217.47223844,130.5,-3.148502492356302e-09,133.6,ASK
820,1712608974.8772402,110283263.3788949,130.7,3.148502492356302e-09,133.6,BID
821,1712608980.4576406,110283263.3788949,130.7,0.0,133.6,BID
1022,1712609001.4775374,110283309.28555135,130.5,-3.148337272429892e-09,133.6,ASK
822,1712609001.4775374,110283309.28555135,130.5,-3.1483372724298922e-09,133.6,ASK
823,1712609007.761847,110283355.1922078,130.7,3.1483372724298922e-09,133.6,BID
1023,1712609007.761847,110283355.1922078,130.7,3.148337272429892e-09,133.6,BID
824,1712609010.458253,110283355.1922078,130.7,0.0,133.6,BID
825,1712609037.0583744,110283401.09886429,130.5,-3.148334684432357e-09,133.6,ASK
826,1712609040.305466,110283401.09886429,130.5,-0.0,133.6,ASK
827,1712609070.3160272,110283401.09886429,130.5,-0.0,133.6,ASK
828,1712609073.4679775,110283447.00552076,130.7,3.148333389893476e-09,133.6,BID
829,1712609099.618236,110285740.36534429,130.7,1.572813588351062e-07,133.6,BID
830,1712609100.327593,110285740.36534429,130.7,0.0,133.6,BID
831,1712609100.7884357,110285786.27200072,130.5,-3.1487750461761703e-09,133.6,ASK
832,1712609106.9407055,110285832.1786572,130.7,3.1487750461761703e-09,133.6,BID
833,1712609130.3063145,110285832.1786572,130.7,0.0,133.6,BID
834,1712609139.3480785,110285878.08531363,130.5,-3.148772456436643e-09,133.6,ASK
835,1712609160.338387,110285878.08531363,130.5,-0.0,133.6,ASK
836,1712609172.1094897,110285923.9919701,130.7,3.148771162559953e-09,133.6,BID
837,1712609190.2984004,110285923.9919701,130.7,0.0,133.6,BID
838,1712609193.458076,110287454.21385229,130.7,1.0495899557136237e-07,133.6,BID
839,1712609198.178012,110287500.12050876,130.5,-3.148769866701376e-09,133.6,ASK
840,1712609220.4613025,110287500.12050876,130.5,-0.0,133.6,ASK
841,1712609250.4580605,110287500.12050876,130.5,-0.0,133.6,ASK
842,1712609272.308227,110287546.0271652,130.7,3.148725378186733e-09,133.6,BID
843,1712609280.2989535,110287546.0271652,130.7,0.0,133.6,BID
844,1712609301.8385334,110287591.93382166,130.5,-3.1487240823658406e-09,133.6,ASK
845,1712609310.301448,110287591.93382166,130.5,-0.0,133.6,ASK
846,1712609339.278556,110287637.84047812,130.7,3.148722788528905e-09,133.6,BID
847,1712609340.475981,110287637.84047812,130.7,0.0,133.6,BID
848,1712609350.4487052,110290858.94599018,130.5,-2.209344992300141e-07,133.6,ASK
849,1712609350.4561288,110291466.93289705,130.5,-4.1701609060020354e-08,133.6,ASK
850,1712609370.442829,110291466.93289705,130.5,-0.0,133.6,ASK
851,1712609371.5891745,110291512.83955348,130.5,-3.1486135770902046e-09,133.6,ASK
852,1712609400.338996,110291512.83955348,130.5,-0.0,133.6,ASK
853,1712609407.2393117,110291558.74620996,130.7,3.148612283344083e-09,133.6,BID
854,1712609430.306711,110291558.74620996,130.7,0.0,133.6,BID
855,1712609432.2485275,110291604.6528664,130.5,-3.148610987616274e-09,133.6,ASK
856,1712609439.3386974,110291650.55952288,130.7,3.148610987616274e-09,133.6,BID
857,1712609453.788747,110293976.1409182,130.5,-1.595052155566299e-07,133.6,ASK
858,1712609460.448621,110293976.1409182,130.5,-0.0,133.6,ASK
859,1712609467.079041,110294022.04757468,130.5,-3.148542859925016e-09,133.6,ASK
860,1712609473.0686648,110294067.98938172,130.6,3.1509536896394207e-09,133.6,BID
861,1712609490.4684896,110294067.98938172,130.6,0.0,133.6,BID
862,1712609500.4187543,110294113.93118876,130.5,-3.150951097277137e-09,133.6,ASK
863,1712609519.8785424,110297443.66754568,130.6,2.283723063022985e-07,133.6,BID
864,1712609520.3126462,110297443.66754568,130.6,0.0,133.6,BID
865,1712609540.3198955,110297489.60935272,130.6,3.150855827061512e-09,133.6,BID
866,1712609550.2899065,110297489.60935272,130.6,0.0,133.6,BID
867,1712609565.8487222,110297535.55115975,130.5,-3.150854529457316e-09,133.6,ASK
868,1712609567.3784194,110305617.55115975,130.6,5.542926574381574e-07,133.6,BID
869,1712609571.3484986,110305663.4929668,130.6,3.1508545304792923e-09,133.6,BID
870,1712609580.4383912,110305663.4929668,130.6,0.0,133.6,BID
871,1712609596.8287528,110305731.41787715,130.5,-4.6581938586156635e-09,133.6,ASK
872,1712609602.020422,110305777.35968418,130.5,-3.1506238618584112e-09,133.6,ASK
1072,1712609602.020422,110305777.35968418,130.5,-3.150623861858411e-09,133.6,ASK
873,1712609606.6188114,110316501.35968418,130.6,7.354366856163638e-07,133.6,BID
874,1712609610.4503431,110316501.35968418,130.6,0.0,133.6,BID
875,1712609617.1186123,110316539.68280824,130.6,2.6278903244160752e-09,133.6,BID
1075,1712609617.1186123,110316539.68280824,130.6,2.627890324416075e-09,133.6,BID
876,1712609619.6085367,110316578.00593229,130.6,2.627890323394274e-09,133.6,BID
877,1712609640.271367,110316578.00593229,130.6,0.0,133.6,BID
878,1712609670.299129,110316578.00593229,130.6,0.0,133.6,BID
879,1712609674.9690394,110316623.9477393,130.6,3.150315907284035e-09,133.6,BID
880,1712609700.448432,110316623.9477393,130.6,0.0,133.6,BID
881,1712609701.1329288,110316669.88954636,130.5,-3.151028602961057e-09,133.6,ASK
882,1712609730.4685867,110316669.88954636,130.5,-0.0,133.6,ASK
883,1712609735.4891348,110316715.8313534,130.6,3.1510273072295362e-09,133.6,BID
1083,1712609735.4891348,110316715.8313534,130.6,3.151027307229536e-09,133.6,BID
884,1712609760.282858,110316715.8313534,130.6,0.0,133.6,BID
885,1712609764.4485962,110316761.77316044,130.5,-3.151026009484154e-09,133.6,ASK
886,1712609770.908684,110316807.71496747,130.6,3.1510260105061843e-09,133.6,BID
887,1712609790.2999537,110316807.71496747,130.6,0.0,133.6,BID
888,1712609798.8085427,110316853.6567745,130.5,-3.1510234170335476e-09,133.6,ASK
889,1712609820.469243,110316853.6567745,130.5,-0.0,133.6,ASK
890,1712609838.138816,110316899.59858157,130.6,3.15102212232832e-09,133.6,BID
1090,1712609838.138816,110316899.59858157,130.6,3.1510221223283204e-09,133.6,BID
891,1712609844.7787328,110342245.09017757,130.6,1.7383775226644054e-06,133.6,BID
892,1712609844.8389492,110359013.74833114,130.6,1.1501161186414911e-06,133.6,BID
893,1712609844.8437266,110382201.95504756,130.6,1.5904152892049489e-06,133.6,BID
894,1712609844.8810909,110382201.95504856,130.6,6.847598595798915e-17,133.6,BID
895,1712609850.45857,110382201.95504856,130.6,0.0,133.6,BID
896,1712609865.9285831,110382247.89685558,130.6,-3.149178727400039e-09,133.6,ASK
897,1712609880.305974,110382247.89685558,130.6,-0.0,133.6,ASK
898,1712609903.559093,110382293.80351204,130.7,3.14676796253828e-09,133.6,BID
899,1712609910.303904,110382293.80351204,130.7,0.0,133.6,BID
900,1712609931.2286065,110382339.7101685,130.5,-3.146766668327989e-09,133.6,ASK
901,1712609938.4486794,110382385.61682495,130.7,3.146766668327989e-09,133.6,BID
902,1712609940.339035,110382385.61682495,130.7,0.0,133.6,BID
903,1712609952.0387,110383915.83870712,130.7,1.048921360776747e-07,133.6,BID
904,1712609967.2288308,110383961.7453636,130.6,-3.1467640818910263e-09,133.6,ASK
905,1712609970.3409743,110383961.7453636,130.6,-0.0,133.6,ASK
906,1712609973.2885835,110384007.65202004,130.7,3.146719649046634e-09,133.6,BID
907,1712609980.2010686,110385673.65202004,130.7,1.1419770768966329e-07,133.6,BID
908,1712609996.0186846,110393320.93778802,130.7,5.241911793218741e-07,133.6,BID
909,1712610000.4496973,110393320.93778802,130.7,0.0,133.6,BID
910,1712610000.8124735,110393366.84444448,130.5,-3.146879945506532e-09,133.6,ASK
911,1712610004.5685658,110403286.7912071,130.5,-6.800077360389732e-07,133.6,ASK
912,1712610005.9090831,110403332.69786356,130.7,3.146879945506532e-09,133.6,BID
913,1712610030.3126874,110403332.69786356,130.7,0.0,133.6,BID
914,1712610033.248556,110403378.60452002,130.5,-3.1465981268184396e-09,133.6,ASK
915,1712610038.968718,110403424.51117648,130.7,3.1465981268184396e-09,133.6,BID
916,1712610058.7623246,110407314.92948955,130.5,-2.6666248254077906e-07,133.6,ASK
917,1712610060.4729066,110407314.92948955,130.5,-0.0,133.6,ASK
918,1712610070.9685464,110407360.83614604,130.5,-3.146486044752236e-09,133.6,ASK
919,1712610090.448822,110407360.83614604,130.5,-0.0,133.6,ASK
920,1712610103.897036,110407406.74280249,130.7,3.1464847527539034e-09,133.6,BID
921,1712610120.3349872,110407406.74280249,130.7,0.0,133.6,BID
1122,1712610132.5985703,110407452.64945894,130.5,-3.14648345877656e-09,133.6,ASK
922,1712610132.5985703,110407452.64945894,130.5,-3.1464834587765604e-09,133.6,ASK
1123,1712610137.8785338,110407498.5561154,130.7,3.14648345877656e-09,133.6,BID
923,1712610137.8785338,110407498.5561154,130.7,3.1464834587765604e-09,133.6,BID
924,1712610150.302923,110407498.5561154,130.7,0.0,133.6,BID
925,1712610164.1986463,110407544.46277186,130.5,-3.146480872805135e-09,133.6,ASK
926,1712610168.7588089,110407590.36942834,130.7,3.146480873826473e-09,133.6,BID
927,1712610180.44823,110407590.36942834,130.7,0.0,133.6,BID
1128,1712610196.34216,110407636.2760848,130.5,-3.14647828683796e-09,133.6,ASK
928,1712610196.34216,110407636.2760848,130.5,-3.1464782868379604e-09,133.6,ASK
929,1712610202.0682414,110407682.18274124,130.7,3.1464782868379604e-09,133.6,BID
1129,1712610202.0682414,110407682.18274124,130.7,3.14647828683796e-09,133.6,BID
930,1712610210.458047,110407682.18274124,130.7,0.0,133.6,BID
931,1712610229.4862568,110407728.08939771,130.5,-3.1464757008750363e-09,133.6,ASK
932,1712610234.4285607,110407773.99605416,130.7,3.1464757008750363e-09,133.6,BID
933,1712610240.2911892,110407773.99605416,130.7,0.0,133.6,BID
934,1712610257.5283382,110409315.2885324,130.6,1.056412232792168e-07,133.6,BID
935,1712610259.0882611,110409361.19518888,130.5,-3.146473114916363e-09,133.6,ASK
936,1712610265.9782434,110409407.10184532,130.7,3.146473114916363e-09,133.6,BID
937,1712610270.2787669,110409407.10184532,130.7,0.0,133.6,BID
938,1712610294.3684714,110409453.00850178,130.5,-3.146427118548902e-09,133.6,ASK
939,1712610300.4481091,110409453.00850178,130.5,-0.0,133.6,ASK
940,1712610324.9680347,110424167.6758976,130.5,-1.0086054033120116e-06,133.6,ASK
941,1712610327.8392687,110430082.88908252,130.5,-4.054536755450174e-07,133.6,ASK
942,1712610327.8486922,110448796.45775512,130.5,-1.2827069733030436e-06,133.6,ASK
943,1712610327.8539772,110450566.7987513,130.5,-1.2134664320993506e-07,133.6,ASK
944,1712610327.8582735,110450961.3025827,130.5,-2.7040957520519312e-08,133.6,ASK
945,1712610328.2830613,110452599.95316896,130.6,1.1232002674621497e-07,133.6,BID
946,1712610330.4780166,110452599.95316896,130.6,0.0,133.6,BID
947,1712610360.2982602,110452599.95316896,130.6,0.0,133.6,BID
948,1712610362.118356,110452645.85982545,130.7,3.1454219616939726e-09,133.6,BID
949,1712610374.058106,110453410.97076651,130.7,5.242369935033528e-08,133.6,BID
950,1712610389.43003,110453456.87742296,130.6,-3.145421960672978e-09,133.6,ASK
951,1712610390.311194,110453456.87742296,130.6,-0.0,133.6,ASK
952,1712610392.2700603,110453850.9105499,130.6,-2.699806597919087e-08,133.6,ASK
953,1712610395.2487233,110453896.81720635,130.7,3.1453978239083582e-09,133.6,BID
954,1712610395.6080627,110463484.50138982,130.6,-6.569217471531057e-07,133.6,ASK
955,1712610420.4448104,110464640.12542678,130.6,7.918018020726519e-08,133.6,BID
956,1712610420.456007,110464640.12542678,130.6,0.0,133.6,BID
957,1712610421.3082304,110464686.03208324,130.6,-3.145115609441823e-09,133.6,ASK
958,1712610428.010614,110464731.93873972,130.7,3.145115610462718e-09,133.6,BID
959,1712610428.3880062,110466731.93873972,130.6,-1.3702220340322838e-07,133.6,ASK
960,1712610428.7280612,110482034.15756144,130.7,1.0483718699551649e-06,133.6,BID
961,1712610430.7223763,110503595.25090498,130.6,-1.4771742588573356e-06,133.6,ASK
962,1712610430.798007,110514526.4236983,130.6,7.489066909616647e-07,133.6,BID
963,1712610439.8282037,110529852.09419638,130.7,1.049978570138914e-06,133.6,BID
964,1712610440.2081425,110584279.88333012,130.7,3.72890779673584e-06,133.6,BID
965,1712610440.2192948,110584357.23604628,130.7,5.299519803925741e-09,133.6,BID
966,1712610440.2266836,110598696.4701594,130.7,9.82396726646678e-07,133.6,BID
967,1712610440.2783816,110611182.39348832,130.7,8.554243630272981e-07,133.6,BID
968,1712610440.287934,110637765.29736608,130.7,1.8212240310917456e-06,133.6,BID
969,1712610440.2980618,110641875.08709805,130.7,2.815662222998883e-07,133.6,BID
970,1712610440.3309937,110650079.28491582,130.7,5.620786310735815e-07,133.6,BID
971,1712610440.344927,110650198.02630594,130.7,8.135103454973899e-09,133.6,BID
972,1712610440.349504,110666433.68682556,130.7,1.1123229890532337e-06,133.6,BID
973,1712610440.3985517,110671973.68704335,130.7,3.795515183483434e-07,133.6,BID
974,1712610440.407729,110672032.75032827,130.7,4.046490719894133e-09,133.6,BID
975,1712610450.4580412,110672032.75032827,130.7,0.0,133.6,BID
976,1712610451.8415887,110672402.1291772,130.8,2.5259388058291768e-08,133.6,BID
977,1712610451.8492382,110677027.93192951,130.8,3.1632820109074106e-07,133.6,BID
978,1712610451.853785,110677066.57871851,130.8,2.642799508916461e-09,133.6,BID
979,1712610451.8580923,110703064.60762829,130.8,1.7778340662801691e-06,133.6,BID
980,1712610451.8651133,110703829.13362215,130.8,5.228090026363744e-08,133.6,BID
981,1712610455.529,110708520.98322216,130.8,3.208447102535859e-07,133.6,BID
982,1712610456.668579,110708566.88987862,130.6,-3.139254056722183e-09,133.6,ASK
983,1712610476.1953225,110716772.53537862,130.8,5.611300824518462e-07,133.6,BID
984,1712610476.2018576,110716811.15264373,130.9,2.6407805631134703e-09,133.6,BID
985,1712610476.209991,110716811.15265527,130.8,7.907380463899188e-16,133.6,BID
986,1712610476.2137926,110716888.38718544,130.9,5.2815611262269405e-09,133.6,BID
987,1712610476.2176075,110722392.13697128,130.9,3.763652196665138e-07,133.6,BID
988,1712610476.221418,110723232.25571598,131.0,5.745019090615719e-08,133.6,BID
989,1712610476.225274,110723270.87298109,130.9,2.6407805631134703e-09,133.6,BID
990,1712610476.229133,110724972.53537862,131.0,1.163654902519404e-07,133.6,BID
991,1712610476.233192,110725716.0298024,131.0,5.084268962442303e-08,133.6,BID
992,1712610476.3178463,110728177.0298024,131.0,1.6829159057788585e-07,133.6,BID
993,1712610476.3578775,110729364.14195156,131.0,8.117878576681841e-08,133.6,BID
994,1712610476.3784814,110732169.05353647,131.0,1.9180944008857305e-07,133.6,BID
995,1712610476.382268,110732858.2874957,131.0,4.71321736199676e-08,133.6,BID
996,1712610476.5193355,110732897.2511063,131.0,2.664464853016158e-09,133.6,BID
997,1712610476.5244906,110733394.6938544,131.0,3.4016835147952254e-08,133.6,BID
998,1712610476.5282989,110735754.9720957,131.0,1.6140389249628016e-07,133.6,BID
999,1712610476.628103,110736415.48692666,131.0,4.516826148023107e-08,133.6,BID
1000,1712610476.6359262,110744771.1144819,131.0,5.713863679590066e-07,133.6,BID
1201,1712610476.989424,110748555.2568681,131.0,2.5877258884456125e-07,133.6,BID
1202,1712610478.8681345,110758451.5793681,131.0,6.767443536764009e-07,133.6,BID
1203,1712610480.3018932,110758451.5793681,131.0,0.0,133.6,BID
1204,1712610485.0780969,110758693.11662877,131.0,1.6504377074540082e-08,133.6,BID
1205,1712610485.0795116,110759978.29692537,131.0,8.781709358892634e-08,133.6,BID
1206,1712610492.1483955,110760132.617913,131.0,1.0544840012199355e-08,133.6,BID
1207,1712610492.1511312,110763952.59487736,131.0,2.6102117770850545e-07,133.6,BID
1208,1712610493.9882584,110763998.36146772,131.1,3.1272569007335074e-09,133.6,BID
1209,1712610499.6477652,110837845.53445964,131.0,-5.046018927511263e-06,133.6,ASK
1210,1712610499.7310076,110839979.50640623,131.0,1.4581550514449465e-07,133.6,BID
1211,1712610499.737964,110840742.86518486,131.0,5.21607353317332e-08,133.6,BID
1212,1712610505.5984163,110843032.94152074,131.0,-1.564822059951996e-07,133.6,ASK
1213,1712610510.328195,110843032.94152074,131.0,-0.0,133.6,ASK
1214,1712610518.6592784,110843078.70811112,131.1,3.124891002693277e-09,133.6,BID
1215,1712610521.0834298,110843736.13270044,131.0,-4.488820702533185e-08,133.6,ASK
1216,1712610522.3581,110843781.8992908,131.0,-3.124891001675842e-09,133.6,ASK
1217,1712610526.3582113,110843858.70420632,131.0,-5.244152720050265e-09,133.6,ASK
1218,1712610531.4181118,110855702.15369418,131.0,-8.086573291299292e-07,133.6,ASK
1219,1712610531.881142,110855982.82611084,131.1,1.9163995003930468e-08,133.6,BID
1220,1712610531.8893127,110856137.05952048,131.1,1.0530882681823417e-08,133.6,BID
1221,1712610531.8916106,110861498.71927604,131.1,3.660880609218392e-07,133.6,BID
1222,1712610531.893968,110861537.27762844,131.1,2.632720670455854e-09,133.6,BID
1223,1712610532.5779717,110863326.10678244,131.1,-1.2213923041822574e-07,133.6,ASK
1224,1712610540.458462,110863326.10678244,131.1,-0.0,133.6,ASK
1225,1712610546.4790115,110863364.63574588,131.2,2.6302364637168027e-09,133.6,BID
1226,1712610546.480288,110863403.16470928,131.2,2.6302364637168027e-09,133.6,BID
1227,1712610546.4815004,110863480.22263612,131.2,5.2604729284508555e-09,133.6,BID
1228,1712610546.4875262,110869097.61989656,131.2,3.834799017476781e-07,133.6,BID
1229,1712610546.958796,110870070.61989656,131.2,-6.642327880743229e-08,133.6,ASK
1230,1712610553.428268,110870070.88727026,131.2,-1.825266037301659e-11,133.6,ASK
1231,1712610553.430406,110870307.26347025,131.2,-1.613656961501653e-08,133.6,ASK
1232,1712610561.028103,110870352.96034762,131.3,3.119564672687512e-09,133.6,BID
1233,1712610570.4696848,110870352.96034762,131.3,0.0,133.6,BID
1234,1712610589.5080366,110870352.96034768,131.1,-3.051557126391765e-18,133.6,ASK
1235,1712610589.5178754,110870398.657225,131.1,-3.119368347725602e-09,133.6,ASK
1236,1712610589.858588,110870429.23804766,131.1,-2.0875135403706836e-09,133.6,ASK
1237,1712610589.8614924,110871944.657225,131.1,-1.0344581271140045e-07,133.6,ASK
1238,1712610594.0879378,110873060.657225,131.1,-7.618058997217115e-08,133.6,ASK
1239,1712610594.2678006,110876010.657225,131.1,-2.0137342331353482e-07,133.6,ASK
1240,1712610594.4078984,110880090.162632,131.1,-2.7847592177348536e-07,133.6,ASK
1241,1712610595.027957,110885269.162632,131.1,-3.535298167256938e-07,133.6,ASK
1242,1712610595.177673,110887011.162632,131.1,-1.1891271302107726e-07,133.6,ASK
1243,1712610595.3982408,110887878.162632,131.1,-5.918330780096092e-08,133.6,ASK
1244,1712610595.4978447,110887923.8595094,131.3,3.1193683507771594e-09,133.6,BID
1245,1712610596.0780897,110890428.20243838,131.1,-1.7095190127522246e-07,133.6,ASK
1246,1712610596.4284437,110891055.20243838,131.1,-4.2800385226300456e-08,133.6,ASK
1247,1712610596.7579088,110891815.20243838,131.1,-5.187925481975812e-08,133.6,ASK
1248,1712610597.8732738,110892547.20243838,131.1,-4.9967913852714404e-08,133.6,ASK
1249,1712610599.0280774,110894986.20243838,131.2,-1.6649145066498693e-07,133.6,ASK
1250,1712610599.0317073,110896358.17804812,131.2,-9.365404245353977e-08,133.6,ASK
1251,1712610599.7109866,110899228.64284644,131.1,-1.959441772660881e-07,133.6,ASK
1252,1712610600.3267453,110899228.64284644,131.1,-0.0,133.6,ASK
1253,1712610604.2078395,110904228.64284644,131.1,-3.412292031146677e-07,133.6,ASK
1254,1712610605.847781,110904276.47224475,131.3,3.264157494777821e-09,133.6,BID
1255,1712610622.8080215,110904322.16912214,131.1,-3.118621811333656e-09,133.6,ASK
1256,1712610630.318322,110904322.16912214,131.1,-0.0,133.6,ASK
1257,1712610643.1477854,110905084.94562864,131.1,-5.20539516593244e-08,133.6,ASK
1258,1712610654.2580135,110916928.3951165,131.2,8.082293330756445e-07,133.6,BID
1259,1712610660.4588163,110916928.3951165,131.2,0.0,133.6,BID
1260,1712610661.9992185,110916974.09199388,131.3,3.118127769903925e-09,133.6,BID
1261,1712610662.2279065,110932299.76249196,131.2,-1.0457475762390623e-06,133.6,ASK
1262,1712610662.327557,110936660.97128265,131.2,-2.9758720983265784e-07,133.6,ASK
1263,1712610662.3731005,111006424.32770894,131.2,-4.760304673278486e-06,133.6,ASK
1264,1712610662.4318893,111012047.58037852,131.2,-3.83702810949809e-07,133.6,ASK
1265,1712610688.6278584,111012093.27725592,131.1,-3.118127768887144e-09,133.6,ASK
1266,1712610690.4715044,111012093.27725592,131.1,-0.0,133.6,ASK
1267,1712610720.2928455,111012093.27725592,131.1,-0.0,133.6,ASK
1268,1712610750.2886603,111012093.27725592,131.1,-0.0,133.6,ASK
1269,1712610757.6284244,111012139.00896324,131.2,3.117848117068354e-09,133.6,BID
1270,1712610770.8216014,111012703.7656172,131.2,3.8503383613150816e-08,133.6,BID
1271,1712610780.4779685,111012703.7656172,131.2,0.0,133.6,BID
1272,1712610781.5288785,111020325.71683672,131.2,5.196385152229897e-07,133.6,BID
1273,1712610781.8378386,111020365.35098304,131.2,2.702120278564223e-09,133.6,BID
1274,1712610785.3478885,111020411.08269036,131.1,-3.117831091510643e-09,133.6,ASK
1275,1712610786.7478569,111020804.78347775,131.1,-2.6841170549662533e-08,133.6,ASK
1276,1712610791.7281244,111020850.51518507,131.2,3.117831090494733e-09,133.6,BID
1277,1712610803.8892815,111070504.87893282,131.1,-3.3852643646105684e-06,133.6,ASK
1278,1712610803.8977702,111070850.51518507,131.1,-2.3564295251431424e-08,133.6,ASK
1279,1712610810.4581888,111070850.51518507,131.1,-0.0,133.6,ASK
1280,1712610819.824292,111070896.2468924,131.1,-3.1162113932313402e-09,133.6,ASK
1281,1712610819.9118946,111071267.6554393,131.1,-2.5308207658518668e-08,133.6,ASK
1282,1712610831.3482292,111072030.4319458,131.1,-5.197647276496098e-08,133.6,ASK
1283,1712610840.3220153,111072030.4319458,131.1,-0.0,133.6,ASK
1284,1712610863.2483616,111072076.80875736,131.1,3.160136233469166e-09,133.6,BID
1285,1712610870.2901404,111072076.80875736,131.1,0.0,133.6,BID
1286,1712610879.8886209,111072839.58526383,131.1,5.197590337646847e-08,133.6,BID
1287,1712610887.1488051,111072885.35185423,131.1,3.1185542024256487e-09,133.6,BID
1288,1712610900.3386843,111072885.35185423,131.1,0.0,133.6,BID
1289,1712610911.978958,111110164.79276726,130.8,-2.542129470059201e-06,133.6,ASK
1290,1712610911.9831843,111111306.23746726,130.8,-7.783647338193097e-08,133.6,ASK
1291,1712610913.2684767,111111352.00405765,130.8,-3.120878299581451e-09,133.6,ASK
1292,1712610917.7272086,111112970.69605608,130.8,-1.1038053499183544e-07,133.6,ASK
1293,1712610917.7996633,111114144.40639389,130.8,-8.003670564703538e-08,133.6,ASK
1294,1712610921.258928,111114190.17298426,131.1,3.1208782985653243e-09,133.6,BID
1295,1712610930.3085394,111114190.17298426,131.1,0.0,133.6,BID
1296,1712610931.9763412,111114272.07306616,130.8,-5.582807322981019e-09,133.6,ASK
1297,1712610935.5388813,111152692.95867918,130.8,-2.619001062911336e-06,133.6,ASK
1298,1712610954.6107216,111152738.72526956,130.8,-3.1197289431500582e-09,133.6,ASK
1299,1712610960.4687388,111152738.72526956,130.8,-0.0,133.6,ASK
1300,1712610982.7361448,111174072.5631446,130.8,-1.4537443868478057e-06,133.6,ASK
1301,1712610982.7381904,111176731.00093836,130.7,-1.8115301349341565e-07,133.6,ASK
1302,1712610989.9791489,111176776.80246508,131.0,3.121037703309678e-09,133.6,BID
1303,1712610990.4687212,111176776.80246508,131.0,0.0,133.6,BID
1304,1712610994.0296912,111192090.73814651,130.6,-1.043308745725532e-06,133.6,ASK
1305,1712610994.0331788,111193243.27596256,130.7,-7.852016674501435e-08,133.6,ASK
1306,1712610994.0360112,111200009.97976951,130.6,-4.610024103799732e-07,133.6,ASK
1307,1712611017.5893166,111200055.78129624,130.6,-3.1203692100115727e-09,133.6,ASK
1308,1712611020.3155916,111200055.78129624,130.6,-0.0,133.6,ASK
1309,1712611022.332351,111200101.58282296,131.0,3.119723011978813e-09,133.6,BID
1310,1712611040.508854,111200635.93396798,131.0,3.639676847816104e-08,133.6,BID
1311,1712611043.1790018,111200681.73549467,130.6,-3.119723011978813e-09,133.6,ASK
1312,1712611050.3193643,111200681.73549467,130.6,-0.0,133.6,ASK
1313,1712611052.2117655,111200727.57201111,130.9,3.1220888656918557e-09,133.6,BID
1314,1712611079.251438,111200773.40852752,130.7,-3.122088864676884e-09,133.6,ASK
1315,1712611080.4488444,111200773.40852752,130.7,-0.0,133.6,ASK
1316,1712611085.9987395,111200819.21005423,131.0,3.1197030432612243e-09,133.6,BID
1317,1712611110.461472,111200819.21005423,131.0,0.0,133.6,BID
1318,1712611112.7090356,111201048.21768782,130.9,1.559850884352033e-08,133.6,BID
1319,1712611115.8451126,111201094.01921453,130.7,-3.1197017682980773e-09,133.6,ASK
1320,1712611140.2969673,111201094.01921453,130.7,-0.0,133.6,ASK
1321,1712611147.490579,111201163.7542215,130.7,-4.749882968511385e-09,133.6,ASK
1322,1712611170.317242,111201163.7542215,130.7,-0.0,133.6,ASK
1323,1712611184.58887,111201209.59073792,130.9,3.1220754538030194e-09,133.6,BID
1324,1712611200.323869,111201209.59073792,130.9,0.0,133.6,BID
1325,1712611203.8392446,111201271.4925601,130.9,4.2177512937911975e-09,133.6,BID
1326,1712611213.429111,111206639.83970816,130.9,3.6577845904944746e-07,133.6,BID
1327,1712611214.7090445,111206685.67622456,130.7,-3.1231233531980222e-09,133.6,ASK
1328,1712611225.9892082,111207052.54094228,130.8,-2.4996746190554587e-08,133.6,ASK
1329,1712611230.2954965,111207052.54094228,130.8,-0.0,133.6,ASK
1330,1712611232.7994096,111207114.59526516,130.7,-4.227921784117124e-09,133.6,ASK
1331,1712611232.8043995,111211333.38916928,130.7,-2.8743735851774495e-07,133.6,ASK
1332,1712611251.539394,111211379.26072893,130.8,3.1253481995466203e-09,133.6,BID
1333,1712611260.4732275,111211379.26072893,130.8,0.0,133.6,BID
1334,1712611272.5283651,111212143.80965856,130.8,5.2088692382501264e-08,133.6,BID
1335,1712611276.0489273,111217089.47556072,130.8,3.369480484618976e-07,133.6,BID
1336,1712611278.922071,111217089.47556134,130.7,-4.2639055266620304e-17,133.6,ASK
1337,1712611278.9265962,111217135.34712034,130.5,-3.125227743607086e-09,133.6,ASK
1338,1712611286.1029286,111217181.21867996,130.8,3.125227785230926e-09,133.6,BID
1339,1712611290.478181,111217181.21867996,130.8,0.0,133.6,BID
1340,1712611313.2591977,111217227.0902396,130.5,-3.1250662121111677e-09,133.6,ASK
1341,1712611318.561993,111217272.96179923,130.8,3.1250662121111677e-09,133.6,BID
1342,1712611320.3093648,111217272.96179923,130.8,0.0,133.6,BID
1343,1712611324.0820203,111227791.6825002,130.5,-7.166024455375201e-07,133.6,ASK
1344,1712611350.3108768,111227791.6825002,130.5,-0.0,133.6,ASK
1345,1712611378.1393793,111227837.55405983,130.5,-3.124771442186438e-09,133.6,ASK
1346,1712611380.449029,111227837.55405983,130.5,-0.0,133.6,ASK
1347,1712611385.399603,111227883.42561948,130.8,3.124770167959306e-09,133.6,BID
1348,1712611410.469156,111227883.42561948,130.8,0.0,133.6,BID
1349,1712611415.4598064,111227929.2971791,130.5,-3.1247688897888923e-09,133.6,ASK
1350,1712611424.939955,111228009.78240132,130.8,5.482650264478743e-09,133.6,BID
1351,1712611424.9446063,111228311.32963537,130.9,2.0541386068014647e-08,133.6,BID
1352,1712611432.3299165,111229843.89668515,130.5,-1.0439840891428729e-07,133.6,ASK
1353,1712611432.3343651,111230818.46232066,130.5,-6.638737387846965e-08,133.6,ASK
1354,1712611432.3378575,111231992.1782592,130.5,-7.995348491710173e-08,133.6,ASK
1355,1712611440.2995195,111231992.1782592,130.5,-0.0,133.6,ASK
1356,1712611449.3298476,111233405.07357197,130.5,-9.62428584998686e-08,133.6,ASK
1357,1712611453.7792394,111233450.91008838,130.9,3.122267674830712e-09,133.6,BID
1358,1712611470.3125365,111233450.91008838,130.9,0.0,133.6,BID
1359,1712611479.9094436,111233491.96328838,131.0,2.7964039833661275e-09,133.6,BID
1360,1712611479.9193225,111234214.8520288,131.0,4.9240715775651366e-08,133.6,BID
1361,1712611481.9605768,111234260.6885452,130.5,-3.122227185561348e-09,133.6,ASK
1362,1712611491.1697316,111234310.6885452,130.5,-3.405829488230384e-09,133.6,ASK
1363,1712611500.449552,111234310.6885452,130.5,-0.0,133.6,ASK
1364,1712611518.7094488,111234356.49007192,131.0,3.119969658381665e-09,133.6,BID
1365,1712611530.4790847,111234356.49007192,131.0,0.0,133.6,BID
1366,1712611530.848488,111234394.67327802,131.0,2.6010136418145716e-09,133.6,BID
1367,1712611531.5400977,111237087.7998048,131.0,1.834539199679279e-07,133.6,BID
1368,1712611531.545659,111238211.46717112,131.0,7.654344533837506e-08,133.6,BID
1369,1712611548.0096188,111238257.26869784,130.5,-3.1199683832005886e-09,133.6,ASK
1370,1712611552.8293824,111238303.07022455,131.0,3.1199683832005886e-09,133.6,BID
1371,1712611560.313614,111238303.07022455,131.0,0.0,133.6,BID
1372,1712611578.9796598,111238348.87175126,130.5,-3.119858513453967e-09,133.6,ASK
1373,1712611584.09955,111238394.70826767,130.9,3.122241904726895e-09,133.6,BID
1374,1712611590.3023713,111238394.70826767,130.9,0.0,133.6,BID
1375,1712611611.4900715,111238440.54478411,130.7,-3.122239357469767e-09,133.6,ASK
1376,1712611616.009396,111238486.38130052,130.9,3.1222393564547467e-09,133.6,BID
1377,1712611620.4654047,111238486.38130052,130.9,0.0,133.6,BID
1378,1712611642.999535,111238532.21781696,130.7,-3.122236807296006e-09,133.6,ASK
1379,1712611649.222002,111238578.05433336,130.9,3.122236807296006e-09,133.6,BID
1380,1712611650.459216,111238578.05433336,130.9,0.0,133.6,BID
1381,1712611679.590731,111238623.89084978,130.7,-3.122234256111394e-09,133.6,ASK
1382,1712611680.3127365,111238623.89084978,130.7,-0.0,133.6,ASK
1383,1712611710.3098924,111238623.89084978,130.7,-0.0,133.6,ASK
1384,1712611714.1695275,111238669.7273662,130.9,3.122232983018012e-09,133.6,BID
1385,1712611737.6396394,111238822.63256498,130.7,-1.0415400036970648e-08,133.6,ASK
1386,1712611740.479481,111238822.63256498,130.7,-0.0,133.6,ASK
1387,1712611740.7890756,111238868.4690814,130.7,-3.122227456697012e-09,133.6,ASK
1388,1712611746.0496118,111238914.30559784,130.9,3.122227456697012e-09,133.6,BID
1389,1712611770.4693947,111238914.30559784,130.9,0.0,133.6,BID
1390,1712611775.7800262,111238960.14211424,130.7,-3.122224905527677e-09,133.6,ASK
1391,1712611798.239608,111239724.08405463,130.7,-5.2037081775373206e-08,133.6,ASK
1392,1712611800.5692706,111239724.08405463,130.7,-0.0,133.6,ASK
1393,1712611808.1427193,111251406.27862018,130.7,-7.960027556705406e-07,133.6,ASK
1394,1712611811.4492984,111251452.1151366,130.9,3.1232139800420398e-09,133.6,BID
1395,1712611814.1815338,111251987.69213662,130.9,3.6493209001766936e-08,133.6,BID
1396,1712611830.4594436,111251987.69213662,130.9,0.0,133.6,BID
1397,1712611839.6093285,111252033.52865304,130.7,-3.122872888388413e-09,133.6,ASK
1398,1712611844.5094354,111252079.36516944,130.9,3.1228728894036394e-09,133.6,BID
1399,1712611857.4100504,111256185.8519384,130.7,-2.797777231264054e-07,133.6,ASK
1400,1712611857.4146545,111266265.11936776,130.7,-6.867073123164937e-07,133.6,ASK
1401,1712611860.3298132,111266265.11936776,130.7,-0.0,133.6,ASK
1402,1712611868.79005,111266310.95588416,130.7,-3.1224759086276262e-09,133.6,ASK
1403,1712611876.517289,111266356.79240058,130.9,3.122475907612528e-09,133.6,BID
1404,1712611890.303857,111266356.79240058,130.9,0.0,133.6,BID
1405,1712611903.6823337,111266402.628917,130.7,-3.122473358067433e-09,133.6,ASK
1406,1712611908.492429,111266448.46543343,130.9,3.122473358067433e-09,133.6,BID
1407,1712611918.6819985,111277598.46543343,130.9,7.595598587734865e-07,133.6,BID
1408,1712611918.6892383,111289447.72059004,130.9,8.071944908799707e-07,133.6,BID
1409,1712611920.47912,111289447.72059004,130.9,0.0,133.6,BID
1410,1712611936.0395195,111289493.55710644,130.7,-3.121830557598293e-09,133.6,ASK
1411,1712611950.470184,111289493.55710644,130.7,-0.0,133.6,ASK
1412,1712611973.8000588,111293252.07761917,130.8,-2.5598497258457145e-07,133.6,ASK
1413,1712611975.286892,111300055.07761917,130.8,-4.633381040761929e-07,133.6,ASK
1414,1712611975.370258,111323334.89331816,130.8,-1.5855395662525476e-06,133.6,ASK
1415,1712611975.3816514,111323334.89331909,130.8,-6.190810265200025e-17,133.6,ASK
1416,1712611975.4995184,111323380.7648787,130.8,3.124216003558494e-09,133.6,BID
1417,1712611980.315538,111323380.7648787,130.8,0.0,133.6,BID
1418,1712612001.5894742,111323426.63643833,130.7,-3.123273134229322e-09,133.6,ASK
1419,1712612007.4694705,111323472.47295476,130.9,3.12088713580144e-09,133.6,BID
1420,1712612010.3260114,111323472.47295476,130.9,0.0,133.6,BID
1421,1712612038.1994374,111323518.30947118,130.8,-3.120884586862881e-09,133.6,ASK
1422,1712612039.673165,111329710.30947118,130.8,-4.215965537753943e-07,133.6,ASK
1423,1712612039.7091124,111338945.70565218,130.8,-6.2881317872432e-07,133.6,ASK
1424,1712612039.7492106,111340913.14099991,130.8,-1.3395735826673524e-07,133.6,ASK
1425,1712612040.469201,111340913.14099991,130.8,-0.0,133.6,ASK
1426,1712612070.462891,111340913.14099991,130.8,-0.0,133.6,ASK
1427,1712612072.0195267,111340958.97751635,130.9,3.120399915653821e-09,133.6,BID
1428,1712612100.313108,111340958.97751635,130.9,0.0,133.6,BID
1429,1712612103.69983,111341004.81403276,130.7,-3.12293785641909e-09,133.6,ASK
1430,1712612130.329468,111341004.81403276,130.7,-0.0,133.6,ASK
1431,1712612138.3490088,111341050.6505492,130.9,3.1229365827516275e-09,133.6,BID
1432,1712612160.439237,111341050.6505492,130.9,0.0,133.6,BID
1433,1712612164.0194309,111341096.4870656,130.7,-3.122935306119412e-09,133.6,ASK
1434,1712612169.8291128,111341142.32358202,130.9,3.122935305104166e-09,133.6,BID
1435,1712612171.0168698,111341719.24045049,130.7,-3.930652234709785e-08,133.6,ASK
1436,1712612190.460204,111341719.24045049,130.7,-0.0,133.6,ASK
1437,1712612202.819517,111342484.35139155,130.7,-5.212825777865543e-08,133.6,ASK
1438,1712612203.0396347,111342530.18790798,130.7,-3.122916711266652e-09,133.6,ASK
1439,1712612220.146499,111352055.3542073,130.7,-6.489651337799545e-07,133.6,ASK
1440,1712612220.1496332,111360546.80217975,130.7,-5.785362161932059e-07,133.6,ASK
1441,1712612220.1523614,111364560.69659445,130.7,-2.73473180828767e-07,133.6,ASK
1442,1712612220.2195594,111373895.05007584,130.7,6.359647449138096e-07,133.6,BID
1443,1712612220.2987795,111373895.05007584,130.7,0.0,133.6,BID
1444,1712612227.9292028,111374062.91284634,130.6,1.1433488744901325e-08,133.6,BID
1445,1712612230.275668,111385960.37220415,130.7,8.103611495106946e-07,133.6,BID
1446,1712612240.3301125,111386006.2087206,130.9,3.122022191679177e-09,133.6,BID
1447,1712612242.2492929,111386390.23329815,130.5,-2.6156727142382744e-08,133.6,ASK
1448,1712612250.308064,111386390.23329815,130.5,-0.0,133.6,ASK
1449,1712612258.261045,111387390.23329815,130.5,-6.810454224440591e-08,133.6,ASK
1450,1712612258.2635856,111388390.23329815,130.5,-6.810454224440591e-08,133.6,ASK
1451,1712612258.265994,111424704.40954338,130.5,-2.4731603501638948e-06,133.6,ASK
1452,1712612266.6198282,111424750.2460598,130.5,-3.1216749692037403e-09,133.6,ASK
1453,1712612280.4592,111424750.2460598,130.5,-0.0,133.6,ASK
1454,1712612306.5045607,111424796.08257622,130.9,3.120611057980658e-09,133.6,BID
1455,1712612310.4795291,111424796.08257622,130.9,0.0,133.6,BID
1456,1712612323.3092687,111432441.34251508,130.8,5.204992619246465e-07,133.6,BID
1457,1712612333.7292554,111432487.17903148,130.6,-3.1206097832490475e-09,133.6,ASK
1458,1712612340.234557,111432533.05059113,130.8,3.122995571663531e-09,133.6,BID
1459,1712612340.3097444,111432533.05059113,130.8,0.0,133.6,BID
1460,1712612366.7414627,111432578.92215076,130.6,-3.122780420390048e-09,133.6,ASK
1461,1712612370.3110623,111432578.92215076,130.6,-0.0,133.6,ASK
1462,1712612373.5264373,111433655.37304784,130.8,7.328110142284864e-08,133.6,BID
1463,1712612400.3492827,111433655.37304784,130.8,0.0,133.6,BID
1464,1712612403.9699705,111433701.24460748,130.8,3.123035467495142e-09,133.6,BID
1465,1712612430.314222,111433701.24460748,130.8,0.0,133.6,BID
1466,1712612432.6693425,111433747.11616711,130.5,-3.123034191757413e-09,133.6,ASK
1467,1712612439.2549243,111433792.98772672,130.8,3.1230341907429103e-09,133.6,BID
1468,1712612460.4594233,111433792.98772672,130.8,0.0,133.6,BID
1469,1712612462.9195993,111434613.3314556,130.8,5.5850715431689673e-08,133.6,BID
1470,1712612462.9228697,111437761.25588624,130.8,2.1431727383028929e-07,133.6,BID
1471,1712612468.5992136,111437807.12744586,130.5,-3.123031643211082e-09,133.6,ASK
1472,1712612490.4492166,111437807.12744586,130.5,-0.0,133.6,ASK
1473,1712612500.0191505,111437883.69712426,130.6,-5.212837386367352e-09,133.6,ASK
1474,1712612502.6289003,111442883.69712426,130.5,-3.403982813803085e-07,133.6,ASK
1475,1712612508.2090514,111442929.6389313,130.6,3.12770243242909e-09,133.6,BID
1476,1712612515.8999922,111446306.12944,130.6,2.298703132510325e-07,133.6,BID
1477,1712612515.9989796,111449682.6199487,130.6,2.298703132520468e-07,133.6,BID
1478,1712612516.1024623,111453059.1104574,130.6,2.298703132520468e-07,133.6,BID
1479,1712612517.5215824,111456435.6009661,130.6,2.298703132510325e-07,133.6,BID
1480,1712612518.7891552,111456512.1120602,130.7,5.208848988193293e-09,133.6,BID
1481,1712612520.3091896,111456512.1120602,130.7,0.0,133.6,BID
1482,1712612542.5293732,111457430.24518952,130.7,6.249579628965977e-08,133.6,BID
1483,1712612548.0694244,111459213.77212912,130.7,-1.2140171478037057e-07,133.6,ASK
1484,1712612550.3092165,111459213.77212912,130.7,-0.0,133.6,ASK
1485,1712612558.1196637,111459259.53871952,130.7,-3.115180874621357e-09,133.6,ASK
1486,1712612564.7825608,111459305.48052657,130.7,-3.127107294816425e-09,133.6,ASK
1487,1712612573.8791034,111459351.3520862,130.8,3.122325784153788e-09,133.6,BID
1488,1712612580.468902,111459351.3520862,130.8,0.0,133.6,BID
1489,1712612600.3489184,111459397.22364582,130.7,-3.122321962611456e-09,133.6,ASK
1490,1712612605.7891126,111459443.09520546,130.8,3.122321962611456e-09,133.6,BID
1491,1712612606.8096406,111465567.39177382,130.7,-4.168601598285289e-07,133.6,ASK
1492,1712612610.4651248,111465567.39177382,130.7,-0.0,133.6,ASK
1493,1712612625.8791263,111466443.09520546,130.7,5.96028756019375e-08,133.6,BID
1494,1712612625.8836195,111476443.09520546,130.7,6.806285489892417e-07,133.6,BID
1495,1712612626.0388358,111477868.1607103,130.7,-9.699402667799669e-08,133.6,ASK
1496,1712612634.0990562,111477914.03226994,130.5,-3.1221493074110604e-09,133.6,ASK
1497,1712612638.6188784,111477959.90382956,130.8,3.1221493074110604e-09,133.6,BID
1498,1712612640.3295074,111477959.90382956,130.8,0.0,133.6,BID
1499,1712612640.6301792,111484111.9176121,130.6,-4.186774659169942e-07,133.6,ASK
1500,1712612656.1392035,111488607.7073182,130.6,3.059625527469749e-07,133.6,BID
