,time,acc_trade_volume,trade_price,dev,high,ask_bid
0,1712601588.402143,981159175.485723,65.47,0.0,68.7,ASK
1,1712601600.317969,981159175.485723,65.47,-0.0,68.7,ASK
2,1712601608.3764477,981159267.1307513,65.47,1.404986213032348e-09,68.7,BID
3,1712601610.8265543,981189820.1402228,65.46,-4.6840028206006163e-07,68.7,ASK
4,1712601610.9062474,981190929.3880316,65.46,-1.7005591118907142e-08,68.7,ASK
5,1712601611.0461416,981192221.0811876,65.46,-1.9802613527455242e-08,68.7,ASK
6,1712601618.6369193,981196740.5566616,65.48,6.928690899734188e-08,68.7,BID
7,1712601618.638543,981218491.0811876,65.47,3.3345166316293934e-07,68.7,BID
8,1712601618.796111,981220115.0811876,65.48,2.4897123760498543e-08,68.7,BID
9,1712601630.326078,981220115.0811876,65.48,0.0,68.7,BID
10,1712601638.496351,981220206.7262158,65.46,-1.4049002876689827e-09,68.7,ASK
11,1712601653.7567022,981220283.0773607,65.5,1.1704480612070003e-09,68.7,BID
12,1712601660.4974532,981220283.0773607,65.5,0.0,68.7,BID
13,1712601667.1963124,981234018.0773607,65.5,2.1055481752970306e-07,68.7,BID
14,1712601667.3162165,981284018.0773607,65.5,7.664900528929852e-07,68.7,BID
15,1712601671.5062134,981284530.0773607,65.5,7.848858141624171e-09,68.7,BID
16,1712601671.526157,981288958.0773607,65.5,6.788035908420278e-08,68.7,BID
17,1712601671.527801,981288958.1749182,65.5,1.4955340971613701e-12,68.7,BID
18,1712601674.196411,981289049.6662264,65.58,1.402543553417582e-09,68.7,BID
19,1712601690.487119,981289049.6662264,65.58,0.0,68.7,BID
20,1712601704.0780523,981289141.1575348,65.48,-1.402446718010838e-09,68.7,ASK
21,1712601714.6762886,981365500.3511816,65.48,-1.170490426610302e-06,68.7,ASK
22,1712601720.3257616,981365500.3511816,65.48,-0.0,68.7,ASK
23,1712601740.596027,981368796.7583034,65.48,-5.0525899230743444e-08,68.7,ASK
24,1712601740.597656,981368958.7583034,65.5,-2.483065766150482e-09,68.7,ASK
25,1712601740.605731,981369111.3835032,65.52,-2.339372894804158e-09,68.7,ASK
26,1712601742.9256709,981369202.8748116,65.58,1.402339108754568e-09,68.7,BID
27,1712601750.3159928,981369202.8748116,65.58,0.0,68.7,BID
28,1712601757.2274714,981371188.3048208,65.58,3.0431697318180194e-08,68.7,BID
29,1712601763.9858403,981381856.9564664,65.58,1.6352385940465656e-07,68.7,BID
30,1712601772.67566,981381948.4477746,65.5,-1.4023338972361444e-09,68.7,ASK
31,1712601772.975742,981386896.6151056,65.58,7.584308175252e-08,68.7,BID
32,1712601773.99561,981401656.3593566,65.58,2.262301201633125e-07,68.7,BID
33,1712601780.485844,981401656.3593566,65.58,0.0,68.7,BID
34,1712601791.355807,981402405.984544,65.5,-1.1489512373939732e-08,68.7,ASK
35,1712601794.1056066,981403397.2089684,65.58,1.5192506177622297e-08,68.7,BID
36,1712601800.4878986,981411780.298325,65.58,1.284876902641318e-07,68.7,BID
37,1712601809.685627,981411871.7896332,65.58,1.4022881526069531e-09,68.7,BID
38,1712601810.5159345,981411871.7896332,65.58,0.0,68.7,BID
39,1712601813.47586,981412865.2247478,65.5,-1.522623311576136e-08,68.7,ASK
40,1712601813.477724,981465833.4809972,65.5,-8.118366319218993e-07,68.7,ASK
41,1712601833.74564,981465909.7390028,65.58,1.168795175178172e-09,68.7,BID
42,1712601840.3159204,981465909.7390028,65.58,0.0,68.7,BID
43,1712601847.2355566,981466426.7390028,65.58,7.923552712100989e-09,68.7,BID
44,1712601850.9055998,981470232.4452888,65.58,5.8326333389907655e-08,68.7,BID
45,1712601855.3255584,981475758.0242684,65.58,8.4685137931862e-08,68.7,BID
46,1712601855.3275163,981493018.1990064,65.58,2.645297956615264e-07,68.7,BID
47,1712601855.3450832,981495315.4990064,65.61,3.5208467400534504e-08,68.7,BID
48,1712601855.365129,981499303.3084202,65.61,6.111724970026811e-08,68.7,BID
49,1712601855.6451402,981504828.133682,65.61,8.467358643754715e-08,68.7,BID
50,1712601856.405764,981505357.7178918,65.64,8.11641857040665e-09,68.7,BID
51,1712601856.4080472,981505510.133682,65.61,2.335927560449973e-09,68.7,BID
52,1712601870.326754,981505510.133682,65.61,0.0,68.7,BID
53,1712601871.015319,981505601.6249903,65.62,-1.402141869477352e-09,68.7,ASK
54,1712601879.147284,981505802.8887632,65.72,3.0844499683025804e-09,68.7,BID
55,1712601900.3250637,981505802.8887632,65.72,0.0,68.7,BID
56,1712601900.6006248,981513082.6711736,65.72,1.1157107484996016e-07,68.7,BID
57,1712601901.8454933,981522342.229326,65.72,1.4191342508714681e-07,68.7,BID
58,1712601901.848878,981525223.0406532,65.72,4.4151761426906224e-08,68.7,BID
59,1712601901.9250782,981539492.2801204,65.72,-2.1869257828311826e-07,68.7,ASK
60,1712601903.009958,981539644.440802,65.72,2.3320382176085597e-09,68.7,BID
61,1712601906.645183,981553108.148074,65.72,2.063468668601419e-07,68.7,BID
62,1712601907.8051362,981555509.6670448,65.72,-3.680605239961658e-08,68.7,ASK
63,1712601907.9451497,981555600.9634538,65.72,1.399222931295944e-09,68.7,BID
64,1712601928.7151902,981557600.9634538,65.72,-3.0652310347257715e-08,68.7,ASK
65,1712601929.6452196,981559122.5702704,65.72,2.332038218704772e-08,68.7,BID
66,1712601930.3177156,981559122.5702704,65.72,0.0,68.7,BID
67,1712601935.7274082,981565874.1637812,65.7,-1.0347041289040161e-07,68.7,ASK
68,1712601938.6800294,981565965.4601904,65.62,-1.399147789441247e-09,68.7,ASK
69,1712601941.748582,981572713.6779042,65.7,-1.0341867768335077e-07,68.7,ASK
70,1712601954.4352171,981602944.1168468,65.7,-4.632915169251898e-07,68.7,ASK
71,1712601959.8852148,981606157.2605268,65.7,-4.9242494044427014e-08,68.7,ASK
72,1712601960.486927,981606157.2605268,65.7,-0.0,68.7,ASK
73,1712601975.5850294,981607663.0578464,65.61,-2.307575120947629e-08,68.7,ASK
74,1712601990.506297,981607663.0578464,65.61,-0.0,68.7,ASK
75,1712602004.185136,981607754.340366,65.73,1.398866562075819e-09,68.7,BID
76,1712602007.0560324,981607906.756166,65.61,-2.335708604227219e-09,68.7,ASK
77,1712602007.0576484,981608364.0035368,65.61,-7.007125366934484e-09,68.7,ASK
78,1712602010.6649237,981608455.4530108,65.61,-1.401425072290797e-09,68.7,ASK
79,1712602013.7549784,981608531.618104,65.66,1.1671983020287396e-09,68.7,BID
80,1712602020.5819197,981608531.618104,65.66,0.0,68.7,BID
81,1712602025.4948,981608975.1805325,65.66,6.797403391748396e-09,68.7,BID
82,1712602025.6180923,981640327.9800508,65.66,-4.804681643587754e-07,68.7,ASK
83,1712602039.504613,981640419.26257,65.56,-1.398865338316927e-09,68.7,ASK
84,1712602039.7449117,981642474.1794784,65.56,-3.149071757323321e-08,68.7,ASK
85,1712602049.9454894,981649222.3971922,65.6,-1.0341353332120429e-07,68.7,ASK
86,1712602049.947314,981666620.3837898,65.6,-2.666166598339748e-07,68.7,ASK
87,1712602049.948985,981676729.5344384,65.56,-1.549183846422643e-07,68.7,ASK
88,1712602050.048641,981690792.5111194,65.56,2.155090676129449e-07,68.7,BID
89,1712602050.0671349,981705572.1553078,65.56,2.264916888489004e-07,68.7,BID
90,1712602050.0685554,981707898.6078782,65.56,3.5651884780749426e-08,68.7,BID
91,1712602050.06997,981721267.6294452,65.56,2.048745040384649e-07,68.7,BID
92,1712602050.1676514,981731069.8334184,65.6,1.5021455888907517e-07,68.7,BID
93,1712602050.1701474,981741984.6294452,65.56,1.672645534676439e-07,68.7,BID
94,1712602050.2959304,981741984.6294452,65.56,0.0,68.7,BID
95,1712602064.1991978,981751561.3372502,65.56,1.4673924250333488e-07,68.7,BID
96,1712602064.2972,981758177.7419968,65.56,1.0137995649099141e-07,68.7,BID
97,1712602072.8446102,981758269.2612158,65.56,1.4023045445210338e-09,68.7,BID
98,1712602080.495575,981758269.2612158,65.56,0.0,68.7,BID
99,1712602085.3146014,981760166.1074992,65.56,2.90639788983092e-08,68.7,BID
100,1712602110.494649,981760166.1074992,65.56,0.0,68.7,BID
101,1712602114.5546396,981766733.5358092,65.56,1.006276764660194e-07,68.7,BID
102,1712602128.1845148,981784131.5224068,65.5,-2.6657603005021624e-07,68.7,ASK
103,1712602128.185686,981784376.0072824,65.5,-3.7460545927098225e-09,68.7,ASK
104,1712602135.4142992,981790291.7798016,65.5,9.064285364193289e-08,68.7,BID
105,1712602140.3081589,981790291.7798016,65.5,0.0,68.7,BID
106,1712602140.7550104,981790383.2990206,65.46,-1.4022365290358955e-09,68.7,ASK
107,1712602142.2745728,981797131.5167346,65.5,1.0339464741460349e-07,68.7,BID
108,1712602147.914291,981799434.8167346,65.5,3.52906354655317e-08,68.7,BID
109,1712602155.8083656,981803204.0167346,65.5,5.7750819780800884e-08,68.7,BID
110,1712602155.8106525,981803955.4432576,65.5,1.1513185215138826e-08,68.7,BID
111,1712602157.0858843,981804332.3819208,65.5,5.775367931964112e-09,68.7,BID
112,1712602157.4467218,981807041.8819208,65.5,4.151433890324217e-08,68.7,BID
113,1712602158.164495,981824651.7703946,65.5,2.698146809900616e-07,68.7,BID
114,1712602158.2644043,981827823.1320478,65.5,4.859087745194823e-08,68.7,BID
115,1712602158.274336,981831945.2694525,65.5,6.315844592125008e-08,68.7,BID
116,1712602158.3241346,981833471.9870096,65.5,2.3392017006382146e-08,68.7,BID
117,1712602161.0542505,981835579.3878433,65.5,3.2289113272310185e-08,68.7,BID
118,1712602164.0746338,981842073.8123192,65.5,9.950608550629865e-08,68.7,BID
119,1712602170.316041,981842073.8123192,65.5,0.0,68.7,BID
120,1712602179.06442,981842165.3315384,65.56,1.402163662587251e-09,68.7,BID
121,1712602180.1442947,981845498.7315384,65.56,5.107093790592345e-08,68.7,BID
122,1712602181.3249955,981862148.0394652,65.51,-2.550836297206927e-07,68.7,ASK
123,1712602181.3274872,981864053.9796922,65.5,-2.9200862480927083e-08,68.7,ASK
124,1712602181.464327,981867745.9796922,65.5,5.6565039524214927e-08,68.7,BID
125,1712602181.4749868,981873182.4796922,65.5,8.329248032865505e-08,68.7,BID
126,1712602181.554729,981874693.379683,65.5,2.3148460914564112e-08,68.7,BID
127,1712602181.557297,981877062.925244,65.5,3.630374818977446e-08,68.7,BID
128,1712602182.6543891,981877602.0845028,65.46,-8.260445496420499e-09,68.7,ASK
129,1712602183.4758184,981880043.0845028,65.5,3.7398499858778064e-08,68.7,BID
130,1712602185.724278,981882904.2845027,65.5,4.383637353450188e-08,68.7,BID
131,1712602193.7360387,981882980.6356478,65.5,1.1697739805764615e-09,68.7,BID
132,1712602194.5146403,981883054.890797,65.5,1.1376612816724623e-09,68.7,BID
133,1712602200.338248,981883054.890797,65.5,0.0,68.7,BID
134,1712602203.8642871,981885355.690797,65.56,3.5262482573296545e-08,68.7,BID
135,1712602204.3042526,981887656.4907968,65.56,3.5262482573296545e-08,68.7,BID
136,1712602204.4441354,981895481.290797,65.56,1.19924319214087e-07,68.7,BID
137,1712602204.8341498,981900266.090797,65.56,7.333272193086085e-08,68.7,BID
138,1712602206.674131,981900357.610016,65.5,-1.4026403279803954e-09,68.7,ASK
139,1712602230.326808,981900357.610016,65.5,-0.0,68.7,ASK
140,1712602244.504963,981900449.129235,65.56,1.4026159429113424e-09,68.7,BID
141,1712602258.344245,981900828.9377352,65.52,5.820913497825746e-09,68.7,BID
142,1712602260.36456,981900828.9377352,65.52,0.0,68.7,BID
143,1712602273.6739662,981900920.456954,65.46,-1.4026152789949662e-09,68.7,ASK
144,1712602290.335652,981900920.456954,65.46,-0.0,68.7,ASK
145,1712602313.9340398,981901012.0041008,65.54,1.4030431666162231e-09,68.7,BID
146,1712602315.8240469,981924235.4464896,65.46,-3.559203463051684e-07,68.7,ASK
147,1712602315.8257186,981933979.0273808,65.46,-1.493292263467699e-07,68.7,ASK
148,1712602320.4841185,981933979.0273808,65.46,-0.0,68.7,ASK
149,1712602320.6594656,981934474.1616817,65.4,-7.588131181678593e-09,68.7,ASK
150,1712602320.6641643,981934665.792714,65.4,-2.936822209959916e-09,68.7,ASK
151,1712602320.6663904,981935216.0692134,65.41,-8.433207425910356e-09,68.7,ASK
152,1712602340.243784,981935307.6163602,65.4,-1.402996637228499e-09,68.7,ASK
153,1712602350.525174,981935307.6163602,65.4,-0.0,68.7,ASK
154,1712602350.7037733,981935399.0937196,65.59,1.4019252488962196e-09,68.7,BID
155,1712602373.774111,981935475.351725,65.58,1.168682875902196e-09,68.7,BID
156,1712602376.9436362,981956092.175936,65.58,3.159606555790889e-07,68.7,BID
157,1712602380.303777,981956092.175936,65.58,0.0,68.7,BID
158,1712602390.803995,981958897.4816228,65.58,4.29914762652882e-08,68.7,BID
159,1712602390.8068445,982103430.7201432,65.59,2.214980464541697e-06,68.7,BID
160,1712602403.5541182,982108512.7905807,65.59,7.788303129319622e-08,68.7,BID
161,1712602410.3176494,982108512.7905807,65.59,0.0,68.7,BID
162,1712602411.4233732,982108604.2679404,65.41,-1.4016812169125743e-09,68.7,ASK
163,1712602440.4879756,982108604.2679404,65.41,-0.0,68.7,ASK
164,1712602450.6836596,982108695.815087,65.54,1.402750418436263e-09,68.7,BID
165,1712602469.4834464,982110695.815087,65.56,3.0645420842456675e-08,68.7,BID
166,1712602470.5052707,982110695.815087,65.56,0.0,68.7,BID
167,1712602485.103403,982110787.3622338,65.41,-1.4027474730202203e-09,68.7,ASK
168,1712602500.333563,982110787.3622338,65.41,-0.0,68.7,ASK
169,1712602523.46569,982110878.9513042,65.51,1.403396706686125e-09,68.7,BID
170,1712602530.3060994,982110878.9513042,65.51,0.0,68.7,BID
171,1712602553.7745566,982110955.2907944,65.51,1.1697310451045468e-09,68.7,BID
172,1712602560.4945047,982110955.2907944,65.51,0.0,68.7,BID
173,1712602584.865725,982111046.8798648,65.41,-1.4033964701217483e-09,68.7,ASK
174,1712602590.4854949,982111046.8798648,65.41,-0.0,68.7,ASK
175,1712602620.34683,982111046.8798648,65.41,-0.0,68.7,ASK
176,1712602622.4563775,982111138.482918,65.5,1.403610599467513e-09,68.7,BID
177,1712602641.9066117,982111940.7331142,65.5,1.2292678423403125e-08,68.7,BID
178,1712602642.4666915,982112341.991016,65.5,6.148374128225905e-09,68.7,BID
179,1712602644.676718,982112743.2489176,65.5,6.148374128225905e-09,68.7,BID
180,1712602648.407066,982113144.5163778,65.5,6.148520591618449e-09,68.7,BID
181,1712602650.327125,982113144.5163778,65.5,0.0,68.7,BID
182,1712602653.147065,982113236.1194313,65.43,-1.403607644491583e-09,68.7,ASK
183,1712602680.4901783,982113236.1194313,65.43,-0.0,68.7,ASK
184,1712602684.1576622,982114261.4514812,65.41,-1.5710871169245447e-08,68.7,ASK
185,1712602684.8274488,982115192.5001246,65.41,-1.4266193361356032e-08,68.7,ASK
186,1712602703.8284647,982115220.8276277,65.5,4.3405426525697244e-10,68.7,BID
187,1712602703.8381834,982120275.3800606,65.58,7.744946828365436e-08,68.7,BID
188,1712602710.4914916,982120275.3800606,65.58,0.0,68.7,BID
189,1712602725.9783993,982120366.85742,65.59,1.4016716341127315e-09,68.7,BID
190,1712602733.7690144,982120443.103799,65.59,1.168293306208253e-09,68.7,BID
191,1712602740.298698,982120443.103799,65.59,0.0,68.7,BID
192,1712602762.7193503,982123995.3831098,65.59,5.443017090801722e-08,68.7,BID
193,1712602764.6693125,982124995.3831098,65.59,1.5322604487262175e-08,68.7,BID
194,1712602764.7694645,982253893.4571984,65.59,1.9750542084308546e-06,68.7,BID
195,1712602764.7731423,982261597.617445,65.59,1.1804780036347649e-07,68.7,BID
196,1712602764.8294044,982287049.101319,65.59,-3.899830210146719e-07,68.7,ASK
197,1712602764.8324354,982294668.764373,65.59,-1.1675308330248397e-07,68.7,ASK
198,1712602764.849157,982362639.1160752,65.59,-1.0414828159931217e-06,68.7,ASK
199,1712602764.8697252,982382797.8001198,65.59,-3.088835425990813e-07,68.7,ASK
200,1712602764.8727283,982418192.3415006,65.59,-5.423365585872933e-07,68.7,ASK
201,1712602764.875417,982434150.2127104,65.59,-2.445161490073504e-07,68.7,ASK
202,1712602764.9092858,982468745.355966,65.59,-5.300876972856024e-07,68.7,ASK
203,1712602770.3315868,982468745.355966,65.59,-0.0,68.7,ASK
204,1712602800.4101703,982468745.355966,65.59,-0.0,68.7,ASK
205,1712602807.0905826,982468894.0106412,65.44,-2.2771156604020637e-09,68.7,ASK
206,1712602808.7018194,982469046.4496655,65.6,2.335084917668787e-09,68.7,BID
207,1712602827.730563,982485743.3856412,65.6,2.55766287595148e-07,68.7,BID
208,1712602830.3306513,982485743.3856412,65.6,0.0,68.7,BID
209,1712602830.502439,982565091.8066682,65.6,1.2154508148182492e-06,68.7,BID
210,1712602843.6706934,982575186.6634128,65.6,-1.546319598652538e-07,68.7,ASK
211,1712602843.790612,982575187.5202812,65.6,-1.3125422153284556e-11,68.7,ASK
212,1712602858.4510038,982575278.9976406,65.47,-1.4012406245555143e-09,68.7,ASK
213,1712602860.4909253,982575278.9976406,65.47,-0.0,68.7,ASK
214,1712602890.501294,982575278.9976406,65.47,-0.0,68.7,ASK
215,1712602894.6015203,982575370.363561,65.67,1.3994077090128701e-09,68.7,BID
216,1712602913.7819223,982575446.528654,65.66,1.166583970586443e-09,68.7,BID
217,1712602920.3190289,982575446.528654,65.66,0.0,68.7,BID
218,1712602922.0719502,982576756.3062963,65.66,2.006122865581335e-08,68.7,BID
219,1712602925.4919684,982576847.6722168,65.48,-1.399407475042769e-09,68.7,ASK
220,1712602950.344287,982576847.6722168,65.48,-0.0,68.7,ASK
221,1712602967.4526174,982576938.9964178,65.7,1.398766504364773e-09,68.7,BID
222,1712602980.5118024,982576938.9964178,65.7,0.0,68.7,BID
223,1712602981.7128856,982577091.4354422,65.5,-2.334831071425831e-09,68.7,ASK
224,1712602998.0332308,982729763.1911674,65.5,-2.33839569812307e-06,68.7,ASK
225,1712602998.0370338,982729915.8629674,65.5,-2.338396376524366e-09,68.7,ASK
226,1712602998.1327877,982782553.1413126,65.5,8.062184433444186e-07,68.7,BID
227,1712602998.1826754,982792904.1281494,65.5,1.5854080524269574e-07,68.7,BID
228,1712602998.3633168,982800170.24376,65.5,1.1129140033261788e-07,68.7,BID
229,1712602999.6827722,982800261.5679609,65.47,-1.398766375819599e-09,68.7,ASK
230,1712603003.9839816,982805350.621396,65.5,7.794644532385083e-08,68.7,BID
231,1712603010.5130107,982805350.621396,65.5,0.0,68.7,BID
232,1712603016.6338704,982846172.2152406,65.5,6.251003669366501e-07,68.7,BID
233,1712603016.6380806,982849225.6503552,65.5,4.6757199578160735e-08,68.7,BID
234,1712603037.6237023,982849317.1556166,65.57,1.4012185017376463e-09,68.7,BID
235,1712603040.326523,982849317.1556166,65.57,0.0,68.7,BID
236,1712603041.5988152,982897993.2853516,65.5,-7.453438718285326e-07,68.7,ASK
237,1712603070.3764462,982897993.2853516,65.5,-0.0,68.7,ASK
238,1712603093.7844458,982898069.5084882,65.61,1.167095138077452e-09,68.7,BID
239,1712603100.483919,982898069.5084882,65.61,0.0,68.7,BID
240,1712603130.4967017,982898069.5084882,65.61,0.0,68.7,BID
241,1712603135.9248922,982898161.0137496,65.5,-1.401094748531071e-09,68.7,ASK
242,1712603160.3275888,982898161.0137496,65.5,-0.0,68.7,ASK
243,1712603190.3164473,982898161.0137496,65.5,-0.0,68.7,ASK
244,1712603211.415509,982898252.4075046,65.65,1.3993872707164134e-09,68.7,BID
245,1712603220.4955404,982898252.4075046,65.65,0.0,68.7,BID
246,1712603239.5552862,982898343.8012592,65.5,-1.3993871403297443e-09,68.7,ASK
247,1712603250.5155933,982898343.8012592,65.5,-0.0,68.7,ASK
248,1712603273.7856555,982898419.977954,65.65,1.166389075654434e-09,68.7,BID
249,1712603278.5259297,982898959.4143592,65.65,8.2596486111336e-09,68.7,BID
250,1712603280.3204849,982898959.4143592,65.65,0.0,68.7,BID
251,1712603303.61622,982899112.086159,65.65,2.3376520893552364e-09,68.7,BID
252,1712603303.6201377,982899473.3105112,65.65,5.530928844124989e-09,68.7,BID
253,1712603303.6237044,982904031.9793732,65.72,6.980059052822945e-08,68.7,BID
254,1712603310.311292,982904031.9793732,65.72,0.0,68.7,BID
255,1712603312.8612225,982904123.2757822,65.72,1.3978884912565003e-09,68.7,BID
256,1712603319.9358566,982965154.7069691,65.54,-9.344851148646328e-07,68.7,ASK
257,1712603324.9961884,982968220.3108932,65.54,-4.6939112836844375e-08,68.7,ASK
258,1712603340.509157,982968220.3108932,65.54,-0.0,68.7,ASK
259,1712603342.216467,982968311.6073022,65.54,-1.397798451064344e-09,68.7,ASK
260,1712603349.2960997,982968623.7264686,65.71,4.778716847702094e-09,68.7,BID
261,1712603364.396211,982973043.182333,65.71,6.766431053357525e-08,68.7,BID
262,1712603364.431564,983017695.1274596,65.71,-6.836459450349164e-07,68.7,ASK
263,1712603367.3462107,983019273.7780976,65.71,2.4170013295166267e-08,68.7,BID
264,1712603370.505972,983019273.7780976,65.71,0.0,68.7,BID
265,1712603379.4866705,983019365.0884006,65.71,1.397939373733218e-09,68.7,BID
266,1712603400.3563952,983019365.0884006,65.71,0.0,68.7,BID
267,1712603403.911486,983019489.9673958,65.71,1.9120364416579597e-09,68.7,BID
268,1712603405.5165343,983019743.867202,65.71,3.887488693938173e-09,68.7,BID
269,1712603412.3367455,983019835.1775048,65.58,-1.3980623907410927e-09,68.7,ASK
270,1712603413.546997,983027436.7602168,65.71,1.1638869401961352e-07,68.7,BID
271,1712603427.8384323,983027893.7289904,65.71,6.996700660484485e-09,68.7,BID
272,1712603427.851578,983036706.3210362,65.71,1.349305951148872e-07,68.7,BID
273,1712603427.9967215,983041606.3210362,65.71,-7.502445507837284e-08,68.7,ASK
274,1712603428.096624,983045238.6947387,65.71,-5.5615685239394224e-08,68.7,ASK
275,1712603430.3466723,983045238.6947387,65.71,-0.0,68.7,ASK
276,1712603445.3170764,983045330.0189396,65.7,1.398238787159101e-09,68.7,BID
277,1712603453.8067088,983045406.1376612,65.7,1.165432030033428e-09,68.7,BID
278,1712603460.4798412,983045406.1376612,65.7,0.0,68.7,BID
279,1712603466.8276796,983046801.044854,65.71,2.1357022504423728e-08,68.7,BID
280,1712603466.8316178,983068669.1466812,65.7,3.3481621229769185e-07,68.7,BID
281,1712603466.835051,983158308.5818542,65.72,1.3724435890493717e-06,68.7,BID
282,1712603466.838109,983206797.6045152,65.7,7.424014683002589e-07,68.7,BID
283,1712603466.8413148,983222027.5771012,65.7,2.3318172628738786e-07,68.7,BID
284,1712603469.6651037,983222118.901302,65.6,-1.3982385516493461e-09,68.7,ASK
285,1712603477.7669752,983222210.197711,65.72,1.397813038515744e-09,68.7,BID
286,1712603490.5067828,983222210.197711,65.72,0.0,68.7,BID
287,1712603501.477132,983245788.7066152,65.61,-3.609395597988854e-07,68.7,ASK
288,1712603508.0070915,983245880.0030245,65.61,-1.3975644436763395e-09,68.7,ASK
289,1712603520.3277032,983245880.0030245,65.61,-0.0,68.7,ASK
290,1712603541.0673573,983245971.3133272,65.71,1.3977439019902455e-09,68.7,BID
291,1712603550.353713,983245971.3133272,65.71,0.0,68.7,BID
292,1712603563.9694629,983247255.1183124,65.61,-1.965200386451944e-08,68.7,ASK
293,1712603580.350674,983247255.1183124,65.61,-0.0,68.7,ASK
294,1712603588.417504,983250077.6745858,65.61,-4.3206574141008137e-08,68.7,ASK
295,1712603607.797459,983250168.9848888,65.61,-1.3977419714096846e-09,68.7,ASK
296,1712603610.3173225,983250168.9848888,65.61,-0.0,68.7,ASK
297,1712603616.7379186,983265769.5015818,65.61,-2.388058352981848e-07,68.7,ASK
298,1712603633.8015475,983265845.6087192,65.71,1.1650145239692146e-09,68.7,BID
299,1712603640.5075653,983265845.6087192,65.71,0.0,68.7,BID
300,1712603670.5079176,983265845.6087192,65.71,0.0,68.7,BID
301,1712603674.4183252,983265936.919022,65.71,1.39771587446201e-09,68.7,BID
302,1712603700.3711565,983265936.919022,65.71,0.0,68.7,BID
303,1712603704.277877,983266028.2293248,65.61,-1.3977346058881587e-09,68.7,ASK
304,1712603730.310805,983266028.2293248,65.61,-0.0,68.7,ASK
305,1712603744.058072,983266119.5396276,65.71,1.3977344758836056e-09,68.7,BID
306,1712603760.4903822,983266119.5396276,65.71,0.0,68.7,BID
307,1712603766.1362932,983272428.4360776,65.71,9.65735628842626e-08,68.7,BID
308,1712603766.1380255,983272581.0612776,65.71,2.336313405972673e-09,68.7,BID
309,1712603766.139489,983282655.1396276,65.71,1.5420916268535305e-07,68.7,BID
310,1712603774.1682322,983282655.1930796,65.71,8.182141742870937e-13,68.7,BID
311,1712603774.17142,983296672.5716896,65.72,2.145713129701373e-07,68.7,BID
312,1712603774.1781125,983301594.9202362,65.72,7.534895217727819e-08,68.7,BID
313,1712603774.338395,983305246.7765964,65.72,5.5900866760130446e-08,68.7,BID
314,1712603774.8282194,983307293.9545949,65.72,3.1337219547039287e-08,68.7,BID
315,1712603775.3483152,983308769.4856188,65.72,2.258672166523979e-08,68.7,BID
316,1712603784.2984276,983312220.606608,65.72,5.282810591538258e-08,68.7,BID
317,1712603784.3019092,983314177.6154408,65.72,2.995695317964278e-08,68.7,BID
318,1712603784.318434,983317385.5564858,65.72,4.910562389094922e-08,68.7,BID
319,1712603784.32598,983331435.0104544,65.73,2.1506230718388466e-07,68.7,BID
320,1712603790.3190112,983334933.4104544,65.75,5.355183035239488e-08,68.7,BID
321,1712603790.5182185,983334933.4104544,65.75,0.0,68.7,BID
322,1712603796.45836,983337052.707836,65.75,3.2438942789919016e-08,68.7,BID
323,1712603797.0474458,983340056.8652754,65.75,4.5983018790152674e-08,68.7,BID
324,1712603797.0494287,983343066.574409,65.75,4.6067995580410243e-08,68.7,BID
325,1712603797.058376,983347999.2291844,65.75,7.550148811830536e-08,68.7,BID
326,1712603797.120252,983350739.8360224,65.75,4.194899177599615e-08,68.7,BID
327,1712603797.179142,983352707.7078476,65.75,3.0121153414508134e-08,68.7,BID
328,1712603798.148303,983369790.0200684,65.75,2.6146974639679005e-07,68.7,BID
329,1712603798.4086516,983371583.1899674,65.75,2.7447085187914085e-08,68.7,BID
330,1712603798.4128015,983374151.39738,65.75,3.9310166692503134e-08,68.7,BID
331,1712603798.5081413,983376471.8899364,65.75,3.551852889544601e-08,68.7,BID
332,1712603800.8383331,983380039.407401,65.75,5.460606706221078e-08,68.7,BID
333,1712603808.938563,983380800.6741488,65.76,1.1652299814734382e-08,68.7,BID
334,1712603808.9422178,983397170.1288396,65.76,2.505584203849228e-07,68.7,BID
335,1712603813.8388543,983397246.1665468,65.77,1.163868202591633e-09,68.7,BID
336,1712603816.5285904,983398186.49641,65.77,1.4393122414591146e-08,68.7,BID
337,1712603818.2582011,983398277.806713,65.76,-1.3976375927192543e-09,68.7,ASK
338,1712603820.328792,983398277.806713,65.76,-0.0,68.7,ASK
339,1712603820.7381456,983403214.5067128,65.77,7.555858912344965e-08,68.7,BID
340,1712603821.5684347,983424202.0690012,65.77,3.212248254212832e-07,68.7,BID
341,1712603821.648312,983427698.0690012,65.77,5.350797649835056e-08,68.7,BID
342,1712603821.849528,983430882.6690012,65.77,4.874184838613355e-08,68.7,BID
343,1712603822.4882245,983442484.9384028,65.77,1.7757836340551625e-07,68.7,BID
344,1712603824.241076,983454570.6356958,65.77,1.8497746187892165e-07,68.7,BID
345,1712603825.918435,983466505.2617728,65.77,1.8266524360632448e-07,68.7,BID
346,1712603826.0183704,983480826.8130652,65.77,2.1919829232685961e-07,68.7,BID
347,1712603826.0383945,983492761.4391423,65.77,1.8266524360632448e-07,68.7,BID
348,1712603833.4126506,983495975.1391424,65.8,4.918723800780911e-08,68.7,BID
349,1712603833.591421,983500964.7391424,65.8,7.636824929560804e-08,68.7,BID
350,1712603834.6486862,983505641.9391423,65.8,7.158681569629808e-08,68.7,BID
351,1712603835.8784924,983533641.9391423,65.8,4.285535875153937e-07,68.7,BID
352,1712603840.8139937,983537865.2991424,65.77,6.464057426339795e-08,68.7,BID
353,1712603846.9583087,983540799.6991425,65.77,4.4912415971248326e-08,68.7,BID
354,1712603847.1389277,983541263.890362,65.77,7.1046718728257274e-09,68.7,BID
355,1712603850.32911,983650743.9375724,65.8,1.675645249764111e-06,68.7,BID
356,1712603850.3511343,983650743.9375724,65.8,0.0,68.7,BID
357,1712603868.848312,983809012.6755438,65.8,2.4217641959703847e-06,68.7,BID
358,1712603879.7288058,983809103.860954,65.8,1.395282255963927e-09,68.7,BID
359,1712603880.5206954,983809103.860954,65.8,0.0,68.7,BID
360,1712603890.9091876,983809182.9243568,65.77,-1.209603337827775e-09,68.7,ASK
361,1712603890.9144173,983831222.6468288,65.77,-3.371891536672582e-07,68.7,ASK
362,1712603892.1286502,983887555.6863424,65.8,8.618479629862219e-07,68.7,BID
363,1712603897.0925708,983890790.2853848,65.8,4.948663554719116e-08,68.7,BID
364,1712603897.097221,983892220.4899576,65.8,2.1880922960292162e-08,68.7,BID
365,1712603903.3094318,983892980.9462312,65.84,1.1634339209539504e-08,68.7,BID
366,1712603903.314921,983895441.949446,65.83,3.765127225552426e-08,68.7,BID
367,1712603903.3194988,983897283.6371328,65.84,2.8176267338459453e-08,68.7,BID
368,1712603910.5144885,983897283.6371328,65.84,0.0,68.7,BID
369,1712603940.308602,983897283.6371328,65.84,0.0,68.7,BID
370,1712603940.799042,983897363.4603286,65.83,1.2211191396361703e-09,68.7,BID
371,1712603940.8027973,983899254.0302476,65.84,2.8921557108474672e-08,68.7,BID
372,1712603948.729407,983899307.8078868,65.86,8.226794715343722e-10,68.7,BID
373,1712603948.733275,983899535.5485488,65.86,3.483930689459886e-09,68.7,BID
374,1712603948.737056,983900772.5903814,65.85,1.8924016324503725e-08,68.7,BID
375,1712603964.8792686,983902291.1932667,65.86,2.3231280490093053e-08,68.7,BID
376,1712603964.884363,983903908.4687032,65.86,2.4740753263968293e-08,68.7,BID
377,1712603970.3186867,983903908.4687032,65.86,0.0,68.7,BID
378,1712603982.7588024,983903999.6541137,65.86,-1.394926697552031e-09,68.7,ASK
379,1712603993.8389192,983904075.5648603,65.88,1.1612595361320995e-09,68.7,BID
380,1712603999.799214,983920816.169196,65.82,-2.560926778059492e-07,68.7,ASK
381,1712603999.8035002,983927583.561622,65.86,-1.0352551277828733e-07,68.7,ASK
382,1712603999.9587457,983931892.361622,65.82,6.591471299272692e-08,68.7,BID
383,1712604000.18244,983933634.5364846,65.82,2.665126161856691e-08,68.7,BID
384,1712604000.2629862,983937154.508558,65.82,5.384746308894437e-08,68.7,BID
385,1712604000.3487675,983937154.508558,65.82,0.0,68.7,BID
386,1712604004.7390518,984002584.7682078,65.82,1.0009111521291412e-06,68.7,BID
387,1712604004.8443248,984017407.004984,65.82,2.267412993348692e-07,68.7,BID
388,1712604004.8505192,984018279.5109612,65.82,1.3347050242885074e-08,68.7,BID
389,1712604005.4990833,984024390.0109612,65.82,9.347460376610333e-08,68.7,BID
390,1712604005.638939,984025573.4405276,65.82,1.8103364667830164e-08,68.7,BID
391,1712604014.9393702,984025649.4782348,65.77,-1.1631772427061762e-09,68.7,ASK
392,1712604014.9443176,984034018.7568272,65.77,-1.2802798465575854e-07,68.7,ASK
393,1712604014.9489253,984093827.8270552,65.76,-9.149217152718096e-07,68.7,ASK
394,1712604014.953087,984133553.2185712,65.77,-6.07694170920324e-07,68.7,ASK
395,1712604018.5290327,984133644.2932522,65.88,1.3932034587709875e-09,68.7,BID
396,1712604030.3324585,984133644.2932522,65.88,0.0,68.7,BID
397,1712604037.9594984,984133881.8471316,65.77,-3.6332320708085676e-09,68.7,ASK
398,1712604037.9641392,984134266.8471316,65.79,-5.888324578023251e-09,68.7,ASK
399,1712604037.9681983,984135416.5143048,65.77,-1.7583411614252562e-08,68.7,ASK
400,1712604052.5689902,984135507.588986,65.78,-1.3929280109836115e-09,68.7,ASK
401,1712604058.618987,984135659.6108772,65.88,2.3250759424996634e-09,68.7,BID
402,1712604059.9388306,984135811.4020126,65.88,2.3215466843649434e-09,68.7,BID
403,1712604060.518826,984135811.4020126,65.88,0.0,68.7,BID
404,1712604064.201119,984135963.4239036,65.88,2.325070872548161e-09,68.7,BID
405,1712604072.4492483,984136101.870306,65.88,2.1174430523169348e-09,68.7,BID
406,1712604072.5491912,984138878.4062624,65.88,-4.246521886637816e-08,68.7,ASK
407,1712604072.5541053,984153870.463621,65.88,-2.292932657806005e-07,68.7,ASK
408,1712604072.6692214,984168675.0899956,65.88,-2.2642663704107805e-07,68.7,ASK
409,1712604072.7389867,984184490.4022046,65.88,-2.418843857782183e-07,68.7,ASK
410,1712604086.409446,984184581.3388522,65.98,1.390813841846531e-09,68.7,BID
411,1712604087.9391465,984211577.5855048,65.88,-4.128891326017552e-07,68.7,ASK
412,1712604090.5875068,984211577.5855048,65.88,-0.0,68.7,ASK
413,1712604092.392156,984220830.2330884,65.88,-1.4150211540067256e-07,68.7,ASK
414,1712604092.3974082,984225383.9671504,65.88,-6.964093216563954e-08,68.7,ASK
415,1712604094.9796412,984226901.8785044,65.88,2.321364405460549e-08,68.7,BID
416,1712604118.191349,984228419.7898583,65.95,2.321364405460549e-08,68.7,BID
417,1712604118.2013223,984243551.5461926,65.95,2.3141219976547602e-07,68.7,BID
418,1712604118.2291791,984255794.080988,65.95,-1.872269051337363e-07,68.7,ASK
419,1712604118.5609968,984255885.0176356,65.83,-1.3907076715167527e-09,68.7,ASK
420,1712604120.343119,984255885.0176356,65.83,-0.0,68.7,ASK
421,1712604123.6794133,984257118.2682104,65.95,1.8859441960030847e-08,68.7,BID
422,1712604123.6842496,984257402.9289894,65.95,4.35316516053614e-09,68.7,BID
423,1712604139.2893171,984257675.1724696,65.95,4.163274046242976e-09,68.7,BID
424,1712604139.2936628,984258919.2292168,65.95,1.9024694977148e-08,68.7,BID
425,1712604147.370077,984264856.7114692,65.95,9.079874292467092e-08,68.7,BID
426,1712604147.3736484,984269427.3034588,65.95,6.98956206403518e-08,68.7,BID
427,1712604150.3335097,984269427.3034588,65.95,0.0,68.7,BID
428,1712604155.9596295,984269518.2814724,65.95,1.391259139563731e-09,68.7,BID
429,1712604169.7695096,984334793.0805016,65.93,9.981989835195756e-07,68.7,BID
430,1712604170.0747917,984362140.0135552,65.93,4.18196320514153e-07,68.7,BID
431,1712604173.8525977,984362215.8667328,65.93,1.1599662652281555e-09,68.7,BID
432,1712604180.4990742,984362215.8667328,65.93,0.0,68.7,BID
433,1712604183.2593172,984362306.8447464,65.84,-1.3911289978148715e-09,68.7,ASK
434,1712604185.6096537,984362868.7925552,65.84,-8.592646299194175e-09,68.7,ASK
435,1712604185.6142502,984367334.3151492,65.84,-6.828153003890252e-08,68.7,ASK
436,1712604191.0704026,984367540.7422104,65.95,3.1564403214659366e-09,68.7,BID
437,1712604191.073536,984368036.5638336,65.93,7.581522286485642e-09,68.7,BID
438,1712604191.0764947,984379193.4105834,65.95,1.7059740499452585e-07,68.7,BID
439,1712604191.079398,984383685.3947237,65.95,6.86861489435259e-08,68.7,BID
440,1712604191.0819385,984385606.8094631,65.93,2.9380018911291267e-08,68.7,BID
441,1712604191.1894646,984388083.8094631,65.84,-3.787537658740281e-08,68.7,ASK
442,1712604191.9095037,984393723.8094631,65.84,-8.624025997293171e-08,68.7,ASK
443,1712604191.914676,984396532.8094631,65.84,-4.2951930897866164e-08,68.7,ASK
444,1712604192.6694314,984399311.8094631,65.84,-4.24932061107761e-08,68.7,ASK
445,1712604193.5618646,984400020.252577,65.95,1.0832680551503268e-08,68.7,BID
446,1712604199.089373,984401666.252577,65.84,-2.516869998500808e-08,68.7,ASK
447,1712604199.3197248,984401666.8394952,65.84,-8.97446474364783e-12,68.7,ASK
448,1712604203.3499207,984406728.844051,65.85,7.740223207060353e-08,68.7,BID
449,1712604210.5330591,984406728.844051,65.85,0.0,68.7,BID
450,1712604211.3997447,984431826.844051,65.82,-3.837519474039577e-07,68.7,ASK
451,1712604211.4192872,984432107.844051,65.82,-4.296529493207112e-09,68.7,ASK
452,1712604211.5392828,984437114.7449929,65.82,-7.655621909686707e-08,68.7,ASK
453,1712604213.459447,984443058.0055108,65.82,9.087328861821521e-08,68.7,BID
454,1712604219.8985567,984443149.1355232,65.84,1.393390693731217e-09,68.7,BID
455,1712604222.5995762,984449230.935736,65.78,-9.29915800225863e-08,68.7,ASK
456,1712604224.1729531,984450015.960345,65.78,1.2003136604426452e-08,68.7,BID
457,1712604224.1992738,984464145.960345,65.78,2.160496859039733e-07,68.7,BID
458,1712604224.2868855,984470783.3434274,65.78,1.0148652018221297e-07,68.7,BID
459,1712604235.0996258,984472303.562339,65.78,2.3244360816775053e-08,68.7,BID
460,1712604240.3124964,984472303.562339,65.78,0.0,68.7,BID
461,1712604245.7395234,984475344.000162,65.78,4.648565467740559e-08,68.7,BID
462,1712604246.5994,984475435.130174,65.77,-1.393298767071796e-09,68.7,ASK
463,1712604258.329165,984476861.911516,65.77,-2.1814248019556762e-08,68.7,ASK
464,1712604258.33384,984500360.50396,65.71,-3.592730775403289e-07,68.7,ASK
465,1712604258.3386643,984501322.0359204,65.77,-1.4700988892605585e-08,68.7,ASK
466,1712604258.3424144,984517971.7036084,65.72,-2.545589641005522e-07,68.7,ASK
467,1712604270.33273,984517971.7036084,65.72,-0.0,68.7,ASK
468,1712604277.835952,984519550.3542469,65.72,-2.4135090187230684e-08,68.7,ASK
469,1712604299.0161295,984520158.4418112,65.78,9.296704323116168e-09,68.7,BID
470,1712604300.5196784,984520158.4418112,65.78,0.0,68.7,BID
471,1712604321.3297467,984520249.654946,65.78,1.3945488683014796e-09,68.7,BID
472,1712604330.4999332,984520249.654946,65.78,0.0,68.7,BID
473,1712604350.0701842,984535465.723114,65.72,-2.326369856650467e-07,68.7,ASK
474,1712604350.0760446,984704824.2408428,65.72,-2.5893058986056323e-06,68.7,ASK
475,1712604351.8901415,984709037.4313892,65.72,-6.441506031312377e-08,68.7,ASK
476,1712604352.2095203,984709128.644524,65.72,-1.394548742197327e-09,68.7,ASK
477,1712604353.859628,984709204.6706716,65.78,1.1623563750321831e-09,68.7,BID
478,1712604360.36546,984709204.6706716,65.78,0.0,68.7,BID
479,1712604390.3397708,984709204.6706716,65.78,0.0,68.7,BID
480,1712604390.3599296,984709295.8838063,65.78,1.3942840222326066e-09,68.7,BID
481,1712604410.7199717,984709599.9275888,65.78,4.647613410479078e-09,68.7,BID
482,1712604420.3448408,984709599.9275888,65.78,0.0,68.7,BID
483,1712604421.7400038,984709691.1407232,65.72,-1.394283468094143e-09,68.7,ASK
484,1712604447.3703082,984720053.6844628,65.73,-1.584017858773909e-07,68.7,ASK
485,1712604447.376016,984800889.2700232,65.72,-1.2356523105750048e-06,68.7,ASK
486,1712604448.5699842,984802503.4750274,65.72,-2.467472870053784e-08,68.7,ASK
487,1712604450.3301177,984802503.4750274,65.72,-0.0,68.7,ASK
488,1712604460.8301654,984802594.688162,65.78,1.3941533488696211e-09,68.7,BID
489,1712604475.4698296,984805308.4060744,65.73,-4.14780056641562e-08,68.7,ASK
490,1712604476.0301352,984805702.9340163,65.73,-6.030189110892444e-09,68.7,ASK
491,1712604476.0400665,984810937.2847338,65.73,-8.000478889520775e-08,68.7,ASK
492,1712604480.5122654,984810937.2847338,65.73,-0.0,68.7,ASK
493,1712604487.2702618,984811028.4978684,65.73,-1.3941415361190275e-09,68.7,ASK
494,1712604490.4704597,984813977.7225568,65.78,4.507724302426116e-08,68.7,BID
495,1712604490.4731092,984815503.2755698,65.78,2.3317221024949763e-08,68.7,BID
496,1712604503.9902208,984820561.4394544,65.9,7.731119422010282e-08,68.7,BID
497,1712604510.523163,984820561.4394544,65.9,0.0,68.7,BID
498,1712604514.310117,984820713.1845227,65.89,2.3193156827850787e-09,68.7,BID
499,1712604515.730626,984837302.0437902,65.89,2.535489415678158e-07,68.7,BID
500,1712604515.8597872,984860326.5998516,65.89,-3.519139999523887e-07,68.7,ASK
501,1712604525.2903876,984860713.7667152,65.79,-5.9175707553574835e-09,68.7,ASK
502,1712604526.270332,984860804.8275744,65.89,1.3918006094793875e-09,68.7,BID
503,1712604533.8598766,984860880.715283,65.9,1.1598897729801314e-09,68.7,BID
504,1712604540.3468668,984860880.715283,65.9,0.0,68.7,BID
505,1712604556.3902726,984860971.776142,65.84,-1.3917440969566247e-09,68.7,ASK
506,1712604561.772606,984870436.2134604,65.84,-1.4465133448685377e-07,68.7,ASK
507,1712604564.2001088,984911359.1147072,65.84,6.254521084921922e-07,68.7,BID
508,1712604570.3325477,984911359.1147072,65.84,0.0,68.7,BID
509,1712604572.910188,984914396.7817788,65.84,4.6424342242958175e-08,68.7,BID
510,1712604584.7905726,984921551.4668908,65.84,1.0934429035426445e-07,68.7,BID
511,1712604584.8702445,984922688.698548,65.84,1.7380190267042673e-08,68.7,BID
512,1712604584.9000142,984936667.9932812,65.84,2.13644072149739e-07,68.7,BID
513,1712604592.5900047,984938135.7279484,65.84,2.2431232558077208e-08,68.7,BID
514,1712604595.2997966,984938226.8579608,65.84,1.392730267398057e-09,68.7,BID
515,1712604600.434474,984938226.8579608,65.84,0.0,68.7,BID
516,1712604609.7128468,984938549.778573,65.83,-4.937061593525508e-09,68.7,ASK
517,1712604621.7104373,984940895.8360258,65.84,3.586835186101248e-08,68.7,BID
518,1712604621.729987,984960196.8503708,65.84,2.95088925879797e-07,68.7,BID
519,1712604622.1805458,984960349.2661709,65.84,2.33025135017526e-09,68.7,BID
520,1712604622.186226,984986059.96773,65.84,3.930852115401334e-07,68.7,BID
521,1712604627.7202954,984986151.097742,65.84,-1.3932665344085e-09,68.7,ASK
522,1712604630.3324964,984986151.097742,65.84,-0.0,68.7,ASK
523,1712604639.0600307,985003469.5027376,65.95,2.647644788963544e-07,68.7,BID
524,1712604639.0634172,985016477.102291,65.95,1.988607102280543e-07,68.7,BID
525,1712604660.5200143,985016477.102291,65.95,0.0,68.7,BID
526,1712604670.3304992,985022542.3032008,65.95,9.272220274437297e-08,68.7,BID
527,1712604677.320299,985028202.9596348,65.95,8.653769946720427e-08,68.7,BID
528,1712604684.1304796,985031651.2026516,65.95,5.2715267449377873e-08,68.7,BID
529,1712604684.1353707,985037232.3682778,65.95,8.532247792647239e-08,68.7,BID
530,1712604690.5109644,985037384.7840778,65.95,2.330067695499793e-09,68.7,BID
531,1712604690.5136538,985037384.7840778,65.95,0.0,68.7,BID
532,1712604690.5162628,985046662.1484144,65.95,1.41825418379043e-07,68.7,BID
533,1712604696.1703992,985049490.6108856,65.95,4.323942219343137e-08,68.7,BID
534,1712604700.170239,985049581.5888994,65.95,1.390803937308109e-09,68.7,BID
535,1712604700.6102018,985057752.1869428,65.94,1.2490600173588316e-07,68.7,BID
536,1712604705.5107915,985071685.4727648,65.82,-2.13001669376643e-07,68.7,ASK
537,1712604705.5168974,985093708.4727648,65.82,-3.366711789765893e-07,68.7,ASK
538,1712604705.5201504,985093708.5380232,65.83,-9.976214410174557e-13,68.7,ASK
539,1712604705.590311,985094110.4694604,65.82,-6.144427682334062e-09,68.7,ASK
540,1712604713.8629973,985094186.3686864,65.89,1.1602906908267812e-09,68.7,BID
541,1712604720.3239925,985094186.3686864,65.89,0.0,68.7,BID
542,1712604729.0853243,985094277.3467,65.79,-1.3907241785904143e-09,68.7,ASK
543,1712604750.353561,985094277.3467,65.79,-0.0,68.7,ASK
544,1712604759.1402898,985106938.3467,65.79,-1.9354079640366845e-07,68.7,ASK
545,1712604765.6306472,985107029.4490384,65.86,1.392624525040589e-09,68.7,BID
546,1712604769.140836,985107029.9448048,65.79,-7.57847486610393e-12,68.7,ASK
547,1712604769.147616,985114630.4490384,65.78,-1.1618415941821369e-07,68.7,ASK
548,1712604777.710364,985114631.0393624,65.78,-9.023916651757751e-12,68.7,ASK
549,1712604777.7203858,985125503.4490384,65.75,-1.661997336299154e-07,68.7,ASK
550,1712604777.8602414,985125503.8235028,65.75,-5.724203205167746e-12,68.7,ASK
551,1712604778.293244,985146893.5998824,65.74,3.2697214717829385e-07,68.7,BID
552,1712604780.3873782,985146893.5998824,65.74,0.0,68.7,BID
553,1712604781.3909504,985184499.7679336,65.73,-5.748315908842038e-07,68.7,ASK
554,1712604781.4105487,985200616.6970984,65.73,-2.463563960932302e-07,68.7,ASK
555,1712604781.4155889,985232850.5554278,65.73,-4.927127921864604e-07,68.7,ASK
556,1712604781.4302108,985278484.872434,65.72,-6.97546397389197e-07,68.7,ASK
557,1712604781.710891,985332207.0141046,65.72,-8.211733809240785e-07,68.7,ASK
558,1712604781.730276,985334415.0141046,65.72,-3.3750531321002255e-08,68.7,ASK
559,1712604796.8505816,985337225.4302856,65.74,4.2958804049285166e-08,68.7,BID
560,1712604810.3401525,985337225.4302856,65.74,0.0,68.7,BID
561,1712604812.790276,985340022.4302856,65.73,-4.274555652157137e-08,68.7,ASK
562,1712604813.9705043,985340022.6963742,65.73,-4.066537540813674e-12,68.7,ASK
563,1712604814.1574523,985385663.9560728,65.72,-6.975191441432161e-07,68.7,ASK
564,1712604814.7419074,985386787.9560728,65.72,-1.7177692359759107e-08,68.7,ASK
565,1712604815.6805086,985394640.4100512,65.73,1.2000626219791218e-07,68.7,BID
566,1712604819.84066,985401128.316406,65.73,9.915236602965017e-08,68.7,BID
567,1712604820.0606356,985412307.316406,65.73,-1.7084468228625182e-07,68.7,ASK
568,1712604820.19036,985412307.4532584,65.73,-2.091468142486146e-12,68.7,ASK
569,1712604820.199844,985423486.316406,65.72,-1.7084259081810932e-07,68.7,ASK
570,1712604825.4804025,985436604.316406,65.72,-2.004777298712811e-07,68.7,ASK
571,1712604825.5001774,985462595.316406,65.72,-3.972112118527571e-07,68.7,ASK
572,1712604828.570681,985485849.3450449,65.72,-3.553830516771035e-07,68.7,ASK
573,1712604830.6005838,985485940.4473832,65.73,-1.3922846448519181e-09,68.7,ASK
574,1712604840.5402002,985485940.4473832,65.73,-0.0,68.7,ASK
575,1712604846.9905777,985489408.169768,65.74,5.298805342413076e-08,68.7,BID
576,1712604849.3210287,985491589.169768,65.74,-3.3326469565223376e-08,68.7,ASK
577,1712604849.400952,985499480.1579292,65.73,-1.2057715579550898e-07,68.7,ASK
578,1712604849.407062,985504688.2842536,65.73,-7.95820556820092e-08,68.7,ASK
579,1712604849.4118953,985505125.0631618,65.73,-6.674139842543997e-09,68.7,ASK
580,1712604849.5003843,985545328.8322583,65.73,-6.143281463574226e-07,68.7,ASK
581,1712604849.5064244,985547945.8322583,65.73,-3.9988707405864086e-08,68.7,ASK
582,1712604849.620322,985556352.5696468,65.73,-1.2845799069804958e-07,68.7,ASK
583,1712604870.5046332,985556352.5696468,65.73,-0.0,68.7,ASK
584,1712604893.8706183,985556428.5957944,65.78,1.161624908523923e-09,68.7,BID
585,1712604898.0390215,985556519.8089292,65.78,1.3936711560816415e-09,68.7,BID
586,1712604900.020671,985556671.9233192,65.74,-2.324198577447185e-09,68.7,ASK
587,1712604900.3348606,985556671.9233192,65.74,-0.0,68.7,ASK
588,1712604930.3313038,985556671.9233192,65.74,-0.0,68.7,ASK
589,1712604932.920674,985556763.136454,65.74,-1.3936793689251931e-09,68.7,ASK
590,1712604936.6709678,985580845.9201952,65.78,3.67969798790739e-07,68.7,BID
591,1712604936.7505488,985582078.5739472,65.78,1.883417456520794e-08,68.7,BID
592,1712604936.7602954,985594616.2029092,65.78,1.9156709025184512e-07,68.7,BID
593,1712604936.880762,985616355.3333436,65.78,3.321602493175855e-07,68.7,BID
594,1712604936.9403083,985619176.3901526,65.78,4.3103974918743695e-08,68.7,BID
595,1712604936.960357,985633946.9089632,65.78,2.2568424369754617e-07,68.7,BID
596,1712604937.0211897,985636002.7922504,65.78,3.141260443984234e-08,68.7,BID
597,1712604945.991009,985644304.2714297,65.78,1.268413841193306e-07,68.7,BID
598,1712604945.99659,985719005.0479754,65.78,1.1413809138584936e-06,68.7,BID
599,1712604953.360974,985726285.0479754,65.78,-1.1123382429346205e-07,68.7,ASK
600,1712604953.6920254,985729285.0479754,65.78,-4.5838114406646456e-08,68.7,ASK
601,1712604953.7003472,985732285.0479754,65.78,-4.5838114406646456e-08,68.7,ASK
602,1712604953.8206558,985770568.0479754,65.78,-5.849401779432153e-07,68.7,ASK
603,1712604953.840752,985822375.0479754,65.78,-7.915783976883775e-07,68.7,ASK
604,1712604953.925222,985824025.6975656,65.78,-2.522088825262493e-08,68.7,ASK
605,1712604953.940934,985831320.303652,65.78,-1.1145699611468817e-07,68.7,ASK
606,1712604954.1004047,985839625.3553394,65.78,1.2689596979943702e-07,68.7,BID
607,1712604955.010703,985839686.2565948,65.74,-9.305329037070523e-10,68.7,ASK
608,1712604955.01658,985839915.3553394,65.74,-3.50048482226877e-09,68.7,ASK
609,1712604960.5036814,985839915.3553394,65.74,-0.0,68.7,ASK
610,1712604960.7452369,985869333.3716128,65.78,4.493608739089032e-07,68.7,BID
611,1712604960.7917223,985873049.3716128,65.78,-5.6761985305914724e-08,68.7,ASK
612,1712604963.0614462,985876049.3716128,65.78,-4.582506886914536e-08,68.7,ASK
613,1712604963.1908326,985876376.3716128,65.78,-4.9949325067368445e-09,68.7,ASK
614,1712604990.5108073,985876376.3716128,65.78,-0.0,68.7,ASK
615,1712604992.5009785,985888634.6142209,65.8,-1.8723807764305385e-07,68.7,ASK
616,1712604997.5609066,985888725.744233,65.84,1.391962032171219e-09,68.7,BID
617,1712605016.0609026,985889485.161001,65.8,-1.1599683601426832e-08,68.7,ASK
618,1712605020.4131246,985889485.161001,65.8,-0.0,68.7,ASK
619,1712605049.5208125,985890087.0267848,65.81,-9.193055747620622e-09,68.7,ASK
620,1712605050.3462949,985890087.0267848,65.81,-0.0,68.7,ASK
621,1712605068.7651515,985890178.156797,65.82,-1.3919428509559231e-09,68.7,ASK
622,1712605073.901061,985890254.113662,65.84,1.1601843653768227e-09,68.7,BID
623,1712605080.5048604,985890254.113662,65.84,0.0,68.7,BID
624,1712605083.0610862,985890772.98365,65.82,-7.925350078511514e-09,68.7,ASK
625,1712605083.0670764,985890924.113662,65.82,-2.308397634344603e-09,68.7,ASK
626,1712605083.1612248,985903543.8215324,65.8,-1.927565769463163e-07,68.7,ASK
627,1712605083.1669512,985905063.3474404,65.81,-2.320961908291376e-08,68.7,ASK
628,1712605083.1712391,985905064.1469282,65.82,-1.2211577229279851e-11,68.7,ASK
629,1712605091.751049,985907367.1469282,65.8,-3.517659848165319e-08,68.7,ASK
630,1712605110.3809867,985907458.2769403,65.84,1.391942617103693e-09,68.7,BID
631,1712605110.5150692,985907458.2769403,65.84,0.0,68.7,BID
632,1712605126.7469814,985981776.179676,65.8,-1.1351306214009856e-06,68.7,ASK
633,1712605126.7516377,985991436.2769403,65.8,-1.4754819238583338e-07,68.7,ASK
634,1712605126.9833398,985994436.2769403,65.8,-4.582195862440707e-08,68.7,ASK
635,1712605127.0010197,985997436.2769403,65.8,-4.582195862440707e-08,68.7,ASK
636,1712605127.0423536,986000436.2769403,65.8,-4.582195862440707e-08,68.7,ASK
637,1712605127.6006472,986012396.7710412,65.8,-1.8268442194006725e-07,68.7,ASK
638,1712605127.620723,986013344.0887305,65.8,-1.4469317319264008e-08,68.7,ASK
639,1712605127.6258574,986016383.6024084,65.8,-4.6425489994698683e-08,68.7,ASK
640,1712605140.3289292,986016383.6024084,65.8,-0.0,68.7,ASK
641,1712605140.9912634,986026173.737814,65.8,1.4951802497183649e-07,68.7,BID
642,1712605141.271031,986026264.8678262,65.8,-1.3917661879292572e-09,68.7,ASK
643,1712605146.213383,986039086.0374264,65.8,-1.9580893184671385e-07,68.7,ASK
644,1712605146.4756134,986040606.256338,65.78,-2.321726102403237e-08,68.7,ASK
645,1712605146.4849496,986048298.958098,65.78,-1.174853591076643e-07,68.7,ASK
646,1712605154.8433423,986048603.0018802,65.83,4.643452203714112e-09,68.7,BID
647,1712605157.9908347,986049287.9907454,65.83,1.0461365243259844e-08,68.7,BID
648,1712605158.07073,986064517.0407208,65.83,-2.3258283773650285e-07,68.7,ASK
649,1712605158.0905883,986078984.2870084,65.83,-2.2094833238563297e-07,68.7,ASK
650,1712605158.4311764,986091787.7069888,65.74,-1.955378540755808e-07,68.7,ASK
651,1712605158.4375796,986108680.2870084,65.75,-2.5798879142339546e-07,68.7,ASK
652,1712605161.2852745,986139070.8051668,65.81,4.641335451009248e-07,68.7,BID
653,1712605163.1907756,986153748.863754,65.84,2.241679240784362e-07,68.7,BID
654,1712605163.2507713,986169447.4758836,65.84,-2.397541385446229e-07,68.7,ASK
655,1712605163.651147,986171733.4758836,65.76,-3.491251049335465e-08,68.7,ASK
656,1712605166.7419446,986201977.1767817,65.86,4.618913057536179e-07,68.7,BID
657,1712605166.747576,986202100.9219816,65.86,1.889875588288459e-09,68.7,BID
658,1712605168.9907026,986232468.3680792,65.86,4.637811813400857e-07,68.7,BID
659,1712605170.315232,986232468.3680792,65.86,0.0,68.7,BID
660,1712605171.601475,986262835.8141772,65.86,4.636804634770077e-07,68.7,BID
661,1712605173.4712498,986293203.2602748,65.86,4.636804634751875e-07,68.7,BID
662,1712605175.390766,986323570.7063726,65.86,4.636804634751875e-07,68.7,BID
663,1712605176.240865,986323722.8578095,65.77,-2.32319993471691e-09,68.7,ASK
664,1712605176.3608384,986342278.84871,65.77,2.833313816791559e-07,68.7,BID
665,1712605176.3808792,986357939.1008877,65.77,2.391163538901773e-07,68.7,BID
666,1712605176.400904,986359108.842885,65.77,1.7860787824979973e-08,68.7,BID
667,1712605180.1243434,986368821.1661328,65.77,1.4829744096384141e-07,68.7,BID
668,1712605181.4407349,986399230.167197,65.77,4.643149661625842e-07,68.7,BID
669,1712605183.3525095,986429639.1682612,65.77,4.643149661625842e-07,68.7,BID
670,1712605185.195358,986429730.3952644,65.77,1.392944898851794e-09,68.7,BID
671,1712605197.6409872,986438634.1234215,65.77,1.3595100441714968e-07,68.7,BID
672,1712605200.372958,986438634.1234215,65.77,0.0,68.7,BID
673,1712605212.110928,986439698.4384588,65.77,1.624860043501606e-08,68.7,BID
674,1712605212.3010616,986439789.665462,65.76,-1.3927371805082207e-09,68.7,ASK
675,1712605219.0056229,986482656.6198962,65.76,-6.544378215909409e-07,68.7,ASK
676,1712605219.0089686,986502093.9450178,65.76,-2.967442142346685e-07,68.7,ASK
677,1712605220.3111763,986502185.1858938,65.76,1.392948971795964e-09,68.7,BID
678,1712605227.711163,986502751.2211996,65.75,-8.641502932079081e-09,68.7,ASK
679,1712605227.714768,986510355.7839372,65.75,-1.1609673553539369e-07,68.7,ASK
680,1712605230.3340683,986510355.7839372,65.75,-0.0,68.7,ASK
681,1712605241.221069,986540207.999582,65.75,-4.557126264790033e-07,68.7,ASK
682,1712605253.8789518,986540284.0604184,65.75,1.161115945643877e-09,68.7,BID
683,1712605256.8408978,986544996.0604184,65.75,7.193160874611623e-08,68.7,BID
684,1712605257.7910545,986549867.9389396,65.75,7.437225374123582e-08,68.7,BID
685,1712605257.797594,986575414.3113692,65.75,3.899812534994114e-07,68.7,BID
686,1712605260.3011785,986597591.0470564,65.75,3.385416542278695e-07,68.7,BID
687,1712605260.5049138,986597591.0470564,65.75,0.0,68.7,BID
688,1712605286.874299,986605832.5623196,65.75,-1.2580083797836966e-07,68.7,ASK
689,1712605286.8828568,986635602.2983868,65.75,-4.544137363063519e-07,68.7,ASK
690,1712605286.9310925,986673613.5497172,65.75,-5.802145742847216e-07,68.7,ASK
691,1712605288.101056,986673704.790593,65.75,-1.3927267361451274e-09,68.7,ASK
692,1712605290.5008793,986673704.790593,65.75,-0.0,68.7,ASK
693,1712605295.9910457,986673796.0175962,65.77,1.3924086128480963e-09,68.7,BID
694,1712605313.9199247,986687029.913067,65.75,-2.01990522380829e-07,68.7,ASK
695,1712605313.9266255,986690071.738162,65.75,-4.6427738627702335e-08,68.7,ASK
696,1712605318.9612374,986690925.166026,65.77,1.3025971108498372e-08,68.7,BID
697,1712605319.1412077,986690926.0986812,65.77,-1.4235227605416508e-11,68.7,ASK
698,1712605319.1499972,986697239.0986812,65.77,-9.635607071324577e-08,68.7,ASK
699,1712605319.301012,986703552.0986812,65.74,-9.635607071324577e-08,68.7,ASK
700,1712605320.3241253,986703552.0986812,65.74,-0.0,68.7,ASK
701,1712605328.791091,986705970.088958,65.74,-3.690496804562156e-08,68.7,ASK
702,1712605329.8413992,986706061.3159614,65.74,-1.3923669051649443e-09,68.7,ASK
703,1712605335.8410945,986727160.3159614,65.74,-3.220269031777569e-07,68.7,ASK
704,1712605350.3433695,986727160.3159614,65.74,-0.0,68.7,ASK
705,1712605367.411092,986727251.4736642,65.82,1.391276240234965e-09,68.7,BID
706,1712605380.5010471,986727251.4736642,65.82,0.0,68.7,BID
707,1712605400.6911943,986727342.631367,65.74,-1.3912761128305215e-09,68.7,ASK
708,1712605402.4316,986736246.3595244,65.74,-1.3589136100818884e-07,68.7,ASK
709,1712605403.8614552,986741312.210588,65.8,7.731653342895637e-08,68.7,BID
710,1712605410.5110302,986741312.210588,65.8,0.0,68.7,BID
711,1712605419.962157,986746781.1940532,65.74,-8.346808272900733e-08,68.7,ASK
712,1712605433.9012277,986746857.1970928,65.8,1.1599647406405894e-09,68.7,BID
713,1712605437.8712122,986746948.3825032,65.8,1.39167935423074e-09,68.7,BID
714,1712605439.4211738,986747448.3825032,65.8,7.631041788514201e-09,68.7,BID
715,1712605440.3278568,986747448.3825032,65.8,0.0,68.7,BID
716,1712605454.511485,986747538.3825032,65.8,-1.373579064514384e-09,68.7,ASK
717,1712605469.8918538,986747629.5679134,65.74,-1.391670783598628e-09,68.7,ASK
718,1712605470.0917578,986750106.5679134,65.74,-3.7803948253357006e-08,68.7,ASK
719,1712605470.0991368,986752301.5679134,65.74,-3.350006718454527e-08,68.7,ASK
720,1712605470.3299465,986752301.5679134,65.74,-0.0,68.7,ASK
721,1712605478.5412116,986752391.5679134,65.74,-1.373572376046668e-09,68.7,ASK
722,1712605500.347299,986752391.5679134,65.74,-0.0,68.7,ASK
723,1712605503.3617723,986791340.6623265,65.74,-5.944587844662079e-07,68.7,ASK
724,1712605503.3695908,986830244.5679134,65.74,-5.937690920641482e-07,68.7,ASK
725,1712605503.3773737,986838466.5679134,65.74,-1.254879015687589e-07,68.7,ASK
726,1712605503.3816144,986866197.4002708,65.74,-4.232405693628017e-07,68.7,ASK
727,1712605503.3851075,986870675.5679134,65.74,-6.834783025142307e-08,68.7,ASK
728,1712605503.3920484,986878529.5679134,65.74,-1.1987131828278186e-07,68.7,ASK
729,1712605503.4011743,986994749.260959,65.74,-1.7737977865798655e-06,68.7,ASK
730,1712605503.4064023,986996269.5679134,65.74,-2.320361584116033e-08,68.7,ASK
731,1712605505.5415342,986997348.7309676,65.73,-1.6470677101141212e-08,68.7,ASK
732,1712605505.5475364,986997349.5679134,65.74,-1.2773846834904638e-11,68.7,ASK
733,1712605506.551267,986997890.5679134,65.73,-8.256987928569517e-09,68.7,ASK
734,1712605511.001896,986997981.7256165,65.82,1.391290300609721e-09,68.7,BID
735,1712605527.7613916,986999254.3745072,65.82,-1.942374589478745e-08,68.7,ASK
736,1712605528.4716046,987023100.4310598,65.76,3.639493550817099e-07,68.7,BID
737,1712605528.4777944,987029635.6596355,65.76,9.974362931617556e-08,68.7,BID
738,1712605528.4841034,987030908.3085264,65.77,1.942374589660688e-08,68.7,BID
739,1712605528.6313856,987045610.10053,65.77,2.2438543272148965e-07,68.7,BID
740,1712605528.6916232,987066866.8484958,65.81,3.244301503759254e-07,68.7,BID
741,1712605528.6991394,987081552.070815,65.8,2.2413253866429602e-07,68.7,BID
742,1712605530.351477,987081552.070815,65.8,0.0,68.7,BID
743,1712605547.181436,987081704.0234056,65.81,2.3184037023036923e-09,68.7,BID
744,1712605550.071404,987081795.1811084,65.77,-1.3908308814894039e-09,68.7,ASK
745,1712605560.5049877,987081795.1811084,65.77,-0.0,68.7,ASK
746,1712605566.3118708,987101189.5230716,65.81,2.959074473766931e-07,68.7,BID
747,1712605566.4519775,987112826.1282492,65.81,1.7754446842492453e-07,68.7,BID
748,1712605566.455578,987127792.1823454,65.83,2.283432391424216e-07,68.7,BID
749,1712605582.2415693,987128800.5691438,65.83,1.53853718804156e-08,68.7,BID
750,1712605588.3215458,987128891.7129992,65.83,1.390619265512349e-09,68.7,BID
751,1712605590.5112245,987128891.7129992,65.83,0.0,68.7,BID
752,1712605613.9013574,987128967.6814026,65.83,1.1590263433159422e-09,68.7,BID
753,1712605617.7816477,987129058.825258,65.77,-1.390553502397176e-09,68.7,ASK
754,1712605620.3339136,987129058.825258,65.77,-0.0,68.7,ASK
755,1712605623.1823034,987131727.4440398,65.77,-4.071428131562885e-08,68.7,ASK
756,1712605650.3341832,987131727.4440398,65.77,-0.0,68.7,ASK
757,1712605658.211547,987131855.4227763,65.77,-1.9525262914182147e-09,68.7,ASK
758,1712605680.515596,987131855.4227763,65.77,-0.0,68.7,ASK
759,1712605692.8014505,987131946.566632,65.83,1.390549366969884e-09,68.7,BID
760,1712605703.5218637,987136550.3471556,65.83,7.023824108481507e-08,68.7,BID
761,1712605703.5297334,987137006.6903256,65.89,6.9622653450299034e-09,68.7,BID
762,1712605703.5343547,987137009.6881516,65.94,4.5736767770787817e-11,68.7,BID
763,1712605710.5213425,987137009.6881516,65.94,0.0,68.7,BID
764,1712605721.561703,987137009.6881516,65.94,-0.0,68.7,ASK
765,1712605721.5712569,987152174.9899412,65.94,-2.3137041465031895e-07,68.7,ASK
766,1712605726.2015514,987152266.1337966,65.81,-1.390542168017914e-09,68.7,ASK
767,1712605740.339923,987152266.1337966,65.81,-0.0,68.7,ASK
768,1712605748.441696,987155173.83777,65.94,4.4360894228215943e-08,68.7,BID
769,1712605760.9916625,987155264.8295804,65.94,1.388201180814334e-09,68.7,BID
770,1712605770.335474,987155264.8295804,65.94,0.0,68.7,BID
771,1712605782.2966652,987201787.640362,65.94,7.097652585732703e-07,68.7,BID
772,1712605789.2817142,987201878.6321728,65.81,-1.388196993046918e-09,68.7,ASK
773,1712605793.9253938,987201954.473847,65.94,1.157062195635147e-09,68.7,BID
774,1712605800.3655286,987201954.473847,65.94,0.0,68.7,BID
775,1712605811.41398,987208690.165121,65.94,1.0283265868169236e-07,68.7,BID
776,1712605811.4219196,987211954.473847,65.94,4.9835648845604695e-08,68.7,BID
777,1712605824.201763,987212045.4656576,65.94,1.389156573527368e-09,68.7,BID
778,1712605830.3520088,987212045.4656576,65.94,0.0,68.7,BID
779,1712605850.5721023,987224603.699848,65.94,1.917224883148108e-07,68.7,BID
780,1712605850.5818262,987237449.0103116,65.99,1.961051886690467e-07,68.7,BID
781,1712605858.6619372,987319222.699848,65.99,1.2484123961205549e-06,68.7,BID
782,1712605858.762288,987335197.1407428,65.99,-2.438766080748816e-07,68.7,ASK
783,1712605858.85852,987337449.0103116,65.99,-3.4378562349973624e-08,68.7,ASK
784,1712605860.5015862,987337449.0103116,65.99,-0.0,68.7,ASK
785,1712605864.6520357,987390497.5706996,65.99,-8.097728690100055e-07,68.7,ASK
786,1712605864.8118632,987412216.587192,65.81,-3.31535298387178e-07,68.7,ASK
787,1712605864.818607,987414416.5706996,65.82,-3.358219230888568e-08,68.7,ASK
788,1712605870.211898,987414568.454053,65.81,-2.318461011816389e-09,68.7,ASK
789,1712605886.2016711,987414659.4458638,65.81,-1.388966998314823e-09,68.7,ASK
790,1712605890.5217738,987414659.4458638,65.81,-0.0,68.7,ASK
791,1712605903.8925722,987435985.2152858,66.0,3.2550718619007125e-07,68.7,BID
792,1712605903.900084,987443584.3279092,66.04,1.159895204071108e-07,68.7,BID
793,1712605903.9049273,987444497.8480066,66.04,1.394356989331128e-08,68.7,BID
794,1712605903.9080904,987449350.7445792,65.94,7.407248371495496e-08,68.7,BID
795,1712605903.9112494,987454343.194179,65.99,7.620255988397536e-08,68.7,BID
796,1712605903.9144003,987458333.67274,66.04,6.09089136367155e-08,68.7,BID
797,1712605917.6418607,987459847.906538,66.04,2.3112600206823123e-08,68.7,BID
798,1712605920.3454902,987459847.906538,66.04,0.0,68.7,BID
799,1712605921.3918457,987459938.7743253,66.03,1.386902891167938e-09,68.7,BID
800,1712605932.6120436,987466555.8498312,66.03,1.0099553886648101e-07,68.7,BID
801,1712605932.622033,987533583.098534,66.04,1.0230279366632506e-06,68.7,BID
802,1712605935.9619255,987533734.9357646,65.86,-2.317471350465591e-09,68.7,ASK
803,1712605935.9716818,987545981.008434,65.86,-1.869101700835849e-07,68.7,ASK
804,1712605937.8522651,987547496.1599492,66.0,-2.3125555027926112e-08,68.7,ASK
805,1712605947.3220766,987547596.6774492,65.96,1.534185165843527e-09,68.7,BID
806,1712605947.329352,987564489.211285,65.96,2.57828485719217e-07,68.7,BID
807,1712605947.3378148,987577785.4224056,66.0,2.029382928806464e-07,68.7,BID
808,1712605950.3834734,987577785.4224056,66.0,0.0,68.7,BID
809,1712605953.1418614,987608088.4527088,66.0,4.6245615550910857e-07,68.7,BID
810,1712605955.351914,987608179.320496,65.86,-1.386738130888914e-09,68.7,ASK
811,1712605956.0022576,987633306.8810304,66.0,3.83473036387739e-07,68.7,BID
812,1712605956.0105283,987638482.3507992,66.0,7.89831191213696e-08,68.7,BID
813,1712605960.0321908,987668631.6921396,66.0,4.601107000890589e-07,68.7,BID
814,1712605960.2619026,987668785.381102,66.0,-2.3454554200496918e-09,68.7,ASK
815,1712605973.9055934,987668861.2112764,65.95,1.157248321216833e-09,68.7,BID
816,1712605980.501671,987668861.2112764,65.95,0.0,68.7,BID
817,1712605990.2618077,987668952.147924,65.98,1.387661712114195e-09,68.7,BID
818,1712606003.537737,987669052.147924,65.98,1.5259653303238471e-09,68.7,BID
819,1712606003.5446806,987674002.678227,66.0,7.554337609097752e-08,68.7,BID
820,1712606010.507762,987674002.678227,66.0,0.0,68.7,BID
821,1712606013.4721377,987674457.2236816,66.0,-6.936170131874333e-09,68.7,ASK
822,1712606014.7919283,987674608.7617934,65.99,2.312407074501494e-09,68.7,BID
823,1712606021.721964,987674699.6984408,65.88,-1.3876545266948315e-09,68.7,ASK
824,1712606040.3463974,987674699.6984408,65.88,-0.0,68.7,ASK
825,1712606050.893284,987676214.1615636,66.03,2.3110046310175545e-08,68.7,BID
826,1712606056.0527644,987676305.029351,66.03,1.386602778465005e-09,68.7,BID
827,1712606066.2222326,987676456.8204864,65.88,-2.3162664817352028e-09,68.7,ASK
828,1712606066.3621154,987683544.5733662,65.88,1.081560156962904e-07,68.7,BID
829,1712606066.3894024,987683544.5733662,65.88,0.0,68.7,BID
830,1712606070.3068426,987683544.5733662,65.88,0.0,68.7,BID
831,1712606084.9720042,987683635.4411536,65.88,-1.386590444149975e-09,68.7,ASK
832,1712606100.344677,987683635.4411536,65.88,-0.0,68.7,ASK
833,1712606120.762016,987683726.281426,66.05,1.386181072456018e-09,68.7,BID
834,1712606130.342245,987683726.281426,66.05,0.0,68.7,BID
835,1712606134.84775,987683941.2511536,66.05,3.2803395652604803e-09,68.7,BID
836,1712606134.8559167,987692255.8575048,66.05,1.2687708403751974e-07,68.7,BID
837,1712606140.3021665,987701257.3613538,66.06,1.373588251871575e-07,68.7,BID
838,1712606140.310567,987701363.3256286,66.06,1.616966292975254e-09,68.7,BID
839,1712606144.6521049,987701454.1659012,65.9,-1.386180945541089e-09,68.7,ASK
840,1712606153.952422,987701529.8698068,66.06,1.155206919579398e-09,68.7,BID
841,1712606160.50504,987701529.8698068,66.06,0.0,68.7,BID
842,1712606164.8939204,987701681.3390584,66.02,2.3113099172194808e-09,68.7,BID
843,1712606177.4226596,987703681.3390584,66.02,3.051853614495052e-08,68.7,BID
844,1712606182.662139,987703772.2206095,66.02,1.386785949967879e-09,68.7,BID
845,1712606190.5021098,987703772.2206095,66.02,0.0,68.7,BID
846,1712606210.862204,987703863.1021606,65.86,-1.386782817250394e-09,68.7,ASK
847,1712606220.3349178,987703863.1021606,65.86,-0.0,68.7,ASK
848,1712606245.5322292,987703939.5360608,65.92,-1.166322630496971e-09,68.7,ASK
849,1712606248.5825665,987704030.4176116,66.02,1.3867826905906548e-09,68.7,BID
850,1712606250.334376,987704030.4176116,66.02,0.0,68.7,BID
851,1712606256.3723955,987704181.8868636,66.02,2.311304095609474e-09,68.7,BID
852,1712606275.2422402,987704272.7684144,65.87,-1.386782457001875e-09,68.7,ASK
853,1712606280.512148,987704272.7684144,65.87,-0.0,68.7,ASK
854,1712606303.502349,987709322.5033032,66.01,7.705504548153794e-08,68.7,BID
855,1712606310.5324397,987709322.5033032,66.01,0.0,68.7,BID
856,1712606312.752587,987709413.398622,66.01,1.386985150502235e-09,68.7,BID
857,1712606316.5724697,987710016.398622,65.95,-9.201266425918793e-09,68.7,ASK
858,1712606317.522144,987710582.398622,65.95,-8.636677938756278e-09,68.7,ASK
859,1712606333.8840456,987752309.9654678,65.95,-6.36727130768339e-07,68.7,ASK
860,1712606333.8914125,987768181.398622,65.95,-2.421845522606768e-07,68.7,ASK
861,1712606333.9621522,987768257.1598704,66.01,1.1560521222769382e-09,68.7,BID
862,1712606334.042384,987777244.482592,65.95,-1.3713889024404657e-07,68.7,ASK
863,1712606340.322253,987777244.482592,65.95,-0.0,68.7,ASK
864,1712606370.336533,987777244.482592,65.95,-0.0,68.7,ASK
865,1712606378.7225146,987792407.482592,65.95,-2.313586516837186e-07,68.7,ASK
866,1712606378.8623393,987792407.4848664,65.95,-3.470294383786883e-14,68.7,ASK
867,1712606379.1922865,987796299.482592,65.89,-5.9384511386420585e-08,68.7,ASK
868,1712606381.682553,987796390.3779109,65.9,-1.3868903526444384e-09,68.7,ASK
869,1712606400.4530025,987796390.3779109,65.9,-0.0,68.7,ASK
870,1712606407.8634253,987796541.8701088,66.01,2.3114570312143582e-09,68.7,BID
871,1712606414.889386,987798124.8202636,66.01,2.4152539280993016e-08,68.7,BID
872,1712606414.8956,987798815.7066796,66.01,1.0541495095548209e-08,68.7,BID
873,1712606415.3023794,987798906.6019984,66.01,1.386874218728615e-09,68.7,BID
874,1712606420.1141715,987801052.1201632,65.97,-3.2736161399420025e-08,68.7,ASK
875,1712606430.3450012,987801052.1201632,65.97,-0.0,68.7,ASK
876,1712606441.0428922,987803959.8241366,65.97,-4.436532923821404e-08,68.7,ASK
877,1712606442.3626342,987804036.2582216,66.07,1.166220283423175e-09,68.7,BID
878,1712606444.3326037,987804127.1535406,65.97,-1.3868677089316027e-09,68.7,ASK
1079,1712606449.242944,987805929.0683708,65.97,-2.749335745166889e-08,68.7,ASK
879,1712606449.242944,987805929.0683708,65.97,-2.7493357451668892e-08,68.7,ASK
880,1712606449.250155,987814599.0729128,65.97,-1.322856829789205e-07,68.7,ASK
881,1712606449.5859733,987836168.7958935,65.97,-3.291077325638645e-07,68.7,ASK
882,1712606459.9129024,987843318.48341,65.97,-1.0908890434896277e-07,68.7,ASK
883,1712606459.9223275,987844833.7958935,65.97,-2.3120420045817057e-08,68.7,ASK
884,1712606460.0223398,987844834.3239436,65.97,-8.056911984493448e-12,68.7,ASK
885,1712606460.3647056,987847694.3239436,65.91,-4.363746887121412e-08,68.7,ASK
886,1712606460.5176086,987847694.3239436,65.91,-0.0,68.7,ASK
887,1712606478.842655,987847785.136718,66.07,1.3855432105101895e-09,68.7,BID
888,1712606490.506379,987847785.136718,66.07,0.0,68.7,BID
889,1712606496.532557,987852282.136718,65.9,-6.861135226039333e-08,68.7,ASK
890,1712606499.4025855,987852409.136718,65.9,-1.9376566015276742e-09,68.7,ASK
891,1712606506.742954,987852499.9494925,65.9,-1.38554308367364e-09,68.7,ASK
892,1712606513.9537857,987852575.653398,66.06,1.1550249796316483e-09,68.7,BID
893,1712606520.3559706,987852575.653398,66.06,0.0,68.7,BID
894,1712606531.6026022,987852654.7556463,65.9,-1.206868154225278e-09,68.7,ASK
895,1712606531.6102502,987867740.653398,65.9,-2.3016652415793082e-07,68.7,ASK
896,1712606544.2442012,987867831.5074258,66.04,1.386165818192175e-09,68.7,BID
897,1712606550.362813,987867831.5074258,66.04,0.0,68.7,BID
898,1712606551.732812,987871905.3371176,66.01,6.215373145528315e-08,68.7,BID
899,1712606551.7389772,987878785.4830898,66.04,1.0496922489830845e-07,68.7,BID
900,1712606551.7458177,987919239.4830898,66.02,6.171998444852586e-07,68.7,BID
901,1712606551.7501175,987923024.7012588,66.04,5.7750434204455844e-08,68.7,BID
902,1712606557.5727315,987924542.1519417,65.91,-2.3151488738149013e-08,68.7,ASK
903,1712606557.5824883,987932600.7012588,65.91,-1.2294792567799862e-07,68.7,ASK
904,1712606565.6704104,987932948.9750324,66.03,5.313554130627071e-09,68.7,BID
905,1712606580.3496203,987932948.9750324,66.03,0.0,68.7,BID
906,1712606581.9727216,987966591.0060538,66.03,-5.13237128129311e-07,68.7,ASK
907,1712606582.0370514,987981586.0060538,65.91,-2.28761180660769e-07,68.7,ASK
908,1712606582.0925484,987984247.7060536,65.91,-4.060644445137757e-08,68.7,ASK
1108,1712606582.0925484,987984247.7060536,65.91,-4.0606444451377573e-08,68.7,ASK
909,1712606582.3287268,988001232.3016129,65.91,-2.591141135811928e-07,68.7,ASK
910,1712606582.332991,988017889.7060536,65.91,-2.541225412897369e-07,68.7,ASK
911,1712606601.7040222,988024977.4589336,66.03,1.0812955765442385e-07,68.7,BID
912,1712606601.7135024,988028425.4589336,66.05,5.2602104095920754e-08,68.7,BID
913,1712606601.718837,988040505.4670072,66.04,1.842905574725653e-07,68.7,BID
914,1712606601.722866,988043285.4670072,66.07,4.241120921886881e-08,68.7,BID
915,1712606601.7269588,988065208.1371248,66.07,3.344485428055896e-07,68.7,BID
916,1712606601.7310212,988065364.8032691,66.07,2.390072167781789e-09,68.7,BID
917,1712606601.7350786,988067441.0571488,66.01,3.1674977581640624e-08,68.7,BID
918,1712606601.7391665,988073534.4852417,66.07,9.296030708647524e-08,68.7,BID
919,1712606601.7432466,988076982.4852417,66.06,5.2602104095920754e-08,68.7,BID
920,1712606601.7473755,988078662.097844,66.07,2.562388542991276e-08,68.7,BID
921,1712606604.672685,988078752.951872,65.91,-1.38605366340206e-09,68.7,ASK
922,1712606607.3226955,988094914.8297346,65.91,-2.465628717263934e-07,68.7,ASK
923,1712606610.3331466,988094914.8297346,65.91,-0.0,68.7,ASK
924,1712606640.5117066,988094914.8297346,65.91,-0.0,68.7,ASK
925,1712606641.4918935,988095005.6837624,66.04,1.3858276970241663e-09,68.7,BID
926,1712606643.1015909,988095763.9890596,65.91,-1.1566691188489024e-08,68.7,ASK
927,1712606653.5676763,988150957.1828928,65.91,-8.418807453756404e-07,68.7,ASK
928,1712606654.661476,988177114.1828928,65.91,-3.989817063916982e-07,68.7,ASK
929,1712606654.7216055,988179983.0093634,65.91,-4.375919564885266e-08,68.7,ASK
930,1712606654.7306798,988181711.4479572,65.91,-2.6364467619594745e-08,68.7,ASK
931,1712606654.746979,988200958.1828928,65.91,-2.9357705956687975e-07,68.7,ASK
932,1712606669.2019095,988202471.7291316,65.9,-2.3086640709989284e-08,68.7,ASK
933,1712606669.210547,988215059.6731204,65.9,-1.920082338423582e-07,68.7,ASK
934,1712606669.2177486,988215059.9325134,65.91,-3.956610180604493e-12,68.7,ASK
935,1712606669.2220633,988216975.1828928,65.9,-2.9213971959994763e-08,68.7,ASK
936,1712606670.0209875,988216975.5255497,65.9,-5.226662654161493e-12,68.7,ASK
1136,1712606670.0209875,988216975.5255497,65.9,-5.2266626541614925e-12,68.7,ASK
937,1712606670.0308452,988217066.0369204,65.89,-1.380601032551664e-09,68.7,ASK
938,1712606670.495531,988217066.0369204,65.89,-0.0,68.7,ASK
939,1712606693.980224,988217141.809648,66.0,1.1556455240764459e-09,68.7,BID
940,1712606699.719988,988217218.3247994,66.0,1.166968583877587e-09,68.7,BID
941,1712606700.3249009,988217218.3247994,66.0,0.0,68.7,BID
942,1712606704.5398598,988217309.2338904,66.0,1.386521010605684e-09,68.7,BID
943,1712606730.3264732,988217309.2338904,66.0,0.0,68.7,BID
944,1712606739.9090817,988217400.1429812,65.89,-1.3865208837246223e-09,68.7,ASK
945,1712606741.0791397,988218400.1429812,65.89,-1.5251729726425292e-08,68.7,ASK
946,1712606741.0870223,988231850.8156896,65.89,-2.0514602478882e-07,68.7,ASK
947,1712606741.093659,988232609.6561816,65.89,-1.1573630085969592e-08,68.7,ASK
948,1712606743.888698,988232715.7328596,65.97,1.617852827343466e-09,68.7,BID
949,1712606750.4489498,988238008.0238068,65.97,-8.071659116028442e-08,68.7,ASK
950,1712606750.6333158,988243148.4326715,65.88,-7.840012668646449e-08,68.7,ASK
951,1712606750.643252,988243300.2238069,65.88,-2.315077370632554e-09,68.7,ASK
952,1712606750.808592,988248592.2238069,65.88,-8.071215371224262e-08,68.7,ASK
953,1712606760.5215714,988248592.2238069,65.88,-0.0,68.7,ASK
954,1712606766.848557,988281487.5793058,65.88,-5.016952968248724e-07,68.7,ASK
955,1712606767.4978032,988283761.4158764,65.88,-3.467885042940835e-08,68.7,ASK
956,1712606768.9180546,988286847.3710228,65.88,-4.7064674015415616e-08,68.7,ASK
957,1712606770.0082772,988291393.9983912,65.89,6.934175152179422e-08,68.7,BID
958,1712606770.1088064,988308351.3287904,65.89,2.586204884833581e-07,68.7,BID
959,1712606773.3981557,988308442.265438,65.98,1.3868975630473598e-09,68.7,BID
960,1712606790.508662,988308442.265438,65.98,0.0,68.7,BID
961,1712606800.0174704,988480290.7937484,65.97,2.620747293948654e-06,68.7,BID
962,1712606800.177349,988496015.3071582,65.97,-2.398040668316519e-07,68.7,ASK
963,1712606800.197265,988499091.6071582,65.97,-4.691459961584151e-08,68.7,ASK
964,1712606800.2185836,988569304.6071582,65.97,-1.0707716356916224e-06,68.7,ASK
965,1712606800.321266,988599612.2295252,65.97,-4.622013355911689e-07,68.7,ASK
966,1712606800.328786,988637496.757484,65.97,-5.777516694885066e-07,68.7,ASK
967,1712606800.3572323,988645491.757484,65.97,-1.2192641287730936e-07,68.7,ASK
968,1712606800.577273,988675799.379851,65.97,-4.622013355911689e-07,68.7,ASK
969,1712606800.5971386,988678799.379851,65.97,-4.57509992034932e-08,68.7,ASK
970,1712606800.6051917,988681799.379851,65.97,-4.57509992034932e-08,68.7,ASK
971,1712606800.6173737,988693579.379851,65.97,-1.7964892353904992e-07,68.7,ASK
972,1712606800.6373515,988696524.379851,65.97,-4.491223088476248e-08,68.7,ASK
973,1712606800.6772354,988699524.379851,65.97,-4.57509992034932e-08,68.7,ASK
974,1712606800.757222,988731883.0083072,65.97,-4.934798615775968e-07,68.7,ASK
975,1712606803.3073802,988731973.9449548,65.89,-1.3868141629711075e-09,68.7,ASK
976,1712606818.327297,988739253.9449548,65.88,-1.1102242473381017e-07,68.7,ASK
977,1712606818.4270144,988743965.9449548,65.88,-7.185956941561996e-08,68.7,ASK
978,1712606818.5270782,988743966.0005248,65.88,-8.47461105732297e-13,68.7,ASK
979,1712606820.3059783,988743966.0005248,65.88,-0.0,68.7,ASK
980,1712606821.917203,988744976.3601884,65.88,1.5401573213836952e-08,68.7,BID
981,1712606821.9271617,988762653.7122972,65.88,2.694674406909351e-07,68.7,BID
982,1712606829.6669867,988779757.4105996,65.88,-2.6072286050067426e-07,68.7,ASK
983,1712606840.1366014,988779848.3610317,65.97,1.386416925272236e-09,68.7,BID
984,1712606845.2765255,988789593.3610317,65.88,-1.485494090621334e-07,68.7,ASK
985,1712606850.3205178,988789593.3610317,65.88,-0.0,68.7,ASK
986,1712606853.6865518,988789594.2915764,65.88,-1.4184252092534808e-11,68.7,ASK
987,1712606853.6979847,988791302.6637566,65.87,-2.6040641345269952e-08,68.7,ASK
988,1712606872.657544,988792060.4335043,65.87,-1.1550650642812792e-08,68.7,ASK
989,1712606873.9712882,988792136.2521824,65.96,1.1557007450405548e-09,68.7,BID
990,1712606880.4854703,988792136.2521824,65.96,0.0,68.7,BID
991,1712606903.3953736,988792227.2026144,65.87,-1.3863498589060107e-09,68.7,ASK
992,1712606910.5178518,988792227.2026144,65.87,-0.0,68.7,ASK
993,1712606928.1691377,988799891.3720368,65.87,-1.1682428549369105e-07,68.7,ASK
994,1712606932.1349297,988800003.36113,65.87,-1.707040265846865e-09,68.7,ASK
995,1712606932.1448312,988912064.9407848,65.87,-1.708145169160756e-06,68.7,ASK
996,1712606932.151004,988925567.3720368,65.87,-2.0581641616731682e-07,68.7,ASK
997,1712606932.1575377,988925567.9727696,65.87,-9.156922884747815e-12,68.7,ASK
998,1712606932.504857,988930671.3720368,65.86,-7.77906828637998e-08,68.7,ASK
999,1712606933.346133,988931185.6528548,65.86,-7.839138960406374e-09,68.7,ASK
1000,1712606933.3517313,988935991.3720368,65.86,-7.325317053511904e-08,68.7,ASK
1201,1712606933.5131638,988937039.2908878,65.85,-1.59733383087613e-08,68.7,ASK
1202,1712606933.516715,988939560.3720368,65.86,-3.842862646370679e-08,68.7,ASK
1203,1712606934.645115,988939945.6880026,65.82,-5.8733386390208486e-09,68.7,ASK
1204,1712606934.6483655,988940416.3720368,65.85,-7.174596873793016e-09,68.7,ASK
1205,1712606934.8843918,988949682.3720368,65.87,-1.4124085334314634e-07,68.7,ASK
1206,1712606938.224658,988949773.3362576,65.96,1.38655991411126e-09,68.7,BID
1207,1712606940.3404276,988949773.3362576,65.96,0.0,68.7,BID
1208,1712606946.3144407,988949773.6003472,65.87,-4.0248603285697776e-12,68.7,ASK
1209,1712606957.154388,988949850.1851212,65.94,1.1671905986473407e-09,68.7,BID
1210,1712606957.8943496,988950909.1851212,65.87,-1.613969431787795e-08,68.7,ASK
1211,1712606958.5141418,988950909.3488748,65.87,-2.495684290042476e-12,68.7,ASK
1212,1712606958.5159545,989019909.3488748,65.87,-1.0515948139127275e-06,68.7,ASK
1213,1712606958.834486,989023524.0329088,65.82,-5.5089608468516574e-08,68.7,ASK
1214,1712606958.837294,989023972.5174328,65.81,-6.835130428561295e-09,68.7,ASK
1215,1712606958.840036,989040622.1851212,65.82,-2.537493361515934e-07,68.7,ASK
1216,1712606966.144564,989040652.222224,65.81,-4.5778060215777516e-10,68.7,ASK
1217,1712606966.147996,989040713.149342,65.8,-9.285600163905967e-10,68.7,ASK
1218,1712606968.6539383,989050131.9091234,65.82,1.4354665129991265e-07,68.7,BID
1219,1712606970.326764,989050131.9091234,65.82,0.0,68.7,BID
1220,1712606970.647177,989080070.9091234,65.8,-4.56239510465232e-07,68.7,ASK
1221,1712606970.6611614,989080070.9820056,65.8,-1.1106492550493309e-12,68.7,ASK
1222,1712606980.8137789,989087135.0518416,65.82,1.0764914539338585e-07,68.7,BID
1223,1712606980.9937022,989090504.0518416,65.82,-5.134008853860738e-08,68.7,ASK
1224,1712606992.9235327,989090504.2035596,65.82,-2.312022666018741e-12,68.7,ASK
1225,1712606996.0938723,989090656.3179497,65.74,-2.318066563193015e-09,68.7,ASK
1226,1712606996.0974915,989092978.287225,65.73,-3.538441917090809e-08,68.7,ASK
1227,1712607000.413332,989092978.287225,65.73,-0.0,68.7,ASK
1228,1712607000.680333,989093069.4449278,65.82,1.3891674307605415e-09,68.7,BID
1229,1712607003.2233949,989093189.8428952,65.82,1.8347646969212022e-09,68.7,BID
1230,1712607004.204159,989093434.6209686,65.82,3.7302138701972745e-09,68.7,BID
1231,1712607022.3132284,989125556.6209686,65.73,-4.895125133530912e-07,68.7,ASK
1232,1712607024.1328037,989126971.785077,65.73,-2.156592178282189e-08,68.7,ASK
1233,1712607025.94338,989181612.785077,65.73,-8.32683308702019e-07,68.7,ASK
1234,1712607030.316219,989181612.785077,65.73,-0.0,68.7,ASK
1235,1712607031.1631591,989198958.2341378,65.73,-2.643067240645148e-07,68.7,ASK
1236,1712607034.133045,989202141.7181532,65.73,-4.850933684622337e-08,68.7,ASK
1237,1712607045.3528657,989269526.3354363,65.73,-1.0267942550240166e-06,68.7,ASK
1238,1712607045.3559597,989278861.7938056,65.73,-1.4225197690586578e-07,68.7,ASK
1239,1712607053.9825788,989278937.7852962,65.81,1.157944188560586e-09,68.7,BID
1240,1712607060.5023148,989278937.7852962,65.81,0.0,68.7,BID
1241,1712607063.6625805,989279028.942999,65.73,-1.3889087175550607e-09,68.7,ASK
1242,1712607064.4025886,989279118.8019044,65.81,1.369119812193948e-09,68.7,BID
1243,1712607064.4124212,989280852.3740884,65.81,2.6413275511567323e-08,68.7,BID
1244,1712607066.672436,989288822.294293,65.73,-1.2143232343320712e-07,68.7,ASK
1245,1712607079.0025988,989321949.978537,65.73,-5.047442840668576e-07,68.7,ASK
1246,1712607090.501795,989321949.978537,65.73,-0.0,68.7,ASK
1247,1712607092.5520694,989329108.576989,65.73,-1.0906606021022252e-07,68.7,ASK
1248,1712607101.5618117,989329199.734692,65.82,1.388848888388188e-09,68.7,BID
1249,1712607118.3417387,989336788.6134522,65.82,1.1562166998783045e-07,68.7,BID
1250,1712607120.3155832,989336788.6134522,65.82,0.0,68.7,BID
1251,1712607126.3517125,989351973.9712442,65.82,-2.3135569483417e-07,68.7,ASK
1252,1712607126.4316683,989357973.9712442,65.73,-9.141267449980712e-08,68.7,ASK
1253,1712607126.4916835,989365425.2712444,65.73,-1.1352387691782517e-07,68.7,ASK
1254,1712607126.7116416,989380610.2712444,65.73,-2.3135024371326185e-07,68.7,ASK
1255,1712607133.541715,989403575.0075548,65.73,-3.49877994222482e-07,68.7,ASK
1256,1712607150.3422682,989403575.0075548,65.73,-0.0,68.7,ASK
1257,1712607173.3910005,989404462.1008964,65.78,1.3514358335526161e-08,68.7,BID
1258,1712607180.5006194,989404462.1008964,65.78,0.0,68.7,BID
1259,1712607199.5110931,989404553.2585992,65.75,-1.3887340914203403e-09,68.7,ASK
1260,1712607205.0116189,989418522.2145456,65.73,-2.1280884387801339e-07,68.7,ASK
1261,1712607205.0153923,989418552.2585992,65.75,-4.577035214575193e-10,68.7,ASK
1262,1712607205.1984394,989420061.2585992,65.73,-2.29887291967856e-08,68.7,ASK
1263,1712607210.5001638,989420061.2585992,65.73,-0.0,68.7,ASK
1264,1712607222.7605207,989430302.3265724,65.73,-1.5601422192738722e-07,68.7,ASK
1265,1712607222.7634418,989432340.5437334,65.73,-3.1050556964717106e-08,68.7,ASK
1266,1712607222.7662983,989447554.2969664,65.73,-2.3176897950812325e-07,68.7,ASK
1267,1712607222.8602033,989450733.7381036,65.73,4.843616275946213e-08,68.7,BID
1268,1712607227.7502947,989451857.620546,65.73,1.7121421835787182e-08,68.7,BID
1269,1712607240.3164375,989451857.620546,65.73,0.0,68.7,BID
1270,1712607245.160638,989470946.6269368,65.72,-2.907960057051046e-07,68.7,ASK
1271,1712607245.1643872,989473429.5545084,65.72,-3.7824148909583785e-08,68.7,ASK
1272,1712607245.1673508,989488645.620546,65.72,-2.3179683299218985e-07,68.7,ASK
1273,1712607246.7000277,989488645.620546,65.73,0.0,68.7,BID
1274,1712607246.900014,989500383.620546,65.73,-1.788130531839061e-07,68.7,ASK
1275,1712607252.6803353,989503859.373779,65.73,-5.294854725666064e-08,68.7,ASK
1276,1712607256.9200685,989503971.961475,65.72,-1.7151260576652607e-09,68.7,ASK
1277,1712607256.923892,989503971.9636052,65.72,-3.2451872854834845e-14,68.7,ASK
1278,1712607257.1797187,989505380.9636052,65.72,-2.146426920566737e-08,68.7,ASK
1279,1712607265.329995,989505472.2461246,65.73,1.3905696017717216e-09,68.7,BID
1280,1712607270.3386486,989505472.2461246,65.73,0.0,68.7,BID
1281,1712607272.7398877,989535899.7525904,65.73,4.634983207304553e-07,68.7,BID
1282,1712607273.9096608,989535899.7717112,65.72,-2.9126489401347986e-13,68.7,ASK
1283,1712607279.179678,989543169.2852212,65.7,-1.1073557106134813e-07,68.7,ASK
1284,1712607280.529821,989547490.2852212,65.7,-6.582124125510801e-08,68.7,ASK
1285,1712607281.249409,989551811.2852212,65.7,-6.582124125510801e-08,68.7,ASK
1286,1712607286.2095635,989553957.2852212,65.7,-3.2689743979046934e-08,68.7,ASK
1287,1712607287.7396972,989565899.7717112,65.7,-1.819183717743693e-07,68.7,ASK
1288,1712607287.7428746,989575220.9556528,65.7,-1.4198840476640218e-07,68.7,ASK
1289,1712607297.7201593,989575312.2381722,65.7,-1.3904949631410815e-09,68.7,ASK
1290,1712607300.3021636,989581945.61646,65.7,-1.010454044492045e-07,68.7,ASK
1291,1712607300.33196,989581945.61646,65.7,-0.0,68.7,ASK
1292,1712607330.3299384,989581945.61646,65.7,-0.0,68.7,ASK
1293,1712607330.9991753,989584084.3795234,65.65,-3.2577498922197904e-08,68.7,ASK
1294,1712607334.370952,989584175.773278,65.65,1.39210368693144e-09,68.7,BID
1295,1712607341.7792838,989593163.4500414,65.65,1.3689970389519857e-07,68.7,BID
1296,1712607344.988822,989597002.901222,65.65,5.8482268955637785e-08,68.7,BID
1297,1712607360.503659,989597002.901222,65.65,0.0,68.7,BID
1298,1712607361.489477,989597094.2949768,65.61,-1.3920827264379812e-09,68.7,ASK
1299,1712607367.8891742,989598524.7396028,65.61,-2.1788110809055413e-08,68.7,ASK
1300,1712607367.8935535,989600203.2563964,65.61,-2.5566672924138225e-08,68.7,ASK
1301,1712607372.329157,989605407.6029296,65.61,-7.927107200280474e-08,68.7,ASK
1302,1712607372.333137,989608301.559844,65.61,-4.407989850368449e-08,68.7,ASK
1303,1712607376.118795,989617422.8796848,65.6,-1.38933254587822e-07,68.7,ASK
1304,1712607376.120679,989618293.6544082,65.61,-1.3263383859753758e-08,68.7,ASK
1305,1712607390.508351,989618293.6544082,65.61,-0.0,68.7,ASK
1306,1712607396.958811,989628748.0676233,65.61,1.592351520137496e-07,68.7,BID
1307,1712607396.9627154,989633053.3986592,65.61,6.5576137840228e-08,68.7,BID
1308,1712607397.318227,989633144.7367624,65.69,1.3912054598133891e-09,68.7,BID
1309,1712607397.9985862,989653113.780277,65.6,-3.041561122780582e-07,68.7,ASK
1310,1712607398.0018113,989663738.1180354,65.6,-1.618233374966479e-07,68.7,ASK
1311,1712607409.0584729,989679783.9627844,65.6,-2.4440037668742264e-07,68.7,ASK
1312,1712607420.318313,989679783.9627844,65.6,-0.0,68.7,ASK
1313,1712607429.2381206,989679875.3008876,65.6,-1.391119988193257e-09,68.7,ASK
1314,1712607436.868201,989697614.2586964,65.6,-2.701722270049119e-07,68.7,ASK
1315,1712607448.9892535,989703210.2586964,65.59,-8.522957203129367e-08,68.7,ASK
1316,1712607449.0077322,989705687.2586964,65.59,-3.772581306674667e-08,68.7,ASK
1317,1712607449.027733,989706099.2586964,65.59,-6.274943473354715e-09,68.7,ASK
1318,1712607450.322646,989706099.2586964,65.59,-0.0,68.7,ASK
1319,1712607451.1378193,989776666.2586964,65.59,-1.0747385794480528e-06,68.7,ASK
1320,1712607451.2777689,989795458.2586964,65.59,-2.862030040243713e-07,68.7,ASK
1321,1712607455.8380578,989797604.2586964,65.59,-3.2683676385499186e-08,68.7,ASK
1322,1712607455.997724,989804880.2586964,65.59,-1.1081380679445113e-07,68.7,ASK
1323,1712607457.0042078,989811703.2586964,65.59,-1.0391459644839746e-07,68.7,ASK
1324,1712607457.5177395,989814531.2586964,65.59,-4.3070567016864724e-08,68.7,ASK
1325,1712607458.3479788,989816744.2586964,65.59,-3.3704089394738914e-08,68.7,ASK
1326,1712607459.247717,989821358.2586964,65.59,-7.027142723331465e-08,68.7,ASK
1327,1712607459.3877132,989822608.2586964,65.59,-1.9037556142532145e-08,68.7,ASK
1328,1712607459.5476947,989829623.2586964,65.59,-1.068387650718904e-07,68.7,ASK
1329,1712607459.6876168,989837289.2586964,65.59,-1.1675352431092117e-07,68.7,ASK
1330,1712607459.9877849,989839968.2586964,65.59,-4.08012903246749e-08,68.7,ASK
1331,1712607460.1478417,989846762.2586964,65.59,-1.0347292514589073e-07,68.7,ASK
1332,1712607460.3078406,989853641.2586964,65.59,-1.0476747896358293e-07,68.7,ASK
1333,1712607460.3878436,989853732.7221107,65.6,1.392991911584027e-09,68.7,BID
1334,1712607460.4878523,989858479.7221107,65.59,-7.229702320688007e-08,68.7,ASK
1335,1712607461.458422,989859516.7221107,65.59,-1.5793556575844672e-08,68.7,ASK
1336,1712607461.6177883,989869411.7221107,65.59,-1.507012944242845e-07,68.7,ASK
1337,1712607462.3378575,989876221.7221107,65.59,-1.0371660586451516e-07,68.7,ASK
1338,1712607462.6579971,989887506.0182704,65.6,1.718603373342575e-07,68.7,BID
1339,1712607463.7941592,989928321.9592522,65.59,-6.216286143602102e-07,68.7,ASK
1340,1712607463.797705,989928322.3624996,65.59,-6.141475349659463e-12,68.7,ASK
1341,1712607463.7997577,990038059.8847114,65.58,-1.6713073920394577e-06,68.7,ASK
1342,1712607463.801756,990038212.3469768,65.58,-2.322007151129439e-09,68.7,ASK
1343,1712607463.8037856,990041211.9437296,65.58,-4.5683993266727494e-08,68.7,ASK
1344,1712607463.8058004,990050285.9912086,65.56,-1.3819815065768158e-07,68.7,ASK
1345,1712607463.807838,990056966.3744082,65.58,-1.0174253617420852e-07,68.7,ASK
1346,1712607463.8098717,990131474.0182704,65.56,-1.1347547624602615e-06,68.7,ASK
1347,1712607463.878426,990133474.0182704,65.56,-3.046008982805144e-08,68.7,ASK
1348,1712607463.8834567,990140046.4919788,65.54,-1.0009906977323541e-07,68.7,ASK
1349,1712607463.8934658,990174574.0182704,65.52,-5.258557761932216e-07,68.7,ASK
1350,1712607473.6777086,990187574.0566648,65.52,-1.979911686279185e-07,68.7,ASK
1351,1712607475.2778988,990199896.3596562,65.52,-1.8766922800492218e-07,68.7,ASK
1352,1712607480.5075626,990199896.3596562,65.52,-0.0,68.7,ASK
1353,1712607494.9074256,990199987.8230708,65.52,-1.392305299299959e-09,68.7,ASK
1354,1712607500.2876098,990238546.4919788,65.52,-5.869608001041441e-07,68.7,ASK
1355,1712607500.2925055,990245232.004508,65.52,-1.0177046808130673e-07,68.7,ASK
1356,1712607510.4929426,990245232.004508,65.52,-0.0,68.7,ASK
1357,1712607528.5274398,990245323.4818674,65.59,1.3924546094199902e-09,68.7,BID
1358,1712607540.3352623,990245323.4818674,65.59,0.0,68.7,BID
1359,1712607544.2572932,990246848.1045234,65.59,2.32075747204245e-08,68.7,BID
1360,1712607556.5470796,990249934.1045234,65.59,-4.69746237247349e-08,68.7,ASK
1361,1712607558.9388912,990249935.0872952,65.59,-1.4959602515841897e-11,68.7,ASK
1362,1712607558.9444106,990250025.5818828,65.54,-1.377494879729751e-09,68.7,ASK
1363,1712607570.3598454,990250025.5818828,65.54,-0.0,68.7,ASK
1364,1712607570.8607874,990251672.5818828,65.54,-2.5070266388536164e-08,68.7,ASK
1365,1712607570.8767557,990254672.5818828,65.54,-4.566533039806223e-08,68.7,ASK
1366,1712607574.4672034,990289299.5089638,65.53,-5.270833552761365e-07,68.7,ASK
1367,1712607574.4720693,990294562.0143762,65.54,-8.010468279203479e-08,68.7,ASK
1368,1712607590.671904,990296092.8400378,65.54,-2.3301886540500484e-08,68.7,ASK
1369,1712607592.4870503,990296184.3034524,65.6,1.392235683398846e-09,68.7,BID
1370,1712607593.957233,990296260.5382084,65.6,1.1604284400769832e-09,68.7,BID
1371,1712607594.1968691,990307573.39297,65.6,1.722017501445927e-07,68.7,BID
1372,1712607600.353732,990307573.39297,65.6,0.0,68.7,BID
1373,1712607603.0470648,990316125.39297,65.54,-1.3017306200117557e-07,68.7,ASK
1374,1712607603.9168005,990318042.5673084,65.54,-2.9181998832073712e-08,68.7,ASK
1375,1712607603.921822,990318047.09297,65.53,-6.888671965083988e-11,68.7,ASK
1376,1712607603.996659,990348534.897848,65.53,-4.640658225770219e-07,68.7,ASK
1377,1712607604.1169674,990349534.897848,65.52,-1.522135898049293e-08,68.7,ASK
1378,1712607604.1192732,990358476.50548,65.53,-1.36103419626382e-07,68.7,ASK
1379,1712607604.1216054,990368053.508213,65.52,-1.457749965578503e-07,68.7,ASK
1380,1712607604.1239195,990378959.0523244,65.52,-1.659972017985939e-07,68.7,ASK
1381,1712607604.1262414,990379050.6134416,65.53,-1.393684631319131e-09,68.7,ASK
1382,1712607604.216501,990396005.5743644,65.52,-2.5807754670855014e-07,68.7,ASK
1383,1712607605.297047,990414467.5822988,65.54,2.810168502691745e-07,68.7,BID
1384,1712607605.3018537,990423436.8120683,65.54,1.3652386609960097e-07,68.7,BID
1385,1712607605.3064787,990436453.819399,65.6,1.981365414316238e-07,68.7,BID
1386,1712607614.766833,990437162.2625128,65.5,-1.0783466950652284e-08,68.7,ASK
1387,1712607624.48659,990437253.7259274,65.5,-1.392197468259093e-09,68.7,ASK
1388,1712607630.2923076,990437253.7259274,65.5,-0.0,68.7,ASK
1389,1712607637.906433,990522182.5038782,65.51,-1.2925642059425547e-06,68.7,ASK
1390,1712607658.394634,990541089.2828368,65.52,-2.877496453025687e-07,68.7,ASK
1391,1712607658.4263048,990541180.760196,65.59,1.3922296202955527e-09,68.7,BID
1392,1712607660.3512723,990541180.760196,65.59,0.0,68.7,BID
1393,1712607666.616492,990541431.1570158,65.59,3.810492046083298e-09,68.7,BID
1394,1712607666.6210752,990541489.350254,65.59,8.855738312318501e-10,68.7,BID
1395,1712607674.9462905,990565628.5724396,65.52,-3.673461755617976e-07,68.7,ASK
1396,1712607683.3961222,990566238.421502,65.52,-9.280569151508453e-09,68.7,ASK
1397,1712607684.4369056,990566329.8988614,65.52,-1.392085371637805e-09,68.7,ASK
1398,1712607690.3234742,990566329.8988614,65.52,-0.0,68.7,ASK
1399,1712607695.0960894,990611005.9971488,65.52,-6.798554731790371e-07,68.7,ASK
1400,1712607701.566094,990621810.402524,65.52,-1.644153005810635e-07,68.7,ASK
1401,1712607702.0859995,990622582.5712956,65.52,-1.1750425523488641e-08,68.7,ASK
1402,1712607702.0909894,990632753.8782198,65.52,-1.5478116816118472e-07,68.7,ASK
1403,1712607702.1862144,990649777.0626355,65.52,-2.590491457325204e-07,68.7,ASK
1404,1712607720.4958956,990649777.0626355,65.52,-0.0,68.7,ASK
1405,1712607723.3661509,990649868.5399952,65.59,1.391934656763065e-09,68.7,BID
1406,1712607724.5362043,990660812.0156908,65.52,-1.665177392970066e-07,68.7,ASK
1407,1712607724.5403078,990665753.7799037,65.52,-7.519470300779903e-08,68.7,ASK
1408,1712607736.5162983,990673410.7477444,65.52,-1.1650969126765205e-07,68.7,ASK
1409,1712607737.9957192,990677944.9965812,65.52,-6.899388153371884e-08,68.7,ASK
1410,1712607738.6855776,990689318.2916284,65.52,-1.7305794176066853e-07,68.7,ASK
1411,1712607738.8255005,990701481.3988316,65.52,-1.850758543814256e-07,68.7,ASK
1412,1712607739.7255406,990703447.2397704,65.52,-2.9912561424315325e-08,68.7,ASK
1413,1712607741.3755727,990708847.7302324,65.52,-8.217475761922408e-08,68.7,ASK
1414,1712607742.8158405,990709847.7302324,65.52,-1.5216165679444694e-08,68.7,ASK
1415,1712607742.82004,990718383.3789716,65.52,-1.2987984539386732e-07,68.7,ASK
1416,1712607748.915843,990718474.8563308,65.51,-1.391934654949156e-09,68.7,ASK
1417,1712607749.6156034,990718640.9141188,65.51,-2.526762816603305e-09,68.7,ASK
1418,1712607750.4904678,990718640.9141188,65.51,-0.0,68.7,ASK
1419,1712607771.4859023,990730399.1628888,65.51,-1.7890317882381808e-07,68.7,ASK
1420,1712607773.9953308,990730475.4092678,65.59,1.1600978893250112e-09,68.7,BID
1421,1712607780.3118432,990730475.4092678,65.59,0.0,68.7,BID
1422,1712607784.4157934,990745740.2543296,65.51,-2.322537263419907e-07,68.7,ASK
1423,1712607784.4197526,990751845.2604346,65.52,-9.28873114312515e-08,68.7,ASK
1424,1712607784.423599,990752845.2604346,65.51,-1.521494161258845e-08,68.7,ASK
1425,1712607787.4056475,990777102.4947692,65.59,3.690724040818193e-07,68.7,BID
1426,1712607789.125321,990777193.9721284,65.59,1.3918226823593098e-09,68.7,BID
1427,1712607807.1958525,990789558.5239968,65.5,-1.881259347404891e-07,68.7,ASK
1428,1712607807.2013562,990807691.0749036,65.5,-2.758857033375332e-07,68.7,ASK
1429,1712607807.2755291,990807843.7466594,65.5,-2.3228918484332597e-09,68.7,ASK
1430,1712607807.2796235,990838188.177679,65.5,-4.616887462295889e-07,68.7,ASK
1431,1712607810.3338113,990838188.177679,65.5,-0.0,68.7,ASK
1432,1712607814.925587,990838279.6550382,65.5,-1.391673239997816e-09,68.7,ASK
1433,1712607822.045509,990839828.8131108,65.5,-2.356781886544521e-08,68.7,ASK
1434,1712607822.0497978,990866855.5868344,65.48,-4.111666323196965e-07,68.7,ASK
1435,1712607822.3113716,990879604.0081652,65.43,-1.939456599395307e-07,68.7,ASK
1436,1712607822.9751165,990880604.0081652,65.48,1.521330797833313e-08,68.7,BID
1437,1712607825.0354278,990880912.5982232,65.43,-4.69467559093549e-09,68.7,ASK
1438,1712607837.2253346,990881294.6859504,65.43,-5.8128182702821275e-09,68.7,ASK
1439,1712607840.4787652,990881294.6859504,65.43,-0.0,68.7,ASK
1440,1712607844.1261945,990906013.3674169,65.43,-3.760367701149332e-07,68.7,ASK
1441,1712607844.2952266,990973602.118872,65.43,1.028204349326566e-06,68.7,BID
1442,1712607853.417283,990975176.5257964,65.48,2.3950909175172814e-08,68.7,BID
1443,1712607853.4249463,990990285.6955502,65.48,2.298505849136788e-07,68.7,BID
1444,1712607853.5106685,991000413.5791736,65.48,1.540719981773593e-07,68.7,BID
1445,1712607853.6660962,991006141.056015,65.48,8.713012849409262e-08,68.7,BID
1446,1712607857.0954432,991051382.8248228,65.48,6.882474148133853e-07,68.7,BID
1447,1712607860.2950995,991055628.3171484,65.46,-6.458520952338454e-08,68.7,ASK
1448,1712607864.0851464,991057868.5607996,65.46,-3.4080053499286646e-08,68.7,ASK
1449,1712607864.54492,991065377.4713885,65.46,-1.1423046527811917e-07,68.7,ASK
1450,1712607865.8151696,991066836.8832856,65.48,2.2201529510635703e-08,68.7,BID
1451,1712607865.8207915,991088905.6898248,65.6,3.35725137387638e-07,68.7,BID
1452,1712607870.4884925,991088905.6898248,65.6,0.0,68.7,BID
1453,1712607870.7413654,991089213.7131011,65.6,4.684883092454923e-09,68.7,BID
1454,1712607885.6847413,991089305.1765158,65.6,1.3911137173394375e-09,68.7,BID
1455,1712607891.9257653,991101653.1641072,65.6,1.8780684038789695e-07,68.7,BID
1456,1712607891.9303668,991103086.0909364,65.6,2.1794114895918947e-08,68.7,BID
1457,1712607900.3490832,991103086.0909364,65.6,0.0,68.7,BID
1458,1712607901.0949717,991106846.0604488,65.6,5.7195760116002784e-08,68.7,BID
1459,1712607914.264718,991106937.5238634,65.52,-1.3913196657028615e-09,68.7,ASK
1460,1712607914.98448,991111510.6945952,65.6,6.956598325794233e-08,68.7,BID
1461,1712607930.340946,991111510.6945952,65.6,0.0,68.7,BID
1462,1712607931.7147155,991112510.6945952,65.6,1.521163379245594e-08,68.7,BID
1463,1712607936.764871,991135998.4994732,65.53,-3.572878863927422e-07,68.7,ASK
1464,1712607936.770362,991142998.4994732,65.53,-1.0648143654719157e-07,68.7,ASK
1465,1712607936.844648,991143658.2983804,65.53,-1.00366193523921e-08,68.7,ASK
1466,1712607936.8500116,991146891.341318,65.52,-4.9179865202610514e-08,68.7,ASK
1467,1712607936.8547864,991151289.5560114,65.52,-6.690403125882507e-08,68.7,ASK
1468,1712607949.4547508,991151381.019426,65.6,1.391307969352931e-09,68.7,BID
1469,1712607953.9869711,991151457.2541822,65.6,1.1596551922344375e-09,68.7,BID
1470,1712607960.4776409,991151457.2541822,65.6,0.0,68.7,BID
1471,1712607975.034473,991151548.7175968,65.48,-1.3912525684930041e-09,68.7,ASK
1472,1712607982.214396,991151856.7408732,65.48,-4.685350710528615e-09,68.7,ASK
1473,1712607990.4942482,991151856.7408732,65.48,-0.0,68.7,ASK
1474,1712607994.155392,991152856.7408732,65.5,-1.521102204380843e-08,68.7,ASK
1475,1712607994.1605284,991155758.759402,65.48,-4.4142667815220894e-08,68.7,ASK
1476,1712607994.1662953,991156470.8186296,65.51,-1.0831148607304697e-08,68.7,ASK
1477,1712607994.16895,991158011.274758,65.48,-2.3431912127799414e-08,68.7,ASK
1478,1712607998.5244808,991187014.4960884,65.48,-4.4116863899642114e-07,68.7,ASK
1479,1712607998.5343387,991213011.274758,65.47,-3.954375734130426e-07,68.7,ASK
1480,1712608011.2344384,991213102.7521176,65.59,1.391464130557271e-09,68.7,BID
1481,1712608020.3291466,991213102.7521176,65.59,0.0,68.7,BID
1482,1712608044.7740054,991213194.2294768,65.49,-1.391379256083481e-09,68.7,ASK
1483,1712608050.3274362,991213194.2294768,65.49,-0.0,68.7,ASK
1484,1712608050.596714,991216090.9270576,65.47,-4.405903918452209e-08,68.7,ASK
1485,1712608050.5993698,991216711.019398,65.49,-9.431662081016193e-09,68.7,ASK
1486,1712608050.6019275,991217777.0766884,65.49,-1.621483037968436e-08,68.7,ASK
1487,1712608062.6442509,991223040.5625228,65.49,8.00581082984842e-08,68.7,BID
1488,1712608062.6624212,991229358.3723388,65.49,9.609447396190645e-08,68.7,BID
1489,1712608062.7638762,991239914.1170278,65.49,1.6055385690523478e-07,68.7,BID
1490,1712608066.4538927,991242829.8734958,65.49,-4.4348926631079567e-08,68.7,ASK
1491,1712608077.0205057,991246907.0460602,65.49,6.201417330327253e-08,68.7,BID
1492,1712608080.4943748,991246907.0460602,65.49,0.0,68.7,BID
1493,1712608085.864314,991251607.7668374,65.49,-7.149599863118092e-08,68.7,ASK
1494,1712608110.497252,991251607.7668374,65.49,-0.0,68.7,ASK
1495,1712608111.584359,991251699.2581456,65.58,1.391538050758386e-09,68.7,BID
1496,1712608113.1240177,991251954.0363556,65.58,3.875051959359744e-09,68.7,BID
1497,1712608113.1280932,991252004.6482816,65.58,7.697826392399667e-10,68.7,BID
1498,1712608133.983451,991252080.9062872,65.58,1.1598469653914247e-09,68.7,BID
1499,1712608140.327193,991252080.9062872,65.58,0.0,68.7,BID
1500,1712608144.5835402,991252172.3975954,65.5,-1.3915373940528127e-09,68.7,ASK
1501,1712608170.3287675,991252172.3975954,65.5,-0.0,68.7,ASK
1502,1712608177.1636813,991252263.8889036,65.58,1.3915372672201754e-09,68.7,BID
1503,1712608200.5690718,991252263.8889036,65.58,0.0,68.7,BID
1504,1712608207.9386013,991262712.1319067,65.58,1.589151125799331e-07,68.7,BID
1505,1712608207.943174,991273531.2972856,65.57,1.645567473555451e-07,68.7,BID
1506,1712608208.060045,991273622.788594,65.51,-1.391559476481214e-09,68.7,ASK
1507,1712608216.903474,991276581.2148546,65.51,-4.499690925443482e-08,68.7,ASK
1508,1712608216.9098024,991279581.2148546,65.51,-4.562923523093611e-08,68.7,ASK
