,time,acc_trade_volume,trade_price,dev,high,ask_bid
0,1712601588.441048,2171641.485951,50430.0,0.0,50820.0,BID
1,1712601600.1109831,2171641.485951,50430.0,0.0,50820.0,BID
2,1712601605.0398788,2171671.71565074,50430.0,2.6417081274688253e-10,50820.0,BID
3,1712601607.0994875,2171678.85385074,50430.0,6.237918708216977e-11,50820.0,BID
4,1712601608.1696217,2171684.46436939,50430.0,4.90291099309809e-11,50820.0,BID
5,1712601610.7598703,2171684.58334618,50430.0,1.0397124543218513e-12,50820.0,BID
6,1712601616.6998644,2171714.52939985,50430.0,2.6169209103963405e-10,50820.0,BID
7,1712601620.80028,2171746.12472003,50430.0,2.7610467463123337e-10,50820.0,BID
8,1712601620.802101,2171797.09637983,50430.0,4.4543031893014006e-10,50820.0,BID
9,1712601622.9098265,2171797.21535662,50420.0,-1.0397124543218513e-12,50820.0,ASK
10,1712601630.080553,2171797.21535662,50420.0,-0.0,50820.0,ASK
11,1712601635.2295203,2171893.27351562,50440.0,8.39373885513659e-10,50820.0,BID
12,1712601639.469724,2171896.53885175,50440.0,2.8533108522179063e-11,50820.0,BID
13,1712601639.4711945,2172025.96317862,50440.0,1.1309336058087628e-09,50820.0,BID
14,1712601641.7595809,2172028.28317862,50440.0,2.0272587300528503e-11,50820.0,BID
15,1712601641.7797253,2172032.27088095,50440.0,3.484527742305673e-11,50820.0,BID
16,1712601641.781336,2172100.79088888,50440.0,5.98740449435099e-10,50820.0,BID
17,1712601641.7995884,2172111.12129539,50440.0,9.026899476058279e-11,50820.0,BID
18,1712601641.8011856,2172111.64129539,50440.0,4.54385577474748e-12,50820.0,BID
19,1712601641.819849,2172174.09563829,50440.0,5.45737551217981e-10,50820.0,BID
20,1712601641.8212662,2172184.24339498,50440.0,8.867296699165707e-11,50820.0,BID
21,1712601641.822718,2172190.21185677,50440.0,5.215351840061272e-11,50820.0,BID
22,1712601641.839486,2172192.65306839,50450.0,2.133175676555996e-11,50820.0,BID
23,1712601641.841323,2172194.95292501,50450.0,2.0096570736715848e-11,50820.0,BID
24,1712601641.859569,2172199.86116519,50450.0,4.2889106701784265e-11,50820.0,BID
25,1712601641.919691,2172206.40989519,50450.0,5.7224008896812965e-11,50820.0,BID
26,1712601641.9397752,2172209.88262395,50450.0,3.0345343518479306e-11,50820.0,BID
27,1712601641.9416738,2172221.03262395,50450.0,9.743075362730084e-11,50820.0,BID
28,1712601641.981668,2172320.16030039,50450.0,8.66195894255335e-10,50820.0,BID
29,1712601641.983685,2172322.16030039,50450.0,1.7476368363787378e-11,50820.0,BID
30,1712601641.985621,2172652.9908535,50450.0,2.890858306074893e-09,50820.0,BID
31,1712601641.999874,2174191.66026291,50450.0,1.3445176694471013e-08,50820.0,BID
32,1712601642.001295,2174501.64759805,50450.0,2.708726428506725e-09,50820.0,BID
33,1712601642.0194974,2174510.89176925,50450.0,8.077727055328548e-11,50820.0,BID
34,1712601642.0400715,2174564.81539548,50450.0,4.711945777541927e-10,50820.0,BID
35,1712601642.0415473,2174608.94133657,50450.0,3.8558060044223884e-10,50820.0,BID
36,1712601642.0813107,2174609.15480831,50460.0,1.8653553819116463e-12,50820.0,BID
37,1712601642.083178,2174612.05479659,50460.0,2.5340631717227797e-11,50820.0,BID
38,1712601642.08506,2174612.16469131,50470.0,9.60280303157569e-13,50820.0,BID
39,1712601642.1017618,2174614.16469131,50470.0,1.7476368363787378e-11,50820.0,BID
40,1712601642.1032455,2174623.23146625,50480.0,7.92271493625309e-11,50820.0,BID
41,1712601642.104685,2174624.11225907,50470.0,7.696529886330718e-12,50820.0,BID
42,1712601642.1061437,2174627.51768811,50470.0,2.9757266170604186e-11,50820.0,BID
43,1712601642.107641,2174628.5081794,50480.0,8.655095323552239e-12,50820.0,BID
44,1712601642.1595569,2174653.23081779,50480.0,2.1603096771441147e-10,50820.0,BID
45,1712601642.2011385,2174662.43365073,50480.0,8.041604922522026e-11,50820.0,BID
46,1712601642.46978,2174712.56112918,50480.0,4.380231392665587e-10,50820.0,BID
47,1712601642.4716132,2174713.33308935,50480.0,6.745530146617985e-12,50820.0,BID
48,1712601643.2999966,2174713.4519483,50480.0,1.038611398624212e-12,50820.0,BID
49,1712601643.6497986,2174715.25602008,50480.0,1.5764311489498357e-11,50820.0,BID
50,1712601643.6515858,2174734.61221453,50480.0,1.6913799216512306e-10,50820.0,BID
51,1712601643.6533997,2174766.83935793,50490.0,2.8160671468447777e-10,50820.0,BID
52,1712601646.079654,2174767.33548811,50460.0,-4.335276891730667e-12,50820.0,ASK
53,1712601647.7196596,2174767.83161829,50460.0,-4.335276891730667e-12,50820.0,ASK
54,1712601652.1997683,2174768.32774847,50460.0,-4.335276891730667e-12,50820.0,ASK
55,1712601653.1098888,2174768.82387865,50460.0,-4.335276891730667e-12,50820.0,ASK
56,1712601655.169628,2174768.9427376,50460.0,-1.038611394555178e-12,50820.0,ASK
57,1712601660.1496687,2174768.9427376,50460.0,-0.0,50820.0,ASK
58,1712601664.329805,2174771.94935215,50460.0,-2.6237978130173853e-11,50820.0,ASK
59,1712601666.4632225,2174872.76905215,50490.0,8.7982847142307e-10,50820.0,BID
60,1712601667.33976,2174909.2390462,50490.0,3.182645764438686e-10,50820.0,BID
61,1712601667.7995555,2174975.37008205,50490.0,5.77109118409001e-10,50820.0,BID
62,1712601671.4392323,2175010.37173405,50490.0,3.0545072020987285e-10,50820.0,BID
63,1712601671.5996938,2175040.0982501,50490.0,2.594159194756441e-10,50820.0,BID
64,1712601671.9201615,2175040.21708551,50490.0,1.0370470971613597e-12,50820.0,BID
65,1712601672.2396126,2175049.40708352,50490.0,8.019882921338319e-11,50820.0,BID
66,1712601673.0892284,2175454.73708352,50490.0,3.5372141984191513e-09,50820.0,BID
67,1712601673.164988,2175525.05222529,50490.0,6.13622771157186e-10,50820.0,BID
68,1712601673.1658523,2175564.27833408,50490.0,3.4231650497258166e-10,50820.0,BID
69,1712601673.1667197,2176064.46708352,50490.0,4.365022935411752e-09,50820.0,BID
70,1712601673.2100277,2176097.09023651,50490.0,2.8469415033383237e-10,50820.0,BID
71,1712601673.2116685,2176119.36427852,50490.0,1.9438003023085526e-10,50820.0,BID
72,1712601673.4494596,2176140.05427852,50490.0,1.8055648919439768e-10,50820.0,BID
73,1712601673.471661,2176220.05427852,50490.0,6.98140122551514e-10,50820.0,BID
74,1712601673.5697927,2176587.5754694,50490.0,3.207266115514354e-09,50820.0,BID
75,1712601673.5892167,2176619.08743032,50490.0,2.7499705323518767e-10,50820.0,BID
76,1712601673.7095077,2176642.62319242,50490.0,2.0539074796059544e-10,50820.0,BID
77,1712601673.8097467,2176683.95292359,50490.0,3.6067429479726626e-10,50820.0,BID
78,1712601673.929134,2176700.30837682,50490.0,1.4272997652950338e-10,50820.0,BID
79,1712601674.0040944,2176749.04135133,50490.0,4.252805599604105e-10,50820.0,BID
80,1712601674.0317976,2176761.22457092,50490.0,1.063199302223902e-10,50820.0,BID
81,1712601674.0494938,2176786.80457092,50490.0,2.232303041824331e-10,50820.0,BID
82,1712601674.112019,2176799.40148674,50490.0,1.09930154430614e-10,50820.0,BID
83,1712601674.1140878,2176820.03046454,50490.0,1.8002396361570668e-10,50820.0,BID
84,1712601674.1295004,2176914.24390414,50490.0,8.22177278354963e-10,50820.0,BID
85,1712601674.169339,2176939.1596308,50490.0,2.174333558008937e-10,50820.0,BID
86,1712601674.3894937,2177050.22513209,50490.0,9.692410335222702e-10,50820.0,BID
87,1712601674.4100332,2177055.22513209,50500.0,4.3633757659469627e-11,50820.0,BID
88,1712601674.412104,2177078.33644529,50500.0,2.016866878729664e-10,50820.0,BID
89,1712601674.8495069,2177096.39146269,50500.0,1.5756165075440878e-10,50820.0,BID
90,1712601674.8515048,2177106.40644529,50500.0,8.739826474439075e-11,50820.0,BID
91,1712601677.4605324,2177110.36684133,50500.0,3.456139221099242e-11,50820.0,BID
92,1712601677.4627676,2177147.90363191,50500.0,3.275742446965979e-10,50820.0,BID
93,1712601677.4648907,2177164.44644529,50500.0,1.4436502200385823e-10,50820.0,BID
94,1712601679.250403,2177209.81473593,50500.0,3.9591779984157587e-10,50820.0,BID
95,1712601679.2531438,2177248.20624447,50500.0,3.3503315596437325e-10,50820.0,BID
96,1712601679.2553158,2177854.44644529,50500.0,5.290507601200859e-09,50820.0,BID
97,1712601680.469393,2177872.35059104,50500.0,1.5624503135295948e-10,50820.0,BID
98,1712601680.4800196,2177874.40644529,50500.0,1.7940929223318116e-11,50820.0,BID
99,1712601682.4406192,2177918.50644529,50500.0,3.8484974255733485e-10,50820.0,BID
100,1712601682.679493,2177924.16500864,50500.0,4.938087638172399e-11,50820.0,BID
101,1712601682.781528,2177924.26500864,50500.0,8.72675154002135e-13,50820.0,BID
102,1712601682.7844946,2177981.22574319,50500.0,4.970821774912284e-10,50820.0,BID
103,1712601682.7896984,2177994.90046302,50500.0,1.1933588222505334e-10,50820.0,BID
104,1712601682.82018,2177998.07540103,50500.0,2.7706895142888198e-11,50820.0,BID
105,1712601682.8594894,2178005.43540103,50500.0,6.422889127360145e-11,50820.0,BID
106,1712601683.1000917,2178057.53119666,50500.0,4.546270643194375e-10,50820.0,BID
107,1712601683.1026905,2178080.43000103,50500.0,1.9983217611717601e-10,50820.0,BID
108,1712601683.179498,2178082.41019905,50500.0,1.7280696101432498e-11,50820.0,BID
109,1712601683.4401898,2178084.93236148,50500.0,2.201028484958644e-11,50820.0,BID
110,1712601683.4793398,2178093.5639906,50500.0,7.53260826465104e-11,50820.0,BID
111,1712601683.489102,2178136.96583452,50500.0,3.7875710791487237e-10,50820.0,BID
112,1712601683.6993408,2178138.38162756,50500.0,1.2355274083297188e-11,50820.0,BID
113,1712601683.7091515,2178175.83021717,50500.0,3.2680453674577475e-10,50820.0,BID
114,1712601683.9491131,2178232.57021717,50500.0,4.951558819175482e-10,50820.0,BID
115,1712601684.0892746,2178249.80718954,50500.0,1.5042277503672484e-10,50820.0,BID
116,1712601684.610761,2178252.96844822,50500.0,2.7587519026785347e-11,50820.0,BID
117,1712601684.732831,2178253.06943832,50500.0,8.813155124823634e-13,50820.0,BID
118,1712601684.735376,2178253.14169137,50500.0,6.305344131739568e-13,50820.0,BID
119,1712601684.7379117,2178254.94864624,50500.0,1.576884617983989e-11,50820.0,BID
120,1712601684.769625,2178255.517929,50500.0,4.9679891971455694e-12,50820.0,BID
121,1712601684.771656,2178326.02579334,50500.0,6.153046131414833e-10,50820.0,BID
122,1712601685.30944,2178357.03579334,50500.0,2.7061656500208004e-10,50820.0,BID
123,1712601686.3892436,2178359.01599136,50500.0,1.728069610549621e-11,50820.0,BID
124,1712601686.4093015,2178360.00609036,50500.0,8.640347967410188e-12,50820.0,BID
125,1712601686.4691336,2178360.99618936,50500.0,8.640347963346478e-12,50820.0,BID
126,1712601686.529166,2178361.98628836,50500.0,8.640347963346478e-12,50820.0,BID
127,1712601686.9594064,2178362.10604883,50470.0,-1.0451198650255438e-12,50820.0,ASK
128,1712601686.9794648,2178364.48489622,50500.0,2.0759610104367283e-11,50820.0,BID
129,1712601687.0795534,2178402.43770826,50500.0,3.3120476061171284e-10,50820.0,BID
130,1712601687.0822315,2178444.66904478,50500.0,3.6854238067030416e-10,50820.0,BID
131,1712601687.43996,2178447.55059987,50500.0,2.514661529351221e-11,50820.0,BID
132,1712601687.442491,2178498.55289147,50500.0,4.4508432635231965e-10,50820.0,BID
133,1712601687.4450662,2178525.77424034,50500.0,2.3755394795218927e-10,50820.0,BID
134,1712601687.73942,2178535.75424034,50500.0,8.709298028813881e-11,50820.0,BID
135,1712601688.7992697,2178537.73443836,50500.0,1.728069610549621e-11,50820.0,BID
136,1712601688.8395543,2178543.30803836,50500.0,4.8639422336161375e-11,50820.0,BID
137,1712601688.899724,2178543.42687377,50470.0,-1.0370470971613597e-12,50820.0,ASK
138,1712601689.7291803,2178594.17964727,50500.0,4.42906843889406e-10,50820.0,BID
139,1712601689.749291,2178602.81203655,50500.0,7.533271637326461e-11,50820.0,BID
140,1712601689.7518644,2178606.03547386,50500.0,2.8130136480657275e-11,50820.0,BID
141,1712601689.8395758,2178611.69971467,50500.0,4.9430422166458636e-11,50820.0,BID
142,1712601690.1403902,2178611.69971467,50500.0,0.0,50820.0,BID
143,1712601690.150839,2178618.31971467,50500.0,5.767343632435617e-11,50820.0,BID
144,1712601690.7706428,2178618.45943522,50470.0,-1.2172453523201316e-12,50820.0,ASK
145,1712601690.8397224,2178678.55127049,50500.0,5.235200354999017e-10,50820.0,BID
146,1712601691.3734286,2178681.56127049,50500.0,2.6223118326358063e-11,50820.0,BID
147,1712601691.5691516,2178683.54146851,50500.0,1.7251484051483255e-11,50820.0,BID
148,1712601691.5892746,2178728.52943281,50500.0,3.9193511999593727e-10,50820.0,BID
149,1712601692.0995383,2178734.13003281,50500.0,4.8792424089582624e-11,50820.0,BID
150,1712601692.5793498,2178747.85003281,50500.0,1.1952863238196754e-10,50820.0,BID
151,1712601693.1997912,2178749.83023083,50500.0,1.7251484047426412e-11,50820.0,BID
152,1712601693.3595123,2178752.11102443,50470.0,-1.9870272578670515e-11,50820.0,ASK
153,1712601695.0493891,2178754.09122245,50500.0,1.7251484051483255e-11,50820.0,BID
154,1712601698.1199436,2178762.01201452,50500.0,6.900593611262568e-11,50820.0,BID
155,1712601708.579894,2178767.06754935,50480.0,-4.404381663397648e-11,50820.0,ASK
156,1712601709.5140035,2178778.19920618,50480.0,-9.697898811833467e-11,50820.0,ASK
157,1712601716.1299882,2178799.80803212,50470.0,-1.8825607958967234e-10,50820.0,ASK
158,1712601716.1328382,2178808.42890592,50470.0,-7.510504775785179e-11,50820.0,ASK
159,1712601716.189594,2178817.59799205,50470.0,-7.988107327110009e-11,50820.0,ASK
160,1712601716.229274,2178847.82769179,50470.0,-2.6336112734752416e-10,50820.0,ASK
161,1712601717.2598464,2178891.40479344,50460.0,-3.796436853704671e-10,50820.0,ASK
162,1712601717.2626257,2178930.52833511,50460.0,-3.408442732999001e-10,50820.0,ASK
163,1712601720.0905497,2178930.52833511,50460.0,-0.0,50820.0,ASK
164,1712601734.1196828,2178933.46293511,50470.0,2.556264917569325e-11,50820.0,BID
165,1712601735.6908717,2178933.81918634,50470.0,3.1032253833585697e-12,50820.0,BID
166,1712601737.9594126,2178936.52224259,50470.0,2.3545722963477887e-11,50820.0,BID
167,1712601737.9622445,2178947.74387205,50470.0,9.774912323587146e-11,50820.0,BID
168,1712601740.7892766,2178948.17434045,50470.0,-3.749714676494281e-12,50820.0,ASK
169,1712601749.9993396,2178951.92434045,50490.0,3.266541756969927e-11,50820.0,BID
170,1712601750.0899374,2178951.92434045,50490.0,0.0,50820.0,BID
171,1712601751.2091038,2178953.17434045,50490.0,1.0888370095871651e-11,50820.0,BID
172,1712601767.799046,2179052.18424144,50500.0,8.624451561072801e-10,50820.0,BID
173,1712601772.558829,2179054.18424144,50490.0,-1.7421392153394643e-11,50820.0,ASK
174,1712601778.0199392,2179287.00647079,50500.0,2.028043679766844e-09,50820.0,BID
175,1712601778.02275,2179383.84055923,50500.0,8.43492314265332e-10,50820.0,BID
176,1712601778.0255735,2182412.40361863,50500.0,2.63808923595446e-08,50820.0,BID
177,1712601778.0287502,2182986.51031051,50500.0,5.000868908566114e-09,50820.0,BID
178,1712601780.1344628,2182986.51031051,50500.0,0.0,50820.0,BID
179,1712601781.7093158,2182986.62909886,50510.0,1.0328960560710013e-12,50820.0,BID
180,1712601781.8488295,2182986.72909886,50510.0,8.695263953361339e-13,50820.0,BID
181,1712601781.8587916,2182998.78313282,50510.0,1.0481300688519367e-10,50820.0,BID
182,1712601785.7889924,2183001.16787047,50500.0,-2.0735923306369888e-11,50820.0,ASK
183,1712601786.8889594,2183015.70181977,50510.0,1.2637652533214888e-10,50820.0,BID
184,1712601788.4288194,2183021.67196902,50500.0,-5.1912023519363296e-11,50820.0,ASK
185,1712601789.9797964,2183024.1024457,50500.0,-2.113363624886772e-11,50820.0,ASK
186,1712601790.8192558,2183024.22123405,50500.0,-1.0328960560710013e-12,50820.0,ASK
187,1712601792.0888815,2183035.6051082,50510.0,9.898579045384894e-11,50820.0,BID
188,1712601792.189283,2183035.70607831,50510.0,8.77961756377285e-13,50820.0,BID
189,1712601792.1927142,2183039.43560733,50510.0,3.242923921964372e-11,50820.0,BID
190,1712601792.7289104,2183043.27176008,50510.0,3.335636069618362e-11,50820.0,BID
191,1712601792.9889598,2183068.3131686,50510.0,2.1774165664423247e-10,50820.0,BID
192,1712601793.1093342,2183074.793996,50510.0,5.635250482665221e-11,50820.0,BID
193,1712601793.1688766,2183076.77380197,50510.0,1.7214935466368174e-11,50820.0,BID
194,1712601795.0888665,2183079.07370197,50510.0,1.999823754756841e-11,50820.0,BID
195,1712601798.0891664,2183081.40116682,50510.0,2.023792119540964e-11,50820.0,BID
196,1712601798.6789997,2183083.38136483,50510.0,1.7218344359712873e-11,50820.0,BID
197,1712601804.069183,2183097.69357338,50510.0,1.2444843098234554e-10,50820.0,BID
198,1712601804.0786152,2183273.87775049,50510.0,1.53196792295021e-09,50820.0,BID
199,1712601805.459309,2183274.66209644,50520.0,6.820095059648145e-12,50820.0,BID
200,1712601805.4618993,2183276.64151054,50520.0,1.7211528059024017e-11,50820.0,BID
201,1712601805.5589447,2183276.76423421,50520.0,1.067114700764336e-12,50820.0,BID
202,1712601807.0589392,2183276.88299905,50520.0,1.0326916317946102e-12,50820.0,BID
203,1712601810.0292318,2183303.78591066,50520.0,2.3392791734477637e-10,50820.0,BID
204,1712601810.032578,2183403.72304486,50520.0,8.68979759804293e-10,50820.0,BID
205,1712601810.1311157,2183404.72304486,50530.0,8.695263945263245e-12,50820.0,BID
206,1712601810.1394436,2183421.31394486,50530.0,1.442622545870256e-10,50820.0,BID
207,1712601810.1419797,2183421.31394486,50530.0,0.0,50820.0,BID
208,1712601810.2097638,2183422.31394486,50540.0,8.693670836604925e-12,50820.0,BID
209,1712601810.2131827,2183424.12771572,50540.0,1.5768326829586917e-11,50820.0,BID
210,1712601810.219821,2183424.12773524,50530.0,1.6970093725232495e-16,50820.0,BID
211,1712601810.2224247,2183427.98618268,50540.0,3.354407198342783e-11,50820.0,BID
212,1712601810.2497375,2183431.25271508,50540.0,2.8398157464072628e-11,50820.0,BID
213,1712601810.25306,2183530.42437888,50540.0,8.62165801393812e-10,50820.0,BID
214,1712601810.271478,2183552.42173917,50540.0,1.9123780963570903e-10,50820.0,BID
215,1712601810.432827,2183554.95458863,50540.0,2.2019759483120564e-11,50820.0,BID
216,1712601810.4524877,2183612.58114174,50540.0,5.009862841891902e-10,50820.0,BID
217,1712601810.4551153,2183627.04559554,50540.0,1.2574920016948544e-10,50820.0,BID
218,1712601810.4607651,2183630.04559554,50550.0,2.6081012509814768e-11,50820.0,BID
219,1712601810.462282,2183645.75004426,50540.0,1.3652930784180078e-10,50820.0,BID
220,1712601810.463838,2183659.65994863,50550.0,1.209281299581179e-10,50820.0,BID
221,1712601810.4654057,2183681.79458863,50540.0,1.9243127424931247e-10,50820.0,BID
222,1712601810.9804418,2183685.7518502,50520.0,-3.4403129502170237e-11,50820.0,ASK
223,1712601811.0196917,2183686.33796295,50550.0,5.095471323623769e-12,50820.0,BID
224,1712601811.0391915,2183691.38347146,50520.0,-4.386399018894622e-11,50820.0,ASK
225,1712601811.25868,2183692.77930701,50520.0,-1.2134934814046814e-11,50820.0,ASK
226,1712601811.8387969,2183696.52930701,50550.0,3.260126563726847e-11,50820.0,BID
227,1712601812.1391983,2183702.37193054,50550.0,5.0793845791637976e-11,50820.0,BID
228,1712601812.1418178,2183705.15930701,50550.0,2.4232533527290933e-11,50820.0,BID
229,1712601812.1592891,2183707.53319426,50550.0,2.063779435645125e-11,50820.0,BID
230,1712601812.1626167,2183737.69930701,50550.0,2.6225425466699687e-10,50820.0,BID
231,1712601812.2591145,2183746.86805163,50550.0,7.971004771061375e-11,50820.0,BID
232,1712601813.0402987,2183776.99017277,50550.0,2.6187180609058736e-10,50820.0,BID
233,1712601813.0443242,2184191.80628157,50550.0,3.606274707628541e-09,50820.0,BID
234,1712601813.0490274,2184297.57327673,50550.0,9.195034412970364e-10,50820.0,BID
235,1712601814.3893008,2184299.55112484,50560.0,1.7194760435356788e-11,50820.0,BID
236,1712601814.392728,2184320.30501928,50560.0,1.8042752683812206e-10,50820.0,BID
237,1712601814.39599,2184342.54327673,50560.0,1.9333209025042583e-10,50820.0,BID
238,1712601816.769321,2184343.10533565,50530.0,-4.886355241611725e-12,50820.0,ASK
239,1712601817.2794096,2184348.22294245,50560.0,4.449078899080177e-11,50820.0,BID
240,1712601817.2832184,2184349.35313565,50550.0,9.82552766224212e-12,50820.0,BID
241,1712601818.2789557,2184353.79806144,50560.0,3.864272170897328e-11,50820.0,BID
242,1712601818.3028357,2184401.22488249,50560.0,4.123131710373011e-10,50820.0,BID
243,1712601818.3055296,2184421.80994827,50560.0,1.789597860429841e-10,50820.0,BID
244,1712601818.3085442,2184528.39931484,50560.0,9.266528676387531e-10,50820.0,BID
245,1712601818.311318,2184564.4098108,50570.0,3.1306339854127686e-10,50820.0,BID
246,1712601818.3140602,2184574.4098108,50560.0,8.693670836604925e-11,50820.0,BID
247,1712601818.315941,2184740.18954244,50570.0,1.441234418259959e-09,50820.0,BID
248,1712601820.9687877,2184763.85359584,50570.0,2.05727490915803e-10,50820.0,BID
249,1712601821.1687858,2184787.69634572,50570.0,2.0728101929762246e-10,50820.0,BID
250,1712601821.6159663,2184787.89409141,50570.0,1.7191359392800912e-12,50820.0,BID
251,1712601824.1402102,2184788.29123199,50570.0,3.45260947632492e-12,50820.0,BID
252,1712601824.1437645,2184832.68696824,50570.0,3.859619175070556e-10,50820.0,BID
253,1712601825.359218,2184834.27278658,50570.0,1.3786582655224536e-11,50820.0,BID
254,1712601825.3629966,2184835.96807638,50570.0,1.4738291493363182e-11,50820.0,BID
255,1712601825.399072,2184836.96807638,50580.0,8.693670836604925e-12,50820.0,BID
256,1712601825.4026344,2184843.30774819,50580.0,5.511501992961346e-11,50820.0,BID
257,1712601825.408582,2184905.19998622,50580.0,5.38070744771399e-10,50820.0,BID
258,1712601827.870195,2184915.08531639,50580.0,8.593980660850803e-11,50820.0,BID
259,1712601827.8740718,2184923.65302522,50580.0,7.448484039492888e-11,50820.0,BID
260,1712601827.8772578,2184926.63513257,50590.0,2.592545969746365e-11,50820.0,BID
261,1712601827.8806655,2184931.04895908,50590.0,3.837235481051724e-11,50820.0,BID
262,1712601827.8835,2184941.04895908,50580.0,8.693670836604925e-11,50820.0,BID
263,1712601827.8863225,2184943.67346986,50590.0,2.2816632828239943e-11,50820.0,BID
264,1712601827.8883212,2184949.27395067,50580.0,4.8688736687191405e-11,50820.0,BID
265,1712601827.8898976,2184956.27395067,50590.0,6.085569585623448e-11,50820.0,BID
266,1712601827.8915424,2184975.93895252,50600.0,1.709610530860793e-10,50820.0,BID
267,1712601827.8931713,2185036.37439647,50590.0,5.254058565643925e-10,50820.0,BID
268,1712601827.8948216,2185067.949386,50600.0,2.7450256564530876e-10,50820.0,BID
269,1712601827.8964689,2185068.249386,50590.0,2.6081012493621558e-12,50820.0,BID
270,1712601828.088786,2185071.21439885,50570.0,-2.577684574628923e-11,50820.0,ASK
271,1712601828.7887373,2185077.89213878,50590.0,-5.805407288277344e-11,50820.0,ASK
272,1712601830.0994267,2185078.09138165,50570.0,-1.7321519270833456e-12,50820.0,ASK
273,1712601830.1256778,2185078.21014649,50570.0,-1.0325024264995965e-12,50820.0,ASK
274,1712601831.7191126,2185095.06287877,50600.0,1.4651210713803902e-10,50820.0,BID
275,1712601831.72882,2185101.44484642,50600.0,5.5482726041228176e-11,50820.0,BID
276,1712601831.73161,2185107.85441526,50600.0,5.5722681696967895e-11,50820.0,BID
277,1712601832.9087548,2185176.98979075,50600.0,6.010401976787268e-10,50820.0,BID
278,1712601835.0590022,2185177.18903362,50580.0,-1.7321519270833456e-12,50820.0,ASK
279,1712601840.0895898,2185177.18903362,50580.0,-0.0,50820.0,ASK
280,1712601842.3787634,2185179.83034142,50600.0,2.2944774132005954e-11,50820.0,BID
281,1712601842.6591382,2185180.0295446,50580.0,-1.7304579057704149e-12,50820.0,ASK
282,1712601843.0387278,2185180.14812167,50600.0,1.0300670334139485e-12,50820.0,BID
283,1712601845.489361,2185182.28250903,50600.0,1.854120745902341e-11,50820.0,BID
284,1712601857.698801,2185182.75681733,50600.0,4.120268307597354e-12,50820.0,BID
285,1712601859.1388164,2185183.23112563,50600.0,4.120268303552201e-12,50820.0,BID
286,1712601859.5987856,2185183.3497027,50590.0,-1.0300670334139485e-12,50820.0,ASK
287,1712601860.6688588,2185183.824011,50600.0,4.120268303552201e-12,50820.0,BID
288,1712601861.3687663,2185203.46827977,50590.0,-1.7064777906928236e-10,50820.0,ASK
289,1712601862.1317255,2185203.94268182,50590.0,4.121082701985465e-12,50820.0,BID
290,1712601863.4921432,2185204.41708387,50590.0,4.121082701985465e-12,50820.0,BID
291,1712601867.3287685,2185206.39166487,50590.0,1.7152985747216883e-11,50820.0,BID
292,1712601867.7286863,2185225.75399382,50580.0,-1.6819859632072208e-10,50820.0,ASK
293,1712601867.7325213,2185420.0353229,50580.0,-1.6877022866008495e-09,50820.0,ASK
294,1712601867.9287453,2185420.6366868,50590.0,5.223987472773237e-12,50820.0,BID
295,1712601868.5917633,2185420.98655831,50590.0,3.0392984777977802e-12,50820.0,BID
296,1712601870.0385914,2185440.53697286,50590.0,1.6983247693275228e-10,50820.0,BID
297,1712601870.0893202,2185440.53697286,50590.0,0.0,50820.0,BID
298,1712601876.859676,2185442.34271643,50590.0,1.5684497102705468e-11,50820.0,BID
299,1712601876.9826238,2185442.51364809,50590.0,-1.484694267918205e-12,50820.0,ASK
300,1712601881.8010385,2185442.63222516,50600.0,1.0299478524321617e-12,50820.0,BID
301,1712601885.9687192,2185523.73021883,50590.0,-7.04408570465656e-10,50820.0,ASK
302,1712601887.2588918,2185523.8487959,50550.0,-1.0299478524321617e-12,50820.0,ASK
303,1712601900.1109128,2185523.8487959,50550.0,-0.0,50820.0,ASK
304,1712601900.7384272,2185524.0547057,50550.0,-1.7891666853363185e-12,50820.0,ASK
305,1712601902.2095697,2185526.0805766,50550.0,-1.7602953949299763e-11,50820.0,ASK
306,1712601902.214624,2185563.61949304,50550.0,-3.261786411717181e-10,50820.0,ASK
307,1712601908.9686928,2185568.75986193,50560.0,-4.4665075571861765e-11,50820.0,ASK
308,1712601909.1287198,2185571.14775743,50560.0,2.074861459557383e-11,50820.0,BID
309,1712601909.3084614,2185573.52572673,50560.0,2.066236504820837e-11,50820.0,BID
310,1712601910.998714,2185575.52572673,50560.0,-1.7378159633096566e-11,50820.0,ASK
311,1712601911.3587074,2185587.44592167,50550.0,-1.0357552526400303e-10,50820.0,ASK
312,1712601914.2087831,2185637.44592167,50560.0,-4.3445399082741406e-10,50820.0,ASK
313,1712601915.9988148,2185753.10598974,50550.0,-1.0049795630480744e-09,50820.0,ASK
314,1712601916.0030413,2185772.8883834,50550.0,-1.7189079747351634e-10,50820.0,ASK
315,1712601916.9653258,2185774.8578414,50590.0,1.7112777755628892e-11,50820.0,BID
316,1712601917.2587738,2185774.99620866,50590.0,1.2022841650504317e-12,50820.0,BID
317,1712601930.0884795,2185774.99620866,50590.0,0.0,50820.0,BID
318,1712601937.9483917,2185775.11485607,50570.0,1.0308230974210096e-12,50820.0,BID
319,1712601940.4789577,2185790.11485607,50530.0,-1.3032182036141469e-10,50820.0,ASK
320,1712601940.4809225,2185791.9970696,50530.0,-1.6352899570367686e-11,50820.0,ASK
321,1712601959.4281418,2185792.11571701,50500.0,-1.0308230974210096e-12,50820.0,ASK
322,1712601960.1395462,2185792.11571701,50500.0,-0.0,50820.0,ASK
323,1712601963.7584472,2185792.1970696,50500.0,-7.06795863646194e-13,50820.0,ASK
324,1712601964.949495,2185825.4970696,50440.0,-2.8931226682841245e-10,50820.0,ASK
325,1712601964.9539225,2185924.6145081,50420.0,-8.611378623053414e-10,50820.0,ASK
326,1712601964.958229,2185940.42145997,50490.0,-1.3733168400131488e-10,50820.0,ASK
327,1712601964.9601738,2186020.42145997,50480.0,-6.95044484876951e-10,50820.0,ASK
328,1712601964.962074,2186032.77313201,50420.0,-1.0731201912868388e-10,50820.0,ASK
329,1712601967.638952,2186038.34249847,50500.0,4.838696803026194e-11,50820.0,BID
330,1712601967.643864,2186040.23782111,50500.0,1.6466669349589677e-11,50820.0,BID
331,1712601969.5200691,2186040.71306863,50500.0,4.128977096785063e-12,50820.0,BID
332,1712601970.1585543,2186044.3922074,50500.0,3.1964563888613426e-11,50820.0,BID
333,1712601980.2787364,2186044.51101928,50500.0,1.0322442762191112e-12,50820.0,BID
334,1712601985.9980476,2186044.62983116,50460.0,-1.03224427217342e-12,50820.0,ASK
335,1712601990.138327,2186044.62983116,50460.0,-0.0,50820.0,ASK
336,1712601993.1084714,2186044.72166476,50500.0,7.97767167152016e-13,50820.0,BID
337,1712601993.1127994,2186044.99775195,50500.0,2.3983955311475762e-12,50820.0,BID
338,1712602005.1487477,2186054.89874204,50500.0,8.601083731729438e-11,50820.0,BID
339,1712602008.2383327,2186064.79973213,50500.0,8.601083731324917e-11,50820.0,BID
340,1712602012.3089392,2186101.22836194,50460.0,-3.1645895245751926e-10,50820.0,ASK
341,1712602017.7088664,2186172.5883688,50470.0,6.199111285838461e-10,50820.0,BID
342,1712602017.9683533,2186422.93265748,50470.0,-2.174764512487816e-09,50820.0,ASK
343,1712602019.7782252,2186485.15923345,50460.0,-5.405681506347002e-10,50820.0,ASK
344,1712602020.0919657,2186485.15923345,50460.0,-0.0,50820.0,ASK
345,1712602023.4680943,2186486.15011731,50460.0,-8.606239587776276e-12,50820.0,ASK
346,1712602032.9483464,2186486.62574156,50460.0,4.130994974792046e-12,50820.0,BID
347,1712602038.3784285,2186545.66211889,50460.0,5.127555590176185e-10,50820.0,BID
348,1712602039.2680087,2186548.07924929,50460.0,-2.0993785620106736e-11,50820.0,ASK
349,1712602044.6086085,2186548.19810824,50480.0,1.0323395543055744e-12,50820.0,BID
350,1712602050.0861857,2186548.19810824,50480.0,0.0,50820.0,BID
351,1712602055.9682024,2186562.19810824,50480.0,1.2159247955079e-10,50820.0,BID
352,1712602056.008622,2186567.45615136,50480.0,4.566703575456807e-11,50820.0,BID
353,1712602056.0128183,2186573.22048646,50480.0,5.006427126592507e-11,50820.0,BID
354,1712602056.0180032,2186576.19402239,50480.0,2.5825686199654343e-11,50820.0,BID
355,1712602056.0284286,2186581.19402239,50480.0,4.3425885553853567e-11,50820.0,BID
356,1712602056.0303545,2186601.26225437,50490.0,1.7429614904503598e-10,50820.0,BID
357,1712602056.032382,2186672.3647791,50480.0,6.175380203022337e-10,50820.0,BID
358,1712602056.0378573,2186692.38196572,50500.0,1.7385281105641822e-10,50820.0,BID
359,1712602056.058437,2186697.26440034,50500.0,4.24048094069475e-11,50820.0,BID
360,1712602056.067762,2186734.40623787,50500.0,3.2258343716611444e-10,50820.0,BID
361,1712602056.1080189,2186869.80947787,50500.0,1.1760011207713055e-09,50820.0,BID
362,1712602056.131931,2186883.17451418,50500.0,1.1607770744564192e-10,50820.0,BID
363,1712602056.139985,2186972.85180188,50500.0,7.788631264890855e-10,50820.0,BID
364,1712602056.1881485,2186987.34707041,50500.0,1.2589397444903088e-10,50820.0,BID
365,1712602056.1927283,2187018.76707041,50500.0,2.7288826481976867e-10,50820.0,BID
366,1712602056.2080193,2187024.16707041,50500.0,4.6899956401397336e-11,50820.0,BID
367,1712602056.2478237,2187024.28592936,50480.0,-1.03231102975234e-12,50820.0,ASK
368,1712602056.2881029,2187045.75010931,50500.0,1.8642020440177008e-10,50820.0,BID
369,1712602056.292542,2187145.79513305,50500.0,8.68908750235499e-10,50820.0,BID
370,1712602056.328089,2187155.07795135,50500.0,8.062292102015604e-11,50820.0,BID
371,1712602056.3325229,2187235.07795135,50500.0,6.948141688616572e-10,50820.0,BID
372,1712602056.3479743,2187244.47086422,50500.0,8.157911186435866e-11,50820.0,BID
373,1712602056.3524134,2187253.10642835,50500.0,7.500140391872813e-11,50820.0,BID
374,1712602056.369817,2187256.72329821,50500.0,3.141315532356359e-11,50820.0,BID
375,1712602056.3733225,2187262.14822557,50500.0,4.711645493390623e-11,50820.0,BID
376,1712602056.376817,2187311.27415733,50500.0,4.2666741806576446e-10,50820.0,BID
377,1712602056.390319,2187315.80794441,50500.0,3.9376743773077576e-11,50820.0,BID
378,1712602056.393844,2187316.01220771,50560.0,1.7740629392005386e-12,50820.0,BID
379,1712602056.39737,2187326.89513556,50500.0,9.452015586002336e-11,50820.0,BID
380,1712602056.4008782,2187359.39513556,50560.0,2.822682561000482e-10,50820.0,BID
381,1712602056.403576,2187376.75379821,50500.0,1.5076305952127608e-10,50820.0,BID
382,1712602056.468027,2187386.41561711,50580.0,8.391460835995635e-11,50820.0,BID
383,1712602056.547868,2187393.60483075,50550.0,-6.243959374701541e-11,50820.0,ASK
384,1712602056.6081128,2187449.94483075,50580.0,4.89322878423572e-10,50820.0,BID
385,1712602056.6276062,2187469.06483075,50580.0,1.660605863589067e-10,50820.0,BID
386,1712602056.6679392,2187510.78935361,50580.0,3.623848708996726e-10,50820.0,BID
387,1712602056.6879182,2187530.16359648,50590.0,1.6826873071422738e-10,50820.0,BID
388,1712602056.6919415,2187530.79110653,50590.0,5.450035921701272e-12,50820.0,BID
389,1712602056.7077646,2187535.48042704,50590.0,4.072757915667535e-11,50820.0,BID
390,1712602056.7478285,2187574.40434788,50590.0,3.380611463412359e-10,50820.0,BID
391,1712602056.77082,2187580.37144829,50590.0,5.18253239008306e-11,50820.0,BID
392,1712602056.7878115,2187590.35278814,50590.0,8.668970440002025e-11,50820.0,BID
393,1712602056.867861,2187631.73815576,50590.0,3.594392475723622e-10,50820.0,BID
394,1712602056.9475803,2187639.89275831,50590.0,7.082416741443323e-11,50820.0,BID
395,1712602057.008582,2187651.16781462,50590.0,9.792586098624583e-11,50820.0,BID
396,1712602057.0681996,2187661.16781462,50590.0,8.685177110770715e-11,50820.0,BID
397,1712602057.0729363,2187721.64196082,50590.0,5.252286703726292e-10,50820.0,BID
398,1712602057.0882127,2187747.69316686,50590.0,2.262593384042388e-10,50820.0,BID
399,1712602057.0910776,2187771.6579366,50600.0,2.0813826961180958e-10,50820.0,BID
400,1712602057.0948484,2187778.45122859,50590.0,5.900094409988963e-11,50820.0,BID
401,1712602057.1079998,2187783.0988178,50600.0,4.0365135426567725e-11,50820.0,BID
402,1712602057.1277752,2187792.38889884,50600.0,8.068599920583387e-11,50820.0,BID
403,1712602057.1680975,2187839.97889884,50600.0,4.1332757870028407e-10,50820.0,BID
404,1712602057.1898615,2187845.4361133,50600.0,4.739687411462111e-11,50820.0,BID
405,1712602057.195016,2187948.7461133,50600.0,8.97265647314207e-10,50820.0,BID
406,1712602057.2479088,2188047.57987491,50600.0,8.58388724107329e-10,50820.0,BID
407,1712602057.287831,2188138.34929733,50600.0,7.88348509958628e-10,50820.0,BID
408,1712602057.3682563,2188151.51865404,50600.0,1.1437819546367684e-10,50820.0,BID
409,1712602057.3733,2188173.28782472,50600.0,1.8906910291112071e-10,50820.0,BID
410,1712602057.388051,2188224.65435523,50600.0,4.4612741504225327e-10,50820.0,BID
411,1712602057.407984,2188246.75193747,50600.0,1.919214154752924e-10,50820.0,BID
412,1712602057.468161,2188274.20193747,50600.0,2.3840811169227377e-10,50820.0,BID
413,1712602057.4730215,2188439.08352838,50600.0,1.4320258193571711e-09,50820.0,BID
414,1712602057.4880805,2188492.32088726,50600.0,4.623758907844535e-10,50820.0,BID
415,1712602057.492942,2188555.36088726,50600.0,5.475135650633094e-10,50820.0,BID
416,1712602057.508894,2188670.18271612,50600.0,9.972479198304727e-10,50820.0,BID
417,1712602057.513769,2188677.35772253,50600.0,6.231620144269461e-11,50820.0,BID
418,1712602057.5180864,2188840.29088726,50600.0,1.4151033928961432e-09,50820.0,BID
419,1712602057.5279276,2188914.86859756,50600.0,6.47720622473145e-10,50820.0,BID
420,1712602057.5317557,2188939.12464887,50600.0,2.1066810163418399e-10,50820.0,BID
421,1712602057.5477695,2188969.7364012,50600.0,2.6586849065588115e-10,50820.0,BID
422,1712602057.6112125,2189027.24741878,50600.0,4.9949337350339e-10,50820.0,BID
423,1712602057.614815,2189028.64667906,50600.0,1.2152823357500936e-11,50820.0,BID
424,1712602057.6170242,2189038.64667906,50600.0,8.685177110770715e-11,50820.0,BID
425,1712602057.6282632,2189039.64667906,50600.0,8.685177110770715e-12,50820.0,BID
426,1712602057.630638,2189192.58727488,50600.0,1.328316162124198e-09,50820.0,BID
427,1712602057.6329925,2189696.97021406,50600.0,4.380655158428469e-09,50820.0,BID
428,1712602057.6877892,2189756.38281863,50600.0,5.160089933019677e-10,50820.0,BID
429,1712602057.7277808,2189762.34255629,50600.0,5.1761377109941335e-11,50820.0,BID
430,1712602057.7878563,2189826.93940156,50600.0,5.610350419681697e-10,50820.0,BID
431,1712602057.8080125,2189832.90448128,50600.0,5.1807773849213486e-11,50820.0,BID
432,1712602057.8128796,2189842.00182605,50600.0,7.901205056602955e-11,50820.0,BID
433,1712602057.8477592,2189873.23991703,50600.0,2.7130835276251116e-10,50820.0,BID
434,1712602057.8679738,2189924.75734672,50600.0,4.47438001148257e-10,50820.0,BID
435,1712602057.9480283,2189930.89601135,50600.0,5.3315389537272914e-11,50820.0,BID
436,1712602057.9533014,2189975.63874132,50600.0,3.885985342070006e-10,50820.0,BID
437,1712602058.0299077,2189989.50007669,50600.0,1.2038815268218568e-10,50820.0,BID
438,1712602058.0322552,2190042.85976049,50600.0,4.6343830437387856e-10,50820.0,BID
439,1712602058.0345824,2190136.11305084,50600.0,8.09921342852598e-10,50820.0,BID
440,1712602058.0685368,2190136.21384136,50600.0,8.753835190119293e-13,50820.0,BID
441,1712602058.0737467,2190147.82563845,50600.0,1.0085051430232072e-10,50820.0,BID
442,1712602058.078248,2190212.14866459,50600.0,5.586568743245042e-10,50820.0,BID
443,1712602058.0914824,2190212.54384341,50610.0,3.432198042182263e-12,50820.0,BID
444,1712602058.0955465,2190213.53179046,50610.0,8.580495105455656e-12,50820.0,BID
445,1712602058.099654,2190227.03030744,50610.0,1.1723701070485329e-10,50820.0,BID
446,1712602058.109294,2190235.96456267,50610.0,7.759558902342418e-11,50820.0,BID
447,1712602058.1117325,2190242.25454908,50620.0,5.4629645996738936e-11,50820.0,BID
448,1712602058.1140442,2190247.65635393,50620.0,4.691563183981911e-11,50820.0,BID
449,1712602058.1229432,2190290.28629117,50620.0,3.702485551497677e-10,50820.0,BID
450,1712602058.127054,2190291.28629117,50610.0,8.685177110770715e-12,50820.0,BID
451,1712602058.1311665,2190433.42013768,50620.0,1.234457630376201e-09,50820.0,BID
452,1712602058.1384952,2190461.14264224,50620.0,2.407748620569179e-10,50820.0,BID
453,1712602058.1681736,2190462.81179571,50620.0,1.449689351270533e-11,50820.0,BID
454,1712602058.1734564,2190475.21501114,50630.0,1.0772412275038476e-10,50820.0,BID
455,1712602058.1879728,2190483.47106069,50630.0,7.1705252578251e-11,50820.0,BID
456,1712602058.1934462,2190487.36731249,50630.0,3.3839636951197346e-11,50820.0,BID
457,1712602058.268028,2190487.76445307,50630.0,3.449236273122766e-12,50820.0,BID
458,1712602058.273564,2190508.75536169,50630.0,1.8230975908429408e-10,50820.0,BID
459,1712602058.3082595,2190522.86533848,50630.0,1.2254764744926774e-10,50820.0,BID
460,1712602058.313732,2190531.978959,50630.0,7.915340833745514e-11,50820.0,BID
461,1712602058.36945,2190559.22689982,50630.0,2.3665319192298456e-10,50820.0,BID
462,1712602058.467837,2190609.95125164,50630.0,4.4054997938635535e-10,50820.0,BID
463,1712602058.6677527,2190635.0568687,50630.0,2.1804673064007406e-10,50820.0,BID
464,1712602058.977904,2190638.4268687,50630.0,2.926904686426795e-11,50820.0,BID
465,1712602059.0582457,2190666.47228471,50630.0,2.435794051927724e-10,50820.0,BID
466,1712602059.077976,2190702.54618471,50630.0,3.1330821057790117e-10,50820.0,BID
467,1712602059.0841613,2190729.23831696,50630.0,2.3182589605484528e-10,50820.0,BID
468,1712602059.218275,2190741.64783837,50630.0,1.0777889130380616e-10,50820.0,BID
469,1712602059.3980944,2190798.37730323,50630.0,4.927054497097971e-10,50820.0,BID
470,1712602059.4181738,2190854.75444043,50630.0,4.89645421580007e-10,50820.0,BID
471,1712602059.478099,2190861.72741268,50630.0,6.056149898041571e-11,50820.0,BID
472,1712602059.520749,2190892.48212331,50630.0,2.6711010881247025e-10,50820.0,BID
473,1712602059.5979023,2190911.30855392,50630.0,1.6351088421075043e-10,50820.0,BID
474,1712602059.617978,2190930.12064289,50630.0,1.633863245288506e-10,50820.0,BID
475,1712602059.6579134,2190949.80864289,50630.0,1.7099376695352127e-10,50820.0,BID
476,1712602060.4984405,2190950.53401261,50630.0,6.299964491197008e-12,50820.0,BID
477,1712602060.5045066,2190956.80864289,50630.0,5.4496275284197985e-11,50820.0,BID
478,1712602062.2680428,2190968.30864289,50620.0,9.98795367738632e-11,50820.0,BID
479,1712602064.0279975,2190978.13594019,50630.0,8.535181757157019e-11,50820.0,BID
480,1712602064.0382333,2190978.78144289,50630.0,5.606305275021747e-12,50820.0,BID
481,1712602070.2416182,2190981.59717554,50640.0,2.4455136761770287e-11,50820.0,BID
482,1712602070.247918,2191002.36002138,50640.0,1.8032899344263434e-10,50820.0,BID
483,1712602070.2513862,2191002.36005381,50630.0,2.8166071955366284e-16,50820.0,BID
484,1712602070.253828,2191003.76792013,50650.0,1.222756833841946e-11,50820.0,BID
485,1712602070.2563362,2191009.28257608,50640.0,4.78957636308332e-11,50820.0,BID
486,1712602070.2588668,2191014.28257608,50630.0,4.3425885553853567e-11,50820.0,BID
487,1712602070.261392,2191015.78257608,50650.0,1.3027765666156072e-11,50820.0,BID
488,1712602070.263881,2191015.88170721,50640.0,8.60971422523857e-13,50820.0,BID
489,1712602070.2664058,2191217.29974096,50650.0,1.749351296420175e-09,50820.0,BID
490,1712602070.2689545,2191218.49469285,50650.0,1.0378368803816898e-11,50820.0,BID
491,1712602070.2717743,2191232.09469285,50640.0,1.181184087072906e-10,50820.0,BID
492,1712602070.274274,2191316.62046166,50650.0,7.341212725384909e-10,50820.0,BID
493,1712602070.718055,2191318.17671077,50630.0,1.3516299149073764e-11,50820.0,BID
494,1712602070.837939,2191318.29521758,50630.0,1.0292526350913324e-12,50820.0,BID
495,1712602073.2482474,2191322.44761734,50630.0,3.606432734806051e-11,50820.0,BID
496,1712602075.2080462,2191332.44761734,50620.0,8.685177110770715e-11,50820.0,BID
497,1712602075.2181876,2191344.5543687,50630.0,1.0514927979765707e-10,50820.0,BID
498,1712602075.2240198,2191350.57000937,50620.0,5.2246904653427296e-11,50820.0,BID
499,1712602075.2681432,2191355.10379645,50630.0,-3.9376743773077576e-11,50820.0,ASK
500,1712602075.2743924,2191371.35610798,50630.0,-1.4115420409796894e-10,50820.0,ASK
501,1712602075.6778836,2191378.02785914,50620.0,-5.794534046510647e-11,50820.0,ASK
502,1712602080.1387942,2191378.02785914,50620.0,-0.0,50820.0,ASK
503,1712602080.3688254,2191392.7372962,50620.0,-1.2748352983951028e-10,50820.0,ASK
504,1712602086.7782097,2191400.1372962,50570.0,-6.413420968942734e-11,50820.0,ASK
505,1712602086.7821405,2191400.6092962,50550.0,-4.090722564606921e-12,50820.0,ASK
506,1712602093.7381244,2191401.82347756,50580.0,-1.05230489141795e-11,50820.0,ASK
507,1712602094.0582943,2191401.94198437,50550.0,-1.0270730517296732e-12,50820.0,ASK
508,1712602094.198157,2191404.98452067,50580.0,2.6369008251813037e-11,50820.0,BID
509,1712602094.658234,2191407.84263414,50580.0,2.4770655216871795e-11,50820.0,BID
510,1712602095.2091794,2191415.07505544,50580.0,6.268184111032945e-11,50820.0,BID
511,1712602095.6289814,2191426.57131829,50580.0,9.963563949882928e-11,50820.0,BID
512,1712602095.967475,2191435.14838432,50580.0,7.433558801186505e-11,50820.0,BID
513,1712602096.0877852,2191437.41361402,50570.0,1.9632258997958088e-11,50820.0,BID
514,1712602101.2876935,2191443.18702185,50560.0,-5.0036884917794384e-11,50820.0,ASK
515,1712602101.5080736,2191450.88770928,50550.0,-6.67402030251469e-11,50820.0,ASK
516,1712602101.513887,2191532.82173213,50550.0,-7.10104567867485e-10,50820.0,ASK
517,1712602110.1313295,2191532.82173213,50550.0,-0.0,50820.0,ASK
518,1712602124.9975898,2191535.38509684,50550.0,2.221462410387954e-11,50820.0,BID
519,1712602132.99773,2191555.38509684,50550.0,1.7332394423270227e-10,50820.0,BID
520,1712602137.4004805,2191557.92384876,50540.0,2.200132480800411e-11,50820.0,BID
521,1712602138.3278718,2191562.70666493,50540.0,4.1448828158376386e-11,50820.0,BID
522,1712602138.4479067,2191565.465742,50540.0,2.3910706009119293e-11,50820.0,BID
523,1712602138.453812,2191568.93978238,50550.0,3.010671905611325e-11,50820.0,BID
524,1712602140.080268,2191568.93978238,50550.0,0.0,50820.0,BID
525,1712602141.3981023,2191569.05847674,50550.0,1.028612456540499e-12,50820.0,BID
526,1712602146.9606922,2191573.69102924,50540.0,4.014597838414496e-11,50820.0,BID
527,1712602147.377807,2191575.66942061,50540.0,1.7144858517688138e-11,50820.0,BID
528,1712602148.8177357,2191588.8408704,50540.0,1.1414457549301879e-10,50820.0,BID
529,1712602160.537747,2191588.95956476,50500.0,-1.028612456540499e-12,50820.0,ASK
530,1712602160.9375544,2191600.45956476,50550.0,9.965969115932078e-11,50820.0,BID
531,1712602162.4273582,2191611.95956476,50550.0,9.965969115932078e-11,50820.0,BID
532,1712602165.2794104,2191613.97756476,50550.0,1.7488109284791506e-11,50820.0,BID
533,1712602167.2240176,2191764.20625931,50550.0,1.3018908958345383e-09,50820.0,BID
534,1712602168.5675275,2191778.75535931,50550.0,1.2608337501626618e-10,50820.0,BID
535,1712602170.091615,2191778.75535931,50550.0,0.0,50820.0,BID
536,1712602170.3082922,2191782.71183804,50550.0,3.428393135553292e-11,50820.0,BID
537,1712602170.7474706,2192000.14161632,50550.0,1.8840863561232834e-09,50820.0,BID
538,1712602176.2078946,2192032.09161632,50550.0,2.7685517390834713e-10,50820.0,BID
539,1712602176.4877515,2192044.54515829,50550.0,1.0791322465809248e-10,50820.0,BID
540,1712602176.6673691,2192045.56347529,50550.0,8.82398529357457e-12,50820.0,BID
541,1712602176.747452,2192045.66470593,50550.0,8.7719018566566e-13,50820.0,BID
542,1712602176.7576072,2192167.13464614,50550.0,1.052569058570981e-09,50820.0,BID
543,1712602177.558122,2192173.95015547,50570.0,5.905818531531889e-11,50820.0,BID
544,1712602177.5617788,2192174.08464614,50570.0,1.1653971167112434e-12,50820.0,BID
545,1712602177.5651462,2192189.08464614,50560.0,1.299789548857902e-10,50820.0,BID
546,1712602181.0279486,2192189.19929422,50600.0,9.934558409031641e-13,50820.0,BID
547,1712602181.0340598,2192189.20322554,50570.0,3.406592265332629e-14,50820.0,BID
548,1712602185.7502656,2192189.59879516,50560.0,-3.427715054443169e-12,50820.0,ASK
549,1712602185.755566,2192193.55879516,50560.0,-3.43144440895258e-11,50820.0,ASK
550,1712602185.8876047,2192205.80569516,50560.0,1.061226175032632e-10,50820.0,BID
551,1712602192.6276383,2192205.92427456,50530.0,-1.0275217675915683e-12,50820.0,ASK
552,1712602200.1117845,2192205.92427456,50530.0,-0.0,50820.0,ASK
553,1712602200.4717488,2192205.92433517,50560.0,5.25431809816688e-16,50820.0,BID
554,1712602200.47839,2192285.92427456,50580.0,6.93524298649741e-10,50820.0,BID
555,1712602203.889929,2192286.92788756,50540.0,-8.700381614190595e-12,50820.0,ASK
556,1712602204.367836,2192290.22099415,50600.0,2.8548139605804798e-11,50820.0,BID
557,1712602204.374066,2192290.22105476,50580.0,5.25431809816688e-16,50820.0,BID
558,1712602204.378913,2192292.92788756,50600.0,2.3465696768501736e-11,50820.0,BID
559,1712602206.0876498,2192295.42778632,50580.0,2.1671773097870708e-11,50820.0,BID
560,1712602211.2891078,2192298.79778632,50580.0,2.92147332154042e-11,50820.0,BID
561,1712602213.2180092,2192310.13832008,50580.0,9.831177101041127e-11,50820.0,BID
562,1712602224.6776896,2192360.57310956,50580.0,4.3722223127286255e-10,50820.0,BID
563,1712602226.090827,2192373.67310956,50570.0,-1.1356468994012456e-10,50820.0,ASK
564,1712602230.0924966,2192373.67310956,50570.0,-0.0,50820.0,ASK
565,1712602231.5576797,2192374.67310956,50560.0,-8.668422701729882e-12,50820.0,ASK
566,1712602235.53796,2192387.77310956,50580.0,1.1355633739346876e-10,50820.0,BID
567,1712602238.9871447,2192397.37310956,50540.0,-8.321685793741418e-11,50820.0,ASK
568,1712602241.6783235,2192409.57310956,50540.0,-1.057547569627192e-10,50820.0,ASK
569,1712602242.804476,2192409.69173352,50580.0,1.0282826263758789e-12,50820.0,BID
570,1712602250.5124114,2192410.050571,50580.0,3.110554959520437e-12,50820.0,BID
571,1712602251.6177108,2192435.98388914,50540.0,-2.2480096369583103e-10,50820.0,ASK
572,1712602251.6225636,2192484.67210933,50540.0,-4.220500732008163e-10,50820.0,ASK
573,1712602252.0579505,2192487.13176866,50520.0,-2.132136677539754e-11,50820.0,ASK
574,1712602258.6177385,2192495.10287791,50520.0,-6.909694437745375e-11,50820.0,ASK
575,1712602258.8073375,2192498.86937791,50520.0,-3.2649614109327126e-11,50820.0,ASK
576,1712602259.6672688,2192512.26937791,50530.0,1.1615686420237311e-10,50820.0,BID
577,1712602260.1108258,2192512.26937791,50530.0,0.0,50820.0,BID
578,1712602260.5108783,2192512.38800187,50500.0,-1.0282201922575022e-12,50820.0,ASK
579,1712602260.9471817,2192531.95266374,50500.0,-1.6958446184214794e-10,50820.0,ASK
580,1712602261.0874188,2192541.95266374,50480.0,-8.667896382102169e-11,50820.0,ASK
581,1712602261.8014617,2192552.21406374,50490.0,8.894475193293307e-11,50820.0,BID
582,1712602263.8175216,2192615.34838415,50470.0,-5.47241747468045e-10,50820.0,ASK
583,1712602264.5671148,2192630.05782121,50480.0,1.2749987627660602e-10,50820.0,BID
584,1712602264.6872866,2192633.78015114,50530.0,-3.226477013268875e-11,50820.0,ASK
585,1712602277.1875422,2192635.7591735,50530.0,-1.715396075383323e-11,50820.0,ASK
586,1712602277.9270778,2192648.0191735,50540.0,1.0626840964667148e-10,50820.0,BID
587,1712602279.9973752,2192648.13789134,50540.0,1.029033935318893e-12,50820.0,BID
588,1712602284.307416,2192659.63789134,50540.0,9.968080839417492e-11,50820.0,BID
589,1712602288.1071544,2192671.14179134,50540.0,9.971461318914807e-11,50820.0,BID
590,1712602289.6871097,2192676.14179134,50530.0,-4.3339481910510846e-11,50820.0,ASK
591,1712602290.089278,2192676.14179134,50530.0,-0.0,50820.0,ASK
592,1712602290.7474666,2192680.24179134,50540.0,3.5535826355671483e-11,50820.0,BID
593,1712602292.8373156,2192680.36050918,50530.0,-1.028960133019887e-12,50820.0,ASK
594,1712602300.527453,2192689.31050918,50540.0,7.757210875186692e-11,50820.0,BID
595,1712602305.6377892,2192701.47740918,50540.0,1.054538647958324e-10,50820.0,BID
596,1712602306.446815,2192705.9135437,50540.0,3.8449196582700094e-11,50820.0,BID
597,1712602306.747164,2192709.61458934,50540.0,3.207797931813856e-11,50820.0,BID
598,1712602306.7668002,2192713.29509969,50540.0,3.1899994316148434e-11,50820.0,BID
599,1712602307.1730344,2192716.33836268,50540.0,2.6376796379289103e-11,50820.0,BID
600,1712602307.1873982,2192719.38614217,50540.0,2.6415942130020124e-11,50820.0,BID
601,1712602307.447142,2192729.16004217,50540.0,8.471307639188054e-11,50820.0,BID
602,1712602308.9369037,2192777.35004217,50540.0,4.176759687899815e-10,50820.0,BID
603,1712602310.417353,2192803.85004217,50540.0,2.2968278009851303e-10,50820.0,BID
604,1712602311.0778005,2192838.98914217,50540.0,3.0456023314037343e-10,50820.0,BID
605,1712602311.927458,2192847.93914217,50540.0,7.757210874783091e-11,50820.0,BID
606,1712602313.449808,2192856.88914217,50540.0,7.757210875186692e-11,50820.0,BID
607,1712602314.4877458,2192959.08559317,50540.0,8.857647162968759e-10,50820.0,BID
608,1712602314.5371704,2193303.81396001,50540.0,2.9878554594214783e-09,50820.0,BID
609,1712602314.57715,2193315.18354531,50540.0,9.854331925434127e-11,50820.0,BID
610,1712602314.6182446,2193318.90587525,50540.0,3.2262456192632286e-11,50820.0,BID
611,1712602314.7973564,2193321.31204274,50540.0,2.0854914659342526e-11,50820.0,BID
612,1712602314.8033135,2193347.31587525,50540.0,2.2538236015296035e-10,50820.0,BID
613,1712602315.4774966,2193347.317409,50540.0,1.3293432420766522e-14,50820.0,BID
614,1712602315.4829586,2193354.39987525,50540.0,6.138568069130059e-11,50820.0,BID
615,1712602315.598524,2193354.39988997,50540.0,1.2758244816027746e-16,50820.0,BID
616,1712602316.337503,2193354.51851393,50580.0,1.028146448320137e-12,50820.0,BID
617,1712602318.3671718,2193360.45558102,50540.0,-5.145819150483811e-11,50820.0,ASK
618,1712602320.1348605,2193360.45558102,50540.0,-0.0,50820.0,ASK
619,1712602326.4973414,2193360.57420498,50540.0,-1.0278383438840433e-12,50820.0,ASK
620,1712602335.2271092,2193400.14682073,50540.0,-3.4288394935912075e-10,50820.0,ASK
621,1712602345.517233,2193409.40192073,50580.0,8.019245580465038e-11,50820.0,BID
622,1712602349.2773037,2193464.98717673,50580.0,4.8162831145096e-10,50820.0,BID
623,1712602350.158051,2193464.98717673,50580.0,0.0,50820.0,BID
624,1712602353.4471884,2193465.10580069,50580.0,1.0277912769323373e-12,50820.0,BID
625,1712602358.4073243,2193465.22442465,50540.0,-1.0277912728977172e-12,50820.0,ASK
626,1712602358.487048,2193507.9624467,50580.0,3.7029421498013534e-10,50820.0,BID
627,1712602361.896911,2193527.75798586,50580.0,1.7151410575108028e-10,50820.0,BID
628,1712602366.5204127,2193538.96094507,50580.0,9.706558205151932e-11,50820.0,BID
629,1712602367.2028627,2193547.91094507,50580.0,7.754531129850906e-11,50820.0,BID
630,1712602377.5470955,2193548.02956903,50580.0,1.0277912728977172e-12,50820.0,BID
631,1712602380.077278,2193548.02956903,50580.0,0.0,50820.0,BID
632,1712602380.877021,2193607.01328397,50580.0,5.110328588769108e-10,50820.0,BID
633,1712602383.167271,2193618.51328397,50580.0,9.963560082744836e-11,50820.0,BID
634,1712602383.4078286,2193670.77246383,50580.0,4.5277172035965285e-10,50820.0,BID
635,1712602383.414002,2193671.22718902,50580.0,3.939723258885679e-12,50820.0,BID
636,1712602383.4209912,2193698.51328397,50580.0,2.3640577952892843e-10,50820.0,BID
637,1712602383.9685347,2193753.0123515,50580.0,4.7217802938181e-10,50820.0,BID
638,1712602384.8573632,2193759.8826447,50580.0,5.952398181255037e-11,50820.0,BID
639,1712602384.8641624,2193761.9623515,50580.0,1.801850752868628e-11,50820.0,BID
640,1712602385.9170375,2193763.14934203,50580.0,1.0284044748658398e-11,50820.0,BID
641,1712602386.3600118,2193764.8826447,50580.0,1.5017274169372003e-11,50820.0,BID
642,1712602386.3666313,2193774.64934203,50580.0,8.461832665807636e-11,50820.0,BID
643,1712602387.946771,2193800.71827672,50580.0,2.2586034528611394e-10,50820.0,BID
644,1712602388.8471053,2193805.2914658,50580.0,3.962195144865768e-11,50820.0,BID
645,1712602388.8539686,2193828.56697541,50580.0,2.0165820735547248e-10,50820.0,BID
646,1712602390.6773634,2193849.84217541,50570.0,1.8432759432412136e-10,50820.0,BID
647,1712602393.3280003,2193855.77192128,50580.0,5.137511238980348e-11,50820.0,BID
648,1712602393.334617,2193856.4395993,50600.0,5.784739189418694e-12,50820.0,BID
649,1712602393.339944,2193856.43964364,50570.0,3.8416254094395436e-16,50820.0,BID
650,1712602393.3450563,2193913.05021508,50580.0,4.904720259646964e-10,50820.0,BID
651,1712602396.6384392,2193913.14895885,50530.0,-8.55512598171513e-13,50820.0,ASK
652,1712602396.647126,2193913.16883904,50540.0,-1.7224127633094397e-13,50820.0,ASK
653,1712602410.094598,2193913.16883904,50540.0,-0.0,50820.0,ASK
654,1712602412.4870296,2193913.28741611,50600.0,1.027183254755675e-12,50820.0,BID
655,1712602416.59713,2193917.96012123,50530.0,-4.0477678105612064e-11,50820.0,ASK
656,1712602416.604311,2193918.44669018,50530.0,-4.214942054473616e-12,50820.0,ASK
657,1712602417.5206754,2193918.84186899,50600.0,3.423267735148811e-12,50820.0,BID
658,1712602431.047335,2193918.96044606,50540.0,-1.0271832587895024e-12,50820.0,ASK
659,1712602440.1453238,2193918.96044606,50540.0,-0.0,50820.0,ASK
660,1712602441.768884,2193919.06135623,50540.0,-8.74140121738724e-13,50820.0,ASK
661,1712602441.7769198,2193919.19997009,50500.0,-1.200750490767072e-12,50820.0,ASK
662,1712602441.7822003,2193927.40789382,50550.0,-7.110160897181436e-11,50820.0,ASK
663,1712602441.7855148,2193927.50888391,50500.0,-8.748324297089506e-13,50820.0,ASK
664,1712602441.7888873,2193929.36893762,50540.0,-1.611282169667468e-11,50820.0,ASK
665,1712602441.7922888,2193937.86619766,50530.0,-7.360800131100879e-11,50820.0,ASK
666,1712602441.795656,2193976.34031542,50500.0,-3.3328424658614684e-10,50820.0,ASK
667,1712602452.8267348,2193976.45896283,50570.0,1.027789974692083e-12,50820.0,BID
668,1712602455.456946,2193982.98866907,50510.0,-5.6563953935301536e-11,50820.0,ASK
669,1712602458.867332,2193991.57629665,50570.0,7.439081529523494e-11,50820.0,BID
670,1712602458.8744042,2194134.66698005,50590.0,1.2395312326044287e-09,50820.0,BID
671,1712602458.8788908,2194148.66698005,50570.0,1.2127580108015584e-10,50820.0,BID
672,1712602467.316745,2194148.78562746,50490.0,-1.0277899787259006e-12,50820.0,ASK
673,1712602470.1377192,2194148.78562746,50490.0,-0.0,50820.0,ASK
674,1712602476.5672011,2194152.45858722,50500.0,-3.1814021322659064e-11,50820.0,ASK
675,1712602484.4770298,2194152.4783381,50580.0,1.710759063570873e-13,50820.0,BID
676,1712602484.484641,2194152.57730901,50530.0,8.57254870494407e-13,50820.0,BID
677,1712602495.4566045,2194155.94730901,50520.0,2.9189879244916404e-11,50820.0,BID
678,1712602496.9605234,2194158.08670901,50520.0,1.8530809390885088e-11,50820.0,BID
679,1712602499.146585,2194158.08674866,50520.0,3.4343692215172213e-16,50820.0,BID
680,1712602500.1105351,2194158.08674866,50520.0,0.0,50820.0,BID
681,1712602503.807004,2194158.20547045,50530.0,-1.028441589255742e-12,50820.0,ASK
682,1712602504.3663766,2194166.41782959,50560.0,7.114053515176305e-11,50820.0,BID
683,1712602506.2074327,2194177.35162959,50560.0,9.471533940826251e-11,50820.0,BID
684,1712602507.9171832,2194177.73236534,50560.0,3.298168593774652e-12,50820.0,BID
685,1712602508.2831433,2194181.68806154,50560.0,3.4266687535256395e-11,50820.0,BID
686,1712602509.1465294,2194193.38806154,50550.0,-1.013526377902311e-10,50820.0,ASK
687,1712602509.4868772,2194205.08806154,50520.0,-1.0135263778619723e-10,50820.0,ASK
688,1712602526.9270923,2194205.20673242,50560.0,1.0280005728915998e-12,50820.0,BID
689,1712602530.093205,2194205.20673242,50560.0,0.0,50820.0,BID
690,1712602533.2472231,2194205.3254033,50520.0,-1.0279793670320796e-12,50820.0,ASK
691,1712602537.5678165,2194209.89495618,50520.0,-3.958347712563378e-11,50820.0,ASK
692,1712602537.5756178,2194234.01533798,50520.0,-2.0894135736260479e-10,50820.0,ASK
693,1712602540.107333,2194338.01883608,50560.0,9.009240501957563e-10,50820.0,BID
694,1712602540.1175675,2194344.66728557,50560.0,5.7591794038922034e-11,50820.0,BID
695,1712602540.147393,2194368.69200676,50560.0,-2.08112703077972e-10,50820.0,ASK
696,1712602540.5617614,2194392.71200676,50520.0,-2.0807180605471526e-10,50820.0,ASK
697,1712602541.4574442,2194407.0569741,50520.0,-1.2426241724613616e-10,50820.0,ASK
698,1712602546.1578205,2194411.01423567,50540.0,-3.4279540464406276e-11,50820.0,ASK
699,1712602546.2776227,2194444.10681294,50520.0,-2.8666246126228947e-10,50820.0,ASK
700,1712602546.3375418,2194450.44691166,50520.0,-5.4920724031794335e-11,50820.0,ASK
701,1712602547.3977697,2194453.20163149,50520.0,-2.386259493034852e-11,50820.0,ASK
702,1712602547.458382,2194463.33490394,50520.0,-8.777886344314273e-11,50820.0,ASK
703,1712602547.468829,2194473.30614582,50520.0,-8.63752833690611e-11,50820.0,ASK
704,1712602548.4081774,2194540.04004582,50540.0,5.780783970913824e-10,50820.0,BID
705,1712602548.4750545,2194606.77394582,50540.0,5.78078397087348e-10,50820.0,BID
706,1712602551.6580503,2194606.89271066,50520.0,1.0287932876104482e-12,50820.0,BID
707,1712602560.127969,2194606.89271066,50520.0,0.0,50820.0,BID
708,1712602563.538424,2194611.94824549,50500.0,-4.378556647263699e-11,50820.0,ASK
709,1712602570.4024093,2194612.06701033,50500.0,-1.0286123969783661e-12,50820.0,ASK
710,1712602583.0386467,2194635.97329497,50520.0,2.0705034194229743e-10,50820.0,BID
711,1712602586.1286209,2194636.36886459,50560.0,3.4259955596888065e-12,50820.0,BID
712,1712602586.3788254,2194643.20980649,50560.0,5.924882854059463e-11,50820.0,BID
713,1712602586.386839,2194650.21380129,50560.0,6.066101613320771e-11,50820.0,BID
714,1712602590.1626894,2194650.21380129,50560.0,0.0,50820.0,BID
715,1712602599.3194742,2194669.75537675,50550.0,1.6924475020012548e-10,50820.0,BID
716,1712602601.288995,2194676.49453777,50560.0,-5.836620622811608e-11,50820.0,ASK
717,1712602603.739247,2194677.87189768,50560.0,-1.1928973405760234e-11,50820.0,ASK
718,1712602609.7404618,2194679.2492576,50560.0,-1.1928973486419777e-11,50820.0,ASK
719,1712602613.8294115,2194680.88969132,50560.0,-1.4207390581197957e-11,50820.0,ASK
720,1712602616.5605848,2194684.54798675,50570.0,3.168359160753572e-11,50820.0,BID
721,1712602616.568833,2194684.8446053,50570.0,2.568939874676381e-12,50820.0,BID
722,1712602617.5692222,2194685.43795973,50560.0,-5.138895914419533e-12,50820.0,ASK
723,1712602619.8896835,2194685.55660714,50570.0,1.0275758635648405e-12,50820.0,BID
724,1712602620.0939326,2194685.55660714,50570.0,0.0,50820.0,BID
725,1712602626.2400904,2194694.50209139,50580.0,7.747342696043929e-11,50820.0,BID
726,1712602626.248411,2194699.39937107,50580.0,4.2413471308963765e-11,50820.0,BID
727,1712602630.529754,2194715.42885387,50580.0,1.3882523631334854e-10,50820.0,BID
728,1712602637.8832097,2194726.92885387,50590.0,9.959711348882343e-11,50820.0,BID
729,1712602640.0999677,2194729.87515387,50590.0,2.5516780475423597e-11,50820.0,BID
730,1712602640.3600476,2194730.13106033,50580.0,-2.216308241140196e-12,50820.0,ASK
731,1712602640.7108634,2194730.24970774,50580.0,-1.0275599582073808e-12,50820.0,ASK
732,1712602642.2101486,2194730.57356241,50590.0,2.8047817705337254e-12,50820.0,BID
733,1712602647.490706,2194815.80340774,50590.0,7.381431806897701e-10,50820.0,BID
734,1712602647.4985318,2195366.34318288,50590.0,4.7680149969340574e-09,50820.0,BID
735,1712602648.090252,2195369.34737837,50590.0,2.601819123062966e-11,50820.0,BID
736,1712602649.900273,2195796.06870913,50590.0,3.6956706789400115e-09,50820.0,BID
737,1712602650.0938857,2195796.06870913,50590.0,0.0,50820.0,BID
738,1712602653.251268,2195799.88727523,50600.0,3.3055061254310184e-11,50820.0,BID
739,1712602653.2590356,2195826.2425155,50600.0,2.281416790063808e-10,50820.0,BID
740,1712602655.4211278,2195832.04669882,50590.0,-5.0243371498216615e-11,50820.0,ASK
741,1712602656.8606908,2195832.14748934,50600.0,8.724837364580413e-13,50820.0,BID
742,1712602656.8675385,2195891.85069795,50600.0,5.16815256274906e-10,50820.0,BID
743,1712602657.620459,2195906.52562544,50600.0,-1.2703214095279408e-10,50820.0,ASK
744,1712602661.280847,2195906.64415566,50620.0,1.02604579609461e-12,50820.0,BID
745,1712602665.0710125,2195907.52562544,50620.0,7.630360924879792e-12,50820.0,BID
746,1712602665.079361,2195908.77769972,50620.0,1.0838464215044839e-11,50820.0,BID
747,1712602673.180811,2195908.89622994,50600.0,-1.0260457920636565e-12,50820.0,ASK
748,1712602680.1427157,2195908.89622994,50600.0,-0.0,50820.0,ASK
749,1712602687.7811313,2195909.01476016,50620.0,1.025995087446474e-12,50820.0,BID
750,1712602692.3180945,2195909.21231053,50620.0,1.709991841969655e-12,50820.0,BID
751,1712602693.4414802,2195912.11440219,50620.0,2.5120444300236468e-11,50820.0,BID
752,1712602693.4497545,2195930.17940286,50620.0,1.5637026540509507e-10,50820.0,BID
753,1712602703.0714033,2195930.2806737,50620.0,-8.76598258905668e-13,50820.0,ASK
754,1712602703.4925678,2195985.8659297,50620.0,-4.811448054777794e-10,50820.0,ASK
755,1712602709.251844,2195985.98445992,50620.0,-1.025995087446474e-12,50820.0,ASK
756,1712602710.1317892,2195985.98445992,50620.0,-0.0,50820.0,ASK
757,1712602712.5419767,2196012.28443374,50630.0,2.2764433035336919e-10,50820.0,BID
758,1712602712.55226,2196092.28443374,50640.0,6.924549261029171e-10,50820.0,BID
759,1712602712.556001,2196108.06254565,50650.0,1.3657039145837518e-10,50820.0,BID
760,1712602712.5596972,2196130.18643945,50640.0,1.9149749057747487e-10,50820.0,BID
761,1712602712.563398,2196159.97374148,50640.0,2.5782955032702915e-10,50820.0,BID
762,1712602715.473257,2196181.97677976,50620.0,-1.9045140307522206e-10,50820.0,ASK
763,1712602715.8219018,2196185.25677976,50600.0,-2.8390651972476748e-11,50820.0,ASK
764,1712602715.8617704,2196203.97677976,50600.0,-1.6203445270582546e-10,50820.0,ASK
765,1712602722.8421152,2196378.77029209,50600.0,-1.512957858296093e-09,50820.0,ASK
766,1712602722.8459563,2196402.59677976,50600.0,-2.0623460948689176e-10,50820.0,ASK
767,1712602722.8616216,2196402.60610736,50600.0,-8.073678422470236e-14,50820.0,ASK
768,1712602722.9223092,2196410.51280828,50590.0,-6.843792501463961e-11,50820.0,ASK
769,1712602722.930015,2196443.81280828,50550.0,-2.88234362988727e-10,50820.0,ASK
770,1712602722.93563,2196459.63094846,50530.0,-1.3691686362057722e-10,50820.0,ASK
771,1712602722.9392292,2196499.2035642,50540.0,-3.425281588483035e-10,50820.0,ASK
772,1712602725.1718993,2196547.46968805,50600.0,4.17776440296947e-10,50820.0,BID
773,1712602727.3226895,2196577.40214885,50600.0,2.5908599914016447e-10,50820.0,BID
774,1712602727.330837,2196601.81984217,50610.0,2.1135190029550124e-10,50820.0,BID
775,1712602727.3379686,2196633.54439072,50600.0,2.7459774902174536e-10,50820.0,BID
776,1712602728.8318727,2196633.66296779,50600.0,1.0263659536478831e-12,50820.0,BID
777,1712602733.5919192,2196637.07692274,50600.0,2.9550124032223006e-11,50820.0,BID
778,1712602734.5720353,2196639.55566779,50600.0,2.145524025759502e-11,50820.0,BID
779,1712602737.382676,2196639.57333469,50540.0,-1.52919149735451e-13,50820.0,ASK
780,1712602737.3901143,2196639.67424486,50540.0,-8.73446803912433e-13,50820.0,ASK
781,1712602740.0869677,2196639.67424486,50540.0,-0.0,50820.0,ASK
782,1712602744.6126142,2196641.35737096,50540.0,1.4564441875541663e-11,50820.0,BID
783,1712602756.9026997,2196641.47594803,50600.0,1.0260721670917336e-12,50820.0,BID
784,1712602765.3125896,2196641.8619164,50600.0,3.3398649629353938e-12,50820.0,BID
785,1712602765.4326327,2196648.92510417,50600.0,6.111923981281379e-11,50820.0,BID
786,1712602770.0982933,2196648.92510417,50600.0,0.0,50820.0,BID
787,1712602770.3757792,2196649.04368124,50550.0,-1.0260680118889065e-12,50820.0,ASK
788,1712602777.055264,2196706.07918179,50590.0,4.93538106670117e-10,50820.0,BID
789,1712602782.553086,2196718.08816342,50550.0,-1.0391580681653443e-10,50820.0,ASK
790,1712602783.4029784,2196724.98956342,50590.0,5.971901458695603e-11,50820.0,BID
791,1712602783.4230216,2196730.14479271,50590.0,4.4609095716224185e-11,50820.0,BID
792,1712602786.7334518,2196730.24380457,50600.0,8.56766844868762e-13,50820.0,BID
793,1712602786.7411494,2196730.26336978,50600.0,1.6930116702014457e-13,50820.0,BID
794,1712602789.563239,2196786.62336978,50570.0,-4.876928829198163e-10,50820.0,ASK
795,1712602789.6722016,2196803.46550077,50570.0,1.457378888779107e-10,50820.0,BID
796,1712602789.677001,2196809.30383293,50570.0,5.052010366424316e-11,50820.0,BID
797,1712602789.6830294,2196829.03855745,50570.0,1.7076800380942848e-10,50820.0,BID
798,1712602789.6869516,2196829.2563045,50600.0,1.884203100188506e-12,50820.0,BID
799,1712602797.1935024,2196837.05754219,50620.0,-6.750546663038588e-11,50820.0,ASK
800,1712602797.201503,2196855.76869295,50620.0,-1.6191084203034842e-10,50820.0,ASK
801,1712602800.1284893,2196855.76869295,50620.0,-0.0,50820.0,ASK
802,1712602801.0933435,2196861.05079295,50620.0,4.572318658198408e-11,50820.0,BID
803,1712602802.9533002,2196871.51026096,50620.0,9.053978669964643e-11,50820.0,BID
804,1712602803.183444,2197066.76975996,50600.0,-1.690215350707168e-09,50820.0,ASK
805,1712602803.5300374,2197102.77191325,50620.0,3.1164369703337656e-10,50820.0,BID
806,1712602804.2635791,2197102.89049032,50600.0,-1.0264329525492404e-12,50820.0,ASK
1007,1712602804.4634788,2197105.14087274,50600.0,-1.9479876425811437e-11,50820.0,ASK
807,1712602804.4634788,2197105.14087274,50600.0,-1.947987642581144e-11,50820.0,ASK
808,1712602805.18399,2197145.79354497,50560.0,-3.518997590488739e-10,50820.0,ASK
809,1712602815.0839658,2197177.97383452,50620.0,2.7856068291972577e-10,50820.0,BID
810,1712602815.090955,2197236.68602019,50620.0,5.082274511649795e-10,50820.0,BID
811,1712602815.4836423,2197242.92457451,50620.0,-5.400249581912922e-11,50820.0,ASK
812,1712602816.6936698,2197265.82366613,50650.0,1.9822029848282446e-10,50820.0,BID
813,1712602816.699107,2197265.92457451,50640.0,8.734883258820436e-13,50820.0,BID
814,1712602817.7738538,2197353.30400631,50620.0,-7.56378346358792e-10,50820.0,ASK
815,1712602818.19372,2197376.30400631,50650.0,1.9909378680870647e-10,50820.0,BID
816,1712602819.6840515,2197379.62951348,50650.0,2.878642675882857e-11,50820.0,BID
817,1712602819.704461,2197381.51172701,50650.0,1.6292913882447885e-11,50820.0,BID
818,1712602819.7095387,2197390.89536177,50650.0,8.122710340900306e-11,50820.0,BID
819,1712602819.71359,2197391.12951348,50650.0,2.026876112902302e-12,50820.0,BID
820,1712602819.8479834,2197393.92279266,50650.0,2.417932737480377e-11,50820.0,BID
821,1712602820.304798,2197397.1036598,50650.0,2.753438626875556e-11,50820.0,BID
822,1712602820.804126,2197397.20239623,50650.0,8.546873806590703e-13,50820.0,BID
823,1712602820.812571,2197415.60961693,50650.0,1.5933753364540683e-10,50820.0,BID
824,1712602820.819108,2197429.8287607,50650.0,1.2308448601251118e-10,50820.0,BID
825,1712602821.2240665,2197430.01015347,50660.0,1.5701814578651777e-12,50820.0,BID
826,1712602821.2283416,2197433.5787607,50660.0,3.0890762043554365e-11,50820.0,BID
827,1712602821.4238846,2197433.69719733,50660.0,1.0252172710072214e-12,50820.0,BID
828,1712602822.2136743,2197437.05290203,50650.0,-2.9047824176682144e-11,50820.0,ASK
829,1712602822.6938362,2197438.99350998,50660.0,1.679839067368568e-11,50820.0,BID
830,1712602822.7022786,2197444.96290203,50660.0,5.167255948659849e-11,50820.0,BID
831,1712602823.2538862,2197445.96490604,50650.0,-8.673598816335601e-12,50820.0,ASK
832,1712602824.2336693,2197459.77101642,50660.0,1.1950916506972911e-10,50820.0,BID
833,1712602824.2435486,2197460.75790604,50660.0,8.542764855218899e-12,50820.0,BID
834,1712602826.8240814,2197460.75798839,50660.0,7.128411970422341e-16,50820.0,BID
835,1712602828.5579624,2197539.68311481,50670.0,6.831957518820641e-10,50820.0,BID
836,1712602828.564159,2197540.75798839,50670.0,9.304376148219468e-12,50820.0,BID
837,1712602829.564835,2197540.78569508,50670.0,2.3983608080166657e-13,50820.0,BID
838,1712602829.573635,2197565.60700389,50670.0,2.1485949410830583e-10,50820.0,BID
839,1712602829.578492,2197567.58408108,50670.0,1.711407758856318e-11,50820.0,BID
840,1712602830.0978026,2197567.58408108,50670.0,0.0,50820.0,BID
841,1712602833.074097,2197585.45108108,50680.0,1.5461301891260427e-10,50820.0,BID
842,1712602835.9495163,2197596.95108108,50680.0,9.951585142925072e-11,50820.0,BID
843,1712602839.101633,2197610.07418108,50680.0,1.1356143216417491e-10,50820.0,BID
844,1712602839.8743184,2197641.54947864,50680.0,2.723731335365937e-10,50820.0,BID
845,1712602839.883975,2197644.54947864,50680.0,2.5960656894587128e-11,50820.0,BID
846,1712602839.8894482,2197673.75294853,50680.0,2.5271375398336817e-10,50820.0,BID
847,1712602840.6638415,2197673.87138516,50680.0,-1.0248975707227672e-12,50820.0,ASK
848,1712602840.7283058,2197674.77921657,50690.0,7.855966583913189e-12,50820.0,BID
849,1712602840.733217,2197707.33149546,50690.0,2.8169284780244236e-10,50820.0,BID
850,1712602841.904316,2197712.61691819,50690.0,4.5737682010344166e-11,50820.0,BID
851,1712602841.910823,2197730.33149546,50690.0,1.5329402084815723e-10,50820.0,BID
852,1712602843.0748038,2197737.06991797,50690.0,5.831129159544777e-11,50820.0,BID
853,1712602843.0820389,2197782.49839546,50690.0,3.9311770578989766e-10,50820.0,BID
854,1712602843.3943286,2197785.49839546,50690.0,2.5960656894587128e-11,50820.0,BID
855,1712602843.4011996,2197810.17783297,50690.0,2.1356480318056998e-10,50820.0,BID
856,1712602843.405785,2197832.77889546,50690.0,1.9557947625320864e-10,50820.0,BID
857,1712602847.2839804,2197838.98889546,50680.0,-5.3738559771473005e-11,50820.0,ASK
858,1712602847.6781914,2197853.22889546,50680.0,1.2322658472421156e-10,50820.0,BID
859,1712602847.7539663,2197853.35123168,50680.0,1.0586428777008132e-12,50820.0,BID
860,1712602852.1043124,2197883.92775478,50680.0,2.6459554174306387e-10,50820.0,BID
861,1712602855.0522268,2197883.92784333,50690.0,7.662733574513798e-16,50820.0,BID
1061,1712602855.0522268,2197883.92784333,50690.0,7.6627335745137995e-16,50820.0,BID
862,1712602855.059118,2197884.04612132,50690.0,1.023524774433731e-12,50820.0,BID
863,1712602860.1466038,2197884.04612132,50690.0,0.0,50820.0,BID
864,1712602867.6146743,2197887.14999866,50690.0,2.685583724485974e-11,50820.0,BID
865,1712602875.5351894,2197899.04013886,50690.0,1.0287767042381012e-10,50820.0,BID
866,1712602875.544009,2197917.70812373,50690.0,1.6152196380571618e-10,50820.0,BID
867,1712602875.6752295,2197923.54645589,50690.0,-5.0515301055390837e-11,50820.0,ASK
868,1712602875.684235,2197983.45150267,50690.0,-5.183195114547758e-10,50820.0,ASK
869,1712602881.134581,2197983.56986921,50630.0,-1.0241488898511153e-12,50820.0,ASK
870,1712602890.0249467,2197984.17141108,50630.0,-5.204751600025418e-12,50820.0,ASK
871,1712602890.1447048,2197984.17141108,50630.0,-0.0,50820.0,ASK
872,1712602892.1178322,2197984.28975427,50700.0,1.0239018974837624e-12,50820.0,BID
873,1712602892.5348086,2197995.78975427,50700.0,9.94976710717835e-11,50820.0,BID
874,1712602892.5946295,2197999.63289112,50700.0,3.3250710101440026e-11,50820.0,BID
875,1712602892.614961,2198043.34300872,50700.0,3.781786872579565e-10,50820.0,BID
876,1712602892.6251633,2198183.78168397,50700.0,1.2150714013716723e-09,50820.0,BID
877,1712602892.6311803,2198196.87154812,50700.0,1.1325313022491184e-10,50820.0,BID
878,1712602892.7348173,2198199.11749238,50700.0,1.94318454993352e-11,50820.0,BID
879,1712602894.0050058,2198279.11749238,50700.0,6.92157711803711e-10,50820.0,BID
880,1712602894.045522,2198299.30473647,50700.0,1.7465945846011558e-10,50820.0,BID
881,1712602894.05307,2199007.21086387,50700.0,6.124783566414626e-09,50820.0,BID
882,1712602894.0599718,2199122.95749238,50700.0,1.001436519229515e-09,50820.0,BID
883,1712602894.0855408,2199182.86253916,50700.0,5.182967513103463e-10,50820.0,BID
884,1712602894.1249335,2199185.19953634,50700.0,2.0219632755604487e-11,50820.0,BID
885,1712602894.2047644,2199189.84847275,50700.0,4.022246484806278e-11,50820.0,BID
886,1712602894.2446568,2199194.21819102,50700.0,3.780667749063185e-11,50820.0,BID
887,1712602894.3469849,2199197.69772352,50700.0,3.0104815665082285e-11,50820.0,BID
1088,1712602894.4256363,2199200.91630242,50700.0,2.784705258536808e-11,50820.0,BID
888,1712602894.4256363,2199200.91630242,50700.0,2.7847052585368077e-11,50820.0,BID
889,1712602895.5531166,2199201.44903506,50700.0,4.609187563191393e-12,50820.0,BID
890,1712602895.5603964,2199211.14980242,50700.0,8.393076173034424e-11,50820.0,BID
891,1712602896.135506,2199212.57074967,50700.0,1.2293994964238612e-11,50820.0,BID
892,1712602896.1442752,2199268.66189143,50700.0,4.852989541662619e-10,50820.0,BID
893,1712602896.1505923,2199411.53272823,50700.0,1.2361143935368095e-09,50820.0,BID
894,1712602897.0354052,2199415.28272823,50710.0,3.244489274079897e-11,50820.0,BID
895,1712602897.6547232,2199418.55481266,50710.0,2.8309980897506605e-11,50820.0,BID
896,1712602897.7548451,2199421.79148254,50710.0,2.8003575223955502e-11,50820.0,BID
897,1712602898.545209,2199422.2854164,50710.0,4.273501630838785e-12,50820.0,BID
898,1712602898.55427,2199429.29148254,50710.0,6.061628385075915e-11,50820.0,BID
899,1712602899.7847304,2199436.96148254,50710.0,6.63606206185362e-11,50820.0,BID
900,1712602900.0455277,2199447.09348636,50710.0,8.766180725077884e-11,50820.0,BID
901,1712602900.0544686,2199487.32448254,50710.0,3.480774282469765e-10,50820.0,BID
902,1712602900.8148253,2199490.53994786,50710.0,2.7820113976786128e-11,50820.0,BID
903,1712602900.8221583,2199495.91448254,50710.0,4.6500320326848126e-11,50820.0,BID
904,1712602900.8470209,2199499.13522506,50710.0,2.786577216142481e-11,50820.0,BID
905,1712602901.074837,2199501.51124169,50710.0,2.0557227921641604e-11,50820.0,BID
906,1712602901.5546458,2199505.26124169,50710.0,3.244489274079897e-11,50820.0,BID
907,1712602901.5749648,2199510.40065492,50710.0,4.446605626717958e-11,50820.0,BID
908,1712602901.6947196,2199513.62310435,50710.0,2.78805403006884e-11,50820.0,BID
909,1712602903.0348086,2199521.12310435,50710.0,6.488978548159794e-11,50820.0,BID
910,1712602903.2148108,2199556.29792474,50710.0,3.043315399246388e-10,50820.0,BID
911,1712602904.4652169,2199590.33359968,50710.0,2.9447568607991325e-10,50820.0,BID
912,1712602904.4707031,2199601.43792474,50710.0,9.607430280645882e-11,50820.0,BID
913,1712602904.525278,2199602.39825615,50710.0,8.308759892952783e-12,50820.0,BID
914,1712602904.5342855,2199607.72282474,50710.0,4.6068015146245507e-11,50820.0,BID
1114,1712602904.5342855,2199607.72282474,50710.0,4.606801514624551e-11,50820.0,BID
915,1712602905.505344,2199664.02282474,50660.0,-4.8710598968025e-10,50820.0,ASK
916,1712602905.5200677,2199684.23606313,50690.0,-1.7488436040347335e-10,50820.0,ASK
917,1712602905.5242984,2199764.23606313,50680.0,-6.92157711803711e-10,50820.0,ASK
918,1712602905.5285351,2199844.23606313,50670.0,-6.92157711803711e-10,50820.0,ASK
919,1712602905.53273,2199845.85842839,50660.0,-1.4036657826161768e-11,50820.0,ASK
920,1712602905.5369656,2199886.28490517,50690.0,-3.4976872080291776e-10,50820.0,ASK
921,1712602907.095548,2199890.09402909,50710.0,3.295643120391543e-11,50820.0,BID
922,1712602907.1626124,2199892.57601967,50710.0,2.147411150697828e-11,50820.0,BID
923,1712602907.6016629,2199904.07601967,50710.0,9.94976710717835e-11,50820.0,BID
924,1712602908.2664156,2199906.99709196,50710.0,2.527303390565899e-11,50820.0,BID
925,1712602908.274373,2199993.76217223,50710.0,7.506889928009203e-10,50820.0,BID
926,1712602908.2814612,2200007.27539766,50720.0,1.169160399103152e-10,50820.0,BID
927,1712602908.2855926,2200007.57616859,50710.0,2.60226148369932e-12,50820.0,BID
928,1712602908.2897778,2200184.52694753,50720.0,1.5309730781603683e-09,50820.0,BID
1129,1712602910.045143,2200186.91640553,50710.0,-2.067352227331932e-11,50820.0,ASK
929,1712602910.045143,2200186.91640553,50710.0,-2.0673522273319317e-11,50820.0,ASK
930,1712602911.2952058,2200187.03474872,50640.0,-1.0239018934548742e-12,50820.0,ASK
931,1712602912.1784725,2200212.7430478,50710.0,2.2242746831894884e-10,50820.0,BID
932,1712602912.8749666,2200214.03484914,50710.0,1.117662824453084e-11,50820.0,BID
1133,1712602918.2152755,2200217.13330947,50700.0,2.6807790152995478e-11,50820.0,BID
933,1712602918.2152755,2200217.13330947,50700.0,2.680779015299548e-11,50820.0,BID
934,1712602918.24082,2200220.191653,50700.0,2.646070074687503e-11,50820.0,BID
935,1712602918.62525,2200265.72224925,50640.0,-3.9392941646595614e-10,50820.0,ASK
936,1712602918.685247,2200290.96905043,50640.0,-2.1843460169149063e-10,50820.0,ASK
937,1712602918.6958988,2200301.74845418,50640.0,-9.32630929263357e-11,50820.0,ASK
938,1712602920.103433,2200301.74845418,50640.0,-0.0,50820.0,ASK
939,1712602929.275363,2200321.93848971,50650.0,-1.7450621106929756e-10,50820.0,ASK
940,1712602933.3954885,2200322.0568329,50650.0,1.0228620762713357e-12,50820.0,BID
941,1712602933.4045289,2200396.22961233,50700.0,6.410890502727863e-10,50820.0,BID
942,1712602934.0954082,2200396.34797887,50690.0,1.023063895673375e-12,50820.0,BID
943,1712602941.105626,2200416.29631693,50640.0,-1.7241717513845467e-10,50820.0,ASK
944,1712602942.167284,2200496.29631693,50700.0,6.91454795355316e-10,50820.0,BID
945,1712602942.1773543,2200777.1484019,50700.0,2.427456511726444e-09,50820.0,BID
946,1712602942.1855893,2200798.36164029,50700.0,1.8334994261964283e-10,50820.0,BID
947,1712602942.2713008,2201038.36164029,50700.0,-2.0743643860659486e-09,50820.0,ASK
1148,1712602942.2854085,2201826.51570549,50700.0,-6.8121613482676855e-09,50820.0,ASK
948,1712602942.2854085,2201826.51570549,50700.0,-6.812161348267685e-09,50820.0,ASK
949,1712602945.0572994,2201826.5157055,50700.0,-8.452072915656982e-20,50820.0,ASK
950,1712602945.0648444,2201864.25592245,50700.0,-3.2619567485147624e-10,50820.0,ASK
951,1712602947.805614,2201864.37428899,50690.0,-1.023063895673375e-12,50820.0,ASK
952,1712602950.098397,2201864.37428899,50690.0,-0.0,50820.0,ASK
953,1712602953.0015092,2201970.84867065,50690.0,-9.196480540114703e-10,50820.0,ASK
954,1712602953.008436,2201971.82438318,50690.0,-8.427493222238761e-12,50820.0,ASK
955,1712602969.5358694,2201971.94274972,50690.0,1.0223638439855222e-12,50820.0,BID
956,1712602980.149775,2201971.94274972,50690.0,0.0,50820.0,BID
957,1712602980.4905045,2202056.94274972,50690.0,7.34133432378259e-10,50820.0,BID
958,1712602980.4982653,2202103.55533738,50680.0,4.025865761285999e-10,50820.0,BID
1158,1712602980.4982653,2202103.55533738,50680.0,4.0258657612859985e-10,50820.0,BID
959,1712602980.5057275,2202373.08046006,50690.0,2.3278518050008343e-09,50820.0,BID
960,1712602984.116531,2202373.1988266,50690.0,-1.0223156970329419e-12,50820.0,ASK
1160,1712602984.116531,2202373.1988266,50690.0,-1.022315697032942e-12,50820.0,ASK
961,1712602989.6865556,2202419.03412306,50690.0,-3.9587321781443214e-10,50820.0,ASK
962,1712602989.7863152,2202427.40377438,50690.0,-7.22875394311463e-11,50820.0,ASK
963,1712602991.9963737,2202427.52214092,50690.0,-1.0223156970329419e-12,50820.0,ASK
1163,1712602991.9963737,2202427.52214092,50690.0,-1.022315697032942e-12,50820.0,ASK
964,1712603000.0262873,2202428.52214092,50680.0,-8.63686391033246e-12,50820.0,ASK
1165,1712603004.5066304,2202428.64050746,50690.0,1.022315697032942e-12,50820.0,BID
965,1712603004.5066304,2202428.64050746,50690.0,1.0223156970329419e-12,50820.0,BID
966,1712603010.1399438,2202428.64050746,50690.0,0.0,50820.0,BID
967,1712603013.4575665,2202433.54613545,50690.0,4.236077175561715e-11,50820.0,BID
968,1712603013.4641955,2202615.60394061,50690.0,1.572094163467853e-09,50820.0,BID
969,1712603018.2565663,2202615.72230715,50690.0,-1.0221113367382932e-12,50820.0,ASK
970,1712603022.6566582,2202616.10633081,50700.0,3.316097074249632e-12,50820.0,BID
971,1712603026.2965682,2202617.0925241,50700.0,8.51591456826647e-12,50820.0,BID
972,1712603031.1167324,2202618.9419521,50700.0,1.597006490265875e-11,50820.0,BID
973,1712603031.798835,2202619.9419521,50700.0,8.635137406417202e-12,50820.0,BID
974,1712603031.8052526,2202627.19411252,50700.0,6.262340172159698e-11,50820.0,BID
975,1712603034.246799,2202639.0307667,50690.0,-1.0221113527420691e-10,50820.0,ASK
976,1712603039.8968017,2202639.14908655,50710.0,1.0217081622191308e-12,50820.0,BID
977,1712603040.1008806,2202639.14908655,50710.0,0.0,50820.0,BID
978,1712603040.639734,2202674.32390694,50690.0,-3.037114221903221e-10,50820.0,ASK
979,1712603044.8367984,2202674.34500733,50710.0,1.8218798153144242e-13,50820.0,BID
980,1712603044.845404,2202695.74780694,50710.0,1.8479908742500438e-10,50820.0,BID
981,1712603049.9967942,2202695.74788017,50710.0,6.322919355298052e-16,50820.0,BID
982,1712603050.91705,2202695.86620002,50710.0,-1.021614026822637e-12,50820.0,ASK
983,1712603061.257505,2202696.54293463,50720.0,5.843157934221089e-12,50820.0,BID
984,1712603065.797061,2202696.66120784,50730.0,1.0212113196627062e-12,50820.0,BID
1185,1712603069.627677,2202702.98444522,50720.0,-5.4596992855525035e-11,50820.0,ASK
985,1712603069.627677,2202702.98444522,50720.0,-5.459699285552504e-11,50820.0,ASK
986,1712603069.637464,2202772.06778325,50720.0,-5.96489153608234e-10,50820.0,ASK
987,1712603070.0875728,2202772.06778325,50720.0,-0.0,50820.0,ASK
988,1712603077.7175262,2202772.93414966,50730.0,7.480068384293548e-12,50820.0,BID
989,1712603077.7280047,2203038.41873577,50720.0,2.292151260464614e-09,50820.0,BID
990,1712603077.733547,2203481.68977605,50730.0,3.8271309404173795e-09,50820.0,BID
991,1712603079.167951,2203485.63143944,50740.0,3.4031688393521285e-11,50820.0,BID
992,1712603079.1778142,2203499.92842405,50740.0,1.2343786799520982e-10,50820.0,BID
993,1712603080.5673518,2203500.99309282,50730.0,-9.192179096996878e-12,50820.0,ASK
994,1712603083.4070382,2203501.99369318,50730.0,-8.639022738382937e-12,50820.0,ASK
995,1712603083.987291,2203518.97015393,50730.0,-1.4657203447106526e-10,50820.0,ASK
996,1712603084.0071514,2203579.60037091,50730.0,-5.23471551810456e-10,50820.0,ASK
997,1712603084.068759,2203582.60037091,50720.0,-2.5901517983224712e-11,50820.0,ASK
998,1712603084.327374,2203599.57015393,50720.0,-1.4651438002309391e-10,50820.0,ASK
999,1712603090.5573068,2203599.68842714,50730.0,-1.0211518900207182e-12,50820.0,ASK
1000,1712603098.3289783,2203600.63929891,50730.0,-8.209674081777386e-12,50820.0,ASK
1201,1712603100.1176996,2203605.75954334,50730.0,-4.4207367730648e-11,50820.0,ASK
1202,1712603100.12087,2203617.77865021,50730.0,-1.0377103757495884e-10,50820.0,ASK
1203,1712603100.147823,2203617.77865021,50730.0,-0.0,50820.0,ASK
1204,1712603103.3878188,2203617.89692342,50730.0,1.0212366530041977e-12,50820.0,BID
1205,1712603103.8878524,2203618.09400658,50730.0,1.701725573142653e-12,50820.0,BID
1206,1712603107.4570782,2203619.09400658,50720.0,-8.63455596477931e-12,50820.0,ASK
1207,1712603111.7278006,2203624.2943734,50720.0,-4.490285834647369e-11,50820.0,ASK
1208,1712603111.731159,2203629.98497079,50720.0,-4.913578163546834e-11,50820.0,ASK
1209,1712603114.2175949,2203637.01256692,50710.0,-6.068017208266077e-11,50820.0,ASK
1210,1712603114.3977635,2203678.72385729,50720.0,3.6015847106471507e-10,50820.0,BID
1211,1712603114.4014049,2203678.99586739,50720.0,2.3486864320751445e-12,50820.0,BID
1212,1712603114.4775531,2203686.80628159,50700.0,-6.743945851556641e-11,50820.0,ASK
1213,1712603117.4684732,2203917.16082292,50690.0,-1.989009178856099e-09,50820.0,ASK
1214,1712603117.471352,2203926.80628159,50690.0,-8.328425269093559e-11,50820.0,ASK
1215,1712603117.5276604,2204044.58603768,50690.0,-1.0169758954783544e-09,50820.0,ASK
1216,1712603117.5876567,2204053.26818251,50680.0,-7.496646542898355e-11,50820.0,ASK
1217,1712603118.1179185,2204054.31218337,50670.0,-9.014483851548752e-12,50820.0,ASK
1218,1712603118.1208882,2204065.03418652,50670.0,-9.257973625550895e-11,50820.0,ASK
1219,1712603120.8977644,2204076.95053669,50660.0,-1.0289239243910608e-10,50820.0,ASK
1220,1712603121.4682558,2204095.12056038,50650.0,-1.568900864324794e-10,50820.0,ASK
1221,1712603121.4716728,2204109.91318381,50650.0,-1.2772773487245508e-10,50820.0,ASK
1222,1712603122.0477524,2204112.4038959,50640.0,-2.1506192932650688e-11,50820.0,ASK
1223,1712603123.7775931,2204112.60113455,50680.0,1.7030681593150766e-12,50820.0,BID
1224,1712603123.9078555,2204112.71940776,50630.0,-1.0212366530041977e-12,50820.0,ASK
1225,1712603124.7976644,2204116.48055736,50680.0,3.247585671438697e-11,50820.0,BID
1226,1712603129.8777578,2204120.16277152,50630.0,-3.179428423868591e-11,50820.0,ASK
1227,1712603130.1379952,2204120.16277152,50630.0,-0.0,50820.0,ASK
1228,1712603142.5080874,2204120.28120815,50660.0,1.0224228969997818e-12,50820.0,BID
1229,1712603147.8080778,2204121.16057634,50660.0,7.591284663759295e-12,50820.0,BID
1230,1712603147.8180366,2204125.05787826,50700.0,3.364407382802752e-11,50820.0,BID
1231,1712603147.8207192,2204126.65787826,50680.0,1.3812252483862912e-11,50820.0,BID
1232,1712603155.3083315,2204126.77631489,50660.0,-1.0224228969997818e-12,50820.0,ASK
1233,1712603160.0919423,2204126.77631489,50660.0,-0.0,50820.0,ASK
1234,1712603165.748155,2204128.75025883,50700.0,1.7040333239837298e-11,50820.0,BID
1235,1712603170.328226,2204128.86860202,50700.0,1.0216133084872166e-12,50820.0,BID
1236,1712603174.378319,2204128.96716331,50700.0,8.508434243921031e-13,50820.0,BID
1237,1712603176.578136,2204131.99275723,50680.0,-2.611884137416764e-11,50820.0,ASK
1238,1712603181.5482457,2204137.33002942,50700.0,4.607471107533271e-11,50820.0,BID
1239,1712603186.7081752,2204137.52726807,50700.0,1.7026888407788894e-12,50820.0,BID
1240,1712603188.2384903,2204139.12901432,50700.0,1.3827287250137483e-11,50820.0,BID
1241,1712603190.096146,2204139.12901432,50700.0,0.0,50820.0,BID
1242,1712603193.5785866,2204139.24735751,50680.0,-1.0216077817180126e-12,50820.0,ASK
1243,1712603202.3985045,2204140.71878785,50680.0,-1.270224917613003e-11,50820.0,ASK
1244,1712603205.1513686,2204142.31830379,50680.0,-1.3807959154853906e-11,50820.0,ASK
1245,1712603205.1549454,2204143.45141502,50680.0,-9.781680314159375e-12,50820.0,ASK
1246,1712603205.4288614,2204146.81403787,50670.0,-2.9028131451857797e-11,50820.0,ASK
1247,1712603207.0633454,2204150.55123092,50660.0,-3.2261640971386056e-11,50820.0,ASK
1248,1712603207.0674756,2204150.66589732,50660.0,-9.898675768949477e-13,50820.0,ASK
1249,1712603212.0784185,2204179.23925959,50680.0,2.466620114609289e-10,50820.0,BID
1250,1712603213.688547,2204179.35764948,50680.0,1.0220109255560885e-12,50820.0,BID
1251,1712603220.1520195,2204179.35764948,50680.0,0.0,50820.0,BID
1252,1712603222.638408,2204185.27714434,50680.0,5.1099650051665774e-11,50820.0,BID
1253,1712603223.168644,2204185.39553423,50660.0,-1.021992939450126e-12,50820.0,ASK
1254,1712603224.1492617,2204185.67193312,50660.0,-2.3859952407288028e-12,50820.0,ASK
1255,1712603224.153381,2204191.80050102,50660.0,-5.290445932015242e-11,50820.0,ASK
1256,1712603224.729363,2204195.95398769,50650.0,-3.585470050319569e-11,50820.0,ASK
1257,1712603224.788744,2204200.54873803,50650.0,3.9663880109341605e-11,50820.0,BID
1258,1712603224.9193203,2204205.16489126,50640.0,-3.984863915644882e-11,50820.0,ASK
1259,1712603224.9231467,2204205.27942522,50640.0,-9.88706875814174e-13,50820.0,ASK
1260,1712603226.1591237,2204218.59464066,50630.0,-1.1494272154179376e-10,50820.0,ASK
1261,1712603226.163002,2204250.84494021,50630.0,-2.783985897587054e-10,50820.0,ASK
1262,1712603226.238533,2204264.16015565,50620.0,-1.1494272154179376e-10,50820.0,ASK
1263,1712603226.7189867,2204278.5614969,50620.0,-1.24318631159341e-10,50820.0,ASK
1264,1712603226.778641,2204291.72789753,50660.0,1.1365808748226651e-10,50820.0,BID
1265,1712603231.2896152,2204291.82675219,50640.0,-8.533563512499527e-13,50820.0,ASK
1266,1712603233.1893222,2204342.2054333,50640.0,-4.34890651269406e-10,50820.0,ASK
1267,1712603240.819498,2204342.32389331,50650.0,1.0225982435137784e-12,50820.0,BID
1268,1712603246.6690726,2204344.91098578,50610.0,-2.233290559299724e-11,50820.0,ASK
1269,1712603247.2890737,2204345.30585251,50640.0,3.408661077018764e-12,50820.0,BID
1270,1712603248.98942,2204345.40476555,50600.0,-8.53860312376922e-13,50820.0,ASK
1271,1712603248.9994411,2204359.05653633,50600.0,-1.1784801337784674e-10,50820.0,ASK
1272,1712603249.003035,2204364.4450656,50600.0,-4.651612451839544e-11,50820.0,ASK
1273,1712603249.208738,2204364.55575941,50590.0,-9.555570348365191e-13,50820.0,ASK
1274,1712603249.2188635,2204368.00715296,50590.0,-2.9793927823885926e-11,50820.0,ASK
1275,1712603250.1497462,2204368.00715296,50590.0,-0.0,50820.0,ASK
1276,1712603251.598982,2204368.12657971,50580.0,-1.0308585609907236e-12,50820.0,ASK
1277,1712603255.3991392,2204380.00706145,50580.0,-1.0254902144286116e-10,50820.0,ASK
1278,1712603256.9388504,2204381.4625525,50580.0,-1.256339483346924e-11,50820.0,ASK
1279,1712603257.3191817,2204393.97563522,50590.0,1.0800945754892008e-10,50820.0,BID
1280,1712603257.518783,2204416.4707583,50590.0,1.9417165983452755e-10,50820.0,BID
1281,1712603258.0899558,2204417.75180794,50580.0,-1.1057664993400284e-11,50820.0,ASK
1282,1712603258.0937817,2204419.27557498,50580.0,-1.315273422764461e-11,50820.0,ASK
1283,1712603258.0975764,2204420.65691899,50570.0,-1.1923378160425592e-11,50820.0,ASK
1284,1712603259.9721,2204487.81594902,50590.0,5.796981100055335e-10,50820.0,BID
1285,1712603262.6792085,2204487.93440903,50570.0,-1.0225139309635844e-12,50820.0,ASK
1286,1712603267.1191092,2204567.04833309,50580.0,-6.828894376856778e-10,50820.0,ASK
1287,1712603269.9691873,2204567.16667464,50650.0,1.0214914207867957e-12,50820.0,BID
1288,1712603280.0980136,2204567.16667464,50650.0,0.0,50820.0,BID
1289,1712603280.5590558,2204567.55068253,50650.0,3.3143613211195103e-12,50820.0,BID
1290,1712603281.298905,2204567.66914254,50650.0,1.0224250245767433e-12,50820.0,BID
1291,1712603292.341349,2204567.78760255,50590.0,-1.0224250205576337e-12,50820.0,ASK
1292,1712603295.4295266,2204570.21769197,50590.0,-2.0974033595384043e-11,50820.0,ASK
1293,1712603295.4328816,2204573.12487474,50600.0,-2.509181290884536e-11,50820.0,ASK
1294,1712603299.6089797,2204576.03206872,50650.0,2.5091909664887554e-11,50820.0,BID
1295,1712603303.1192236,2204579.98463789,50600.0,-3.411451359355554e-11,50820.0,ASK
1296,1712603309.7393303,2204580.48463789,50600.0,4.315485969624967e-12,50820.0,BID
1297,1712603310.1025808,2204580.48463789,50600.0,0.0,50820.0,BID
1298,1712603312.3927534,2204584.63703765,50570.0,-3.583903731484326e-11,50820.0,ASK
1299,1712603313.6796162,2204586.11332224,50600.0,1.2741696741656599e-11,50820.0,BID
1300,1712603313.6838272,2204587.33183765,50600.0,1.0516911129167476e-11,50820.0,BID
1301,1712603315.1795669,2204587.45025707,50650.0,1.022068744904183e-12,50820.0,BID
1302,1712603315.1826458,2204587.4502977,50600.0,3.506733023726953e-16,50820.0,BID
1303,1712603326.579365,2204587.56875775,50600.0,-1.0224194222256415e-12,50820.0,ASK
1304,1712603329.4697206,2204590.53590069,50610.0,-2.5609178472033007e-11,50820.0,ASK
1305,1712603333.990107,2204599.53590069,50640.0,7.767829555448247e-11,50820.0,BID
1306,1712603333.9942143,2204604.3511228,50650.0,4.155980513280735e-11,50820.0,BID
1307,1712603340.1566577,2204604.3511228,50650.0,0.0,50820.0,BID
1308,1712603340.8703015,2204604.46958281,50650.0,1.0224084154213384e-12,50820.0,BID
1309,1712603344.4700172,2204612.21974472,50610.0,-6.689034332736435e-11,50820.0,ASK
1310,1712603344.4736297,2204664.7561685,50600.0,-4.5343303335634056e-10,50820.0,ASK
1311,1712603344.477765,2204666.69615878,50610.0,-1.6743729662742043e-11,50820.0,ASK
1312,1712603357.8896766,2204671.46923395,50610.0,4.1195608631287346e-11,50820.0,BID
1313,1712603360.959606,2204671.58769396,50600.0,-1.0224084114022941e-12,50820.0,ASK
1314,1712603370.1429632,2204671.58769396,50600.0,-0.0,50820.0,ASK
1315,1712603377.3814175,2204671.70615397,50650.0,1.0223783934224102e-12,50820.0,BID
1316,1712603398.1501143,2204671.82461398,50600.0,-1.0223783894034842e-12,50820.0,ASK
1317,1712603400.1234825,2204671.82461398,50600.0,-0.0,50820.0,ASK
1318,1712603401.3999877,2204671.92702593,50600.0,-8.84337059669135e-13,50820.0,ASK
1319,1712603405.940105,2204712.28108474,50600.0,-3.4846118750128536e-10,50820.0,ASK
1320,1712603407.6296115,2204712.45984334,50600.0,-1.5435977395480349e-12,50820.0,ASK
1321,1712603411.144148,2204717.64949324,50600.0,-4.481312710989141e-11,50820.0,ASK
1322,1712603411.146937,2204720.28419324,50600.0,-2.2750888457862397e-11,50820.0,ASK
1323,1712603411.1496024,2204798.53454601,50600.0,-6.756993386220006e-10,50820.0,ASK
1324,1712603411.1600013,2204819.35513207,50600.0,-1.797877674954671e-10,50820.0,ASK
1325,1712603414.850255,2204829.23850823,50590.0,-8.534390578917032e-11,50820.0,ASK
1326,1712603417.9399598,2204901.38652602,50570.0,-6.23005087870026e-10,50820.0,ASK
1327,1712603417.9497128,2204903.52963085,50570.0,-1.8505916780720712e-11,50820.0,ASK
1328,1712603418.4301753,2204903.64813766,50630.0,1.0233177284718893e-12,50820.0,BID
1329,1712603422.3406312,2204982.15852953,50630.0,6.77944801310954e-10,50820.0,BID
1330,1712603422.3480296,2204984.45450516,50630.0,1.9825970872711155e-11,50820.0,BID
1331,1712603427.139967,2204984.57301197,50570.0,-1.0233177284718893e-12,50820.0,ASK
1332,1712603430.1009731,2204984.57301197,50570.0,-0.0,50820.0,ASK
1333,1712603442.449925,2205005.94457874,50570.0,-1.845203239943484e-10,50820.0,ASK
1334,1712603444.640079,2205011.12992516,50570.0,-4.4769848267327656e-11,50820.0,ASK
1335,1712603444.7804742,2205022.33284215,50570.0,9.672505038474559e-11,50820.0,BID
1336,1712603447.4704547,2205022.45134896,50630.0,1.0231779093381682e-12,50820.0,BID
1337,1712603454.0907948,2205024.45800095,50570.0,1.7325265824009228e-11,50820.0,BID
1338,1712603454.0946207,2205028.50236736,50570.0,3.491872207444521e-11,50820.0,BID
1339,1712603459.1704884,2205028.62087417,50570.0,-1.0231779093381682e-12,50820.0,ASK
1340,1712603460.1455972,2205028.62087417,50570.0,-0.0,50820.0,ASK
1341,1712603460.8803356,2205042.15563338,50570.0,-1.168557341364443e-10,50820.0,ASK
1342,1712603464.5902717,2205097.03836384,50570.0,4.738438017112131e-10,50820.0,BID
1343,1712603464.6703732,2205128.77333322,50570.0,2.7399180784474953e-10,50820.0,BID
1344,1712603472.9800456,2205132.72824721,50570.0,-3.4145740651255416e-11,50820.0,ASK
1345,1712603475.750229,2205136.6831612,50570.0,-3.4145740651255416e-11,50820.0,ASK
1346,1712603480.280546,2205136.80169142,50620.0,1.0233603455609274e-12,50820.0,BID
1347,1712603481.3102612,2205140.75660541,50570.0,-3.4145740651255416e-11,50820.0,ASK
1348,1712603482.2702332,2205140.99342879,50620.0,2.0446739761316645e-12,50820.0,BID
1349,1712603489.4203598,2205141.11195901,50570.0,-1.0233603455609274e-12,50820.0,ASK
1350,1712603490.149274,2205141.11195901,50570.0,-0.0,50820.0,ASK
1351,1712603506.020868,2205145.06609107,50580.0,-3.413731301679281e-11,50820.0,ASK
1352,1712603506.2009623,2205152.85738878,50570.0,-6.726481682829962e-11,50820.0,ASK
1353,1712603506.2064736,2205182.15700207,50570.0,-2.5295312725035856e-10,50820.0,ASK
1354,1712603511.7206326,2205182.27555571,50610.0,1.0235122781818098e-12,50820.0,BID
1355,1712603520.1075244,2205182.27555571,50610.0,0.0,50820.0,BID
1356,1712603520.880713,2205186.22734389,50610.0,3.4116464398183294e-11,50820.0,BID
1357,1712603525.360483,2205186.34589753,50570.0,-1.0234938880858405e-12,50820.0,ASK
1358,1712603529.5906513,2205190.18225787,50570.0,-3.3119956079489625e-11,50820.0,ASK
1359,1712603530.6808996,2205198.15471876,50560.0,-6.882762074237841e-11,50820.0,ASK
1360,1712603530.684338,2205198.25378917,50560.0,-8.55291824870168e-13,50820.0,ASK
1361,1712603530.7008138,2205202.20948537,50560.0,-3.415020300419944e-11,50820.0,ASK
1362,1712603530.705264,2205206.45316719,50560.0,-3.6636432197526185e-11,50820.0,ASK
1363,1712603543.4608302,2205206.57183807,50560.0,1.024506041160755e-12,50820.0,BID
1364,1712603544.651002,2205216.4630349,50550.0,-8.539239683980255e-11,50820.0,ASK
1365,1712603544.6546974,2205241.66353074,50550.0,-2.1756019806063877e-10,50820.0,ASK
1366,1712603544.6586285,2205263.71260351,50550.0,-1.9035342277896947e-10,50820.0,ASK
1367,1712603550.10419,2205263.71260351,50550.0,-0.0,50820.0,ASK
1368,1712603557.417004,2205263.8115944,50540.0,-8.54574939819255e-13,50820.0,ASK
1369,1712603557.4195805,2205263.91160848,50530.0,-8.634079972353863e-13,50820.0,ASK
1370,1712603557.8108668,2205264.00977368,50530.0,-8.474468690355837e-13,50820.0,ASK
1371,1712603557.815577,2205264.03027936,50530.0,-1.770227545338865e-13,50820.0,ASK
1372,1712603559.940682,2205273.77541693,50530.0,-8.412845198346423e-11,50820.0,ASK
1373,1712603562.8906898,2205278.64798572,50530.0,-4.2064226031932026e-11,50820.0,ASK
1374,1712603565.1815083,2205283.7999973,50530.0,-4.447661776757954e-11,50820.0,ASK
1375,1712603565.3005314,2205302.12796657,50530.0,1.5822287490220035e-10,50820.0,BID
1376,1712603565.5614333,2205304.56425096,50530.0,-2.103211297174612e-11,50820.0,ASK
1377,1712603565.880738,2205561.0881706,50530.0,-2.2145362341057073e-09,50820.0,ASK
1378,1712603567.8505828,2205562.3063128,50530.0,-1.0516056528082959e-11,50820.0,ASK
1379,1712603570.0709977,2205562.42498368,50560.0,1.02446962356947e-12,50820.0,BID
1380,1712603570.600828,2205563.03405478,50530.0,-5.258028266051475e-12,50820.0,ASK
1381,1712603571.861671,2205622.24974512,50560.0,5.11201029788188e-10,50820.0,BID
1382,1712603571.8664043,2205623.43625189,50560.0,1.0242952150631848e-11,50820.0,BID
1383,1712603573.8115814,2205653.43625189,50550.0,2.5898593439698703e-10,50820.0,BID
1384,1712603575.071056,2205653.74078744,50550.0,-2.629014133025737e-12,50820.0,ASK
1385,1712603577.8637094,2205719.14894108,50550.0,-5.646597262554873e-10,50820.0,ASK
1386,1712603580.1289608,2205719.14894108,50550.0,-0.0,50820.0,ASK
1387,1712603584.8109572,2205812.6487595,50550.0,-8.070109066109446e-10,50820.0,ASK
1388,1712603585.7948143,2205812.74987103,50560.0,8.727087256478792e-13,50820.0,BID
1389,1712603595.0809946,2205812.86854191,50550.0,-1.0242660998173417e-12,50820.0,ASK
1390,1712603595.5612454,2205833.0817803,50550.0,-1.7446348147444554e-10,50820.0,ASK
1391,1712603595.5661278,2205897.01837849,50550.0,-5.518463344946967e-10,50820.0,ASK
1392,1712603596.460878,2205917.03038569,50540.0,-1.7272662499490316e-10,50820.0,ASK
1393,1712603601.001409,2205973.42038569,50550.0,-4.867105176553355e-10,50820.0,ASK
1394,1712603601.0066147,2205992.76523861,50550.0,-1.6696831670001188e-10,50820.0,ASK
1395,1712603610.0983183,2205992.76523861,50550.0,-0.0,50820.0,ASK
1396,1712603611.4609523,2205992.88379225,50610.0,1.0231320439898477e-12,50820.0,BID
1397,1712603616.293937,2205993.02226901,50550.0,1.1950709468429234e-12,50820.0,BID
1398,1712603620.5711396,2206003.40776594,50610.0,8.962807649401566e-11,50820.0,BID
1399,1712603621.411349,2206004.1215068,50550.0,-6.159668703358022e-12,50820.0,ASK
1400,1712603621.4163444,2206005.40776594,50550.0,-1.1100569704154054e-11,50820.0,ASK
1401,1712603624.1011426,2206006.93153298,50550.0,-1.3150291194913513e-11,50820.0,ASK
