,time,acc_trade_volume,trade_price,dev,high,ask_bid
0,1712601588.473735,57815.74464914,80550.0,0.0,80660.0,BID
1,1712601600.5876167,57815.74464914,80550.0,0.0,80660.0,BID
2,1712601616.5764196,57815.83156944,80400.0,-1.6795719532991495e-11,80660.0,ASK
3,1712601618.8563766,57815.90605733,80400.0,-1.4393389219741528e-11,80660.0,ASK
4,1712601630.5879114,57815.90605733,80400.0,-0.0,80660.0,ASK
5,1712601639.8063643,57815.98054522,80550.0,1.4393353126906704e-11,80660.0,BID
6,1712601660.917585,57815.98054522,80550.0,0.0,80660.0,BID
7,1712601684.8460767,57816.05503311,80400.0,-1.4393336439494176e-11,80660.0,ASK
8,1712601690.9661543,57816.05503311,80400.0,-0.0,80660.0,ASK
9,1712601692.1860735,57834.64221711,80550.0,3.591607752339441e-09,80660.0,BID
10,1712601694.3965924,57848.32588982,80550.0,2.6441006333034327e-09,80660.0,BID
11,1712601694.3988025,57868.44342911,80550.0,3.887318814510039e-09,80660.0,BID
12,1712601695.0570002,57871.29364994,80550.0,5.50749119873553e-10,80660.0,BID
13,1712601695.321632,57884.19364994,80550.0,2.492671294650827e-09,80660.0,BID
14,1712601695.6059637,57897.09364994,80550.0,2.492671294649421e-09,80660.0,BID
15,1712601702.6461787,57899.53011707,80550.0,4.70799354675061e-10,80660.0,BID
16,1712601702.6478145,57942.17344604,80560.0,8.239984653632455e-09,80660.0,BID
17,1712601706.5261295,57944.95074051,80560.0,5.366575350520988e-10,80660.0,BID
18,1712601706.7862442,57945.02521915,80560.0,1.4391532401659416e-11,80660.0,BID
19,1712601707.2658036,57972.58588915,80560.0,5.325557439562166e-09,80660.0,BID
20,1712601712.2261872,57983.62293852,80560.0,2.132692724203804e-09,80660.0,BID
21,1712601712.2280118,57990.55914899,80570.0,1.3402862583128475e-09,80660.0,BID
22,1712601712.2357934,58004.22225725,80560.0,2.6401269577832608e-09,80660.0,BID
23,1712601720.5775063,58004.22225725,80560.0,0.0,80660.0,BID
24,1712601750.5796924,58004.22225725,80560.0,0.0,80660.0,BID
25,1712601755.395908,58004.29673589,80520.0,-1.4349502955498328e-11,80660.0,ASK
26,1712601755.535859,58028.4124479,80570.0,4.646278191738948e-09,80660.0,BID
27,1712601757.1456726,58031.11956802,80570.0,5.215700523693107e-10,80660.0,BID
28,1712601757.2056255,58051.45932715,80570.0,3.918780388143452e-09,80660.0,BID
29,1712601757.2257617,58059.41836332,80570.0,1.5334358018791527e-09,80660.0,BID
30,1712601777.380954,58059.49281424,80590.0,1.4344162254601482e-11,80660.0,BID
31,1712601780.917924,58059.49281424,80590.0,0.0,80660.0,BID
32,1712601792.685778,58059.75140869,80590.0,4.9779653374144107e-11,80660.0,BID
33,1712601810.9456322,58059.75140869,80590.0,0.0,80660.0,BID
34,1712601817.7754989,58059.86120387,80600.0,2.113558151187017e-11,80660.0,BID
35,1712601825.045606,58059.93565479,80600.0,-1.4331808447920543e-11,80660.0,ASK
36,1712601838.8455708,58060.0100411,80660.0,1.4319371017109123e-11,80660.0,BID
37,1712601840.5683885,58060.0100411,80660.0,0.0,80660.0,BID
38,1712601857.836374,58062.61613628,80660.0,5.016715307995538e-10,80660.0,BID
39,1712601857.8384182,58063.78898073,80660.0,2.2577175044862187e-10,80660.0,BID
40,1712601864.4574032,58067.06853801,80660.0,-6.313125221323671e-10,80660.0,ASK
41,1712601870.5963657,58067.06853801,80660.0,-0.0,80660.0,ASK
42,1712601883.605398,58067.14292432,80660.0,-1.431774435877076e-11,80660.0,ASK
43,1712601900.6272304,58067.14292432,80660.0,-0.0,80660.0,ASK
44,1712601901.805113,58067.21730141,80670.0,1.4318791083713477e-11,80670.0,BID
45,1712601915.475083,58070.09695393,80660.0,-5.543796191428902e-10,80670.0,ASK
46,1712601915.8950064,58072.88095393,80660.0,-5.359649641661842e-10,80670.0,ASK
47,1712601915.9846148,58074.42370622,80660.0,-2.9700473269638674e-10,80670.0,ASK
48,1712601916.2852838,58074.51047949,80670.0,1.6705255944496903e-11,80670.0,BID
49,1712601923.3058915,58080.50947949,80660.0,-1.154904389379054e-09,80670.0,ASK
50,1712601923.5650434,58108.20478649,80660.0,-5.331793902237536e-09,80670.0,ASK
51,1712601930.6079955,58108.20478649,80660.0,-0.0,80670.0,ASK
52,1712601954.7654178,58108.27916321,80430.0,-1.4309595718984599e-11,80670.0,ASK
53,1712601954.76781,58108.27916358,80660.0,-7.118640825777647e-17,80670.0,ASK
54,1712601960.9112177,58108.27916358,80660.0,-0.0,80670.0,ASK
55,1712601975.2750044,58108.35354067,80670.0,1.4309650436036595e-11,80670.0,BID
56,1712601990.935037,58108.35354067,80670.0,0.0,80670.0,BID
57,1712602020.6397822,58108.35354067,80670.0,0.0,80670.0,BID
58,1712602020.7551842,58108.42791776,80410.0,-1.4309633916174887e-11,80670.0,ASK
59,1712602039.5447404,58108.50240565,80550.0,1.4330951065548618e-11,80670.0,BID
60,1712602050.5474365,58108.50240565,80550.0,0.0,80670.0,BID
61,1712602080.9247644,58108.50240565,80550.0,0.0,80670.0,BID
62,1712602089.5645597,58108.57689354,80400.0,-1.4330918032843149e-11,80670.0,ASK
63,1712602095.4446063,58132.22951854,80400.0,-4.550589768813975e-09,80670.0,ASK
64,1712602095.4846232,58134.32377907,80400.0,-4.0292020615262477e-10,80670.0,ASK
65,1712602109.1865146,58134.39831323,80500.0,1.4339820037424696e-11,80670.0,BID
66,1712602110.927569,58134.39831323,80500.0,0.0,80670.0,BID
67,1712602140.575894,58134.39831323,80500.0,0.0,80670.0,BID
68,1712602157.0845933,58134.47284739,80240.0,-1.4334078254824811e-11,80670.0,ASK
69,1712602170.5871978,58134.47284739,80240.0,-0.0,80670.0,ASK
70,1712602177.0943632,58134.54738155,80500.0,1.4334061766868749e-11,80670.0,BID
71,1712602200.6651602,58134.54738155,80500.0,0.0,80670.0,BID
72,1712602219.1242049,58134.63415482,80240.0,-1.6729511984566787e-11,80670.0,ASK
73,1712602224.3449464,58134.70868898,80250.0,-1.4369864394372898e-11,80670.0,ASK
74,1712602230.60452,58134.70868898,80250.0,-0.0,80670.0,ASK
75,1712602247.0440326,58142.02868898,80250.0,1.4112608885570163e-09,80670.0,BID
76,1712602247.063867,58157.20868898,80250.0,2.926631186925788e-09,80670.0,BID
77,1712602247.304076,58157.28326946,80450.0,1.4378758808403748e-11,80670.0,BID
78,1712602251.6479552,58159.30654046,80340.0,-3.9007694388650555e-10,80670.0,ASK
79,1712602251.6494453,58159.30654111,80340.0,-1.2531783640518287e-16,80670.0,ASK
80,1712602260.637693,58159.30654111,80340.0,-0.0,80670.0,ASK
81,1712602260.639761,58161.36411311,80320.0,-3.96539084859704e-10,80670.0,ASK
82,1712602289.1141405,58161.36411383,80320.0,-1.3875966767523475e-16,80670.0,ASK
83,1712602289.116294,58161.43869359,80250.0,-1.437314940997252e-11,80670.0,ASK
84,1712602290.614004,58161.43869359,80250.0,-0.0,80670.0,ASK
85,1712602310.7140365,58161.51327407,80450.0,1.4372813818231108e-11,80670.0,BID
86,1712602320.8968146,58161.51327407,80450.0,0.0,80670.0,BID
87,1712602350.9637885,58161.51327407,80450.0,0.0,80670.0,BID
88,1712602354.4238524,58161.58785455,80250.0,-1.437279719906816e-11,80670.0,ASK
89,1712602380.5744758,58161.58785455,80250.0,-0.0,80670.0,ASK
90,1712602381.9238317,58161.66237945,80510.0,1.4362069517657579e-11,80670.0,BID
91,1712602410.5735617,58161.66237945,80510.0,0.0,80670.0,BID
92,1712602426.3936102,58161.73690435,80250.0,-1.4362052912358487e-11,80670.0,ASK
93,1712602440.89614,58161.73690435,80250.0,-0.0,80670.0,ASK
94,1712602445.6138537,58162.23410758,80450.0,9.58183220232254e-11,80670.0,BID
95,1712602448.903405,58162.30868806,80450.0,1.4372747436794327e-11,80670.0,BID
96,1712602470.9262755,58162.30868806,80450.0,0.0,80670.0,BID
97,1712602499.54554,58162.38326854,80250.0,-1.437262002396197e-11,80670.0,ASK
98,1712602500.6169217,58162.38326854,80250.0,-0.0,80670.0,ASK
99,1712602521.8502076,58162.45785829,80440.0,1.4409582684786892e-11,80670.0,BID
100,1712602530.5802896,58162.45785829,80440.0,0.0,80670.0,BID
101,1712602560.9180644,58162.45785829,80440.0,0.0,80670.0,BID
102,1712602564.4247897,58162.53244804,80250.0,-1.4409565982560529e-11,80670.0,ASK
103,1712602590.925472,58162.53244804,80250.0,-0.0,80670.0,ASK
104,1712602593.8471994,58163.73244804,80250.0,-2.3182084915560914e-10,80670.0,ASK
105,1712602620.6296086,58163.73244804,80250.0,-0.0,80670.0,ASK
106,1712602624.48658,58163.80700998,80470.0,1.4403908907167376e-11,80670.0,BID
107,1712602650.596787,58163.80700998,80470.0,0.0,80670.0,BID
108,1712602668.567465,58163.88157192,80270.0,-1.4403892210461694e-11,80670.0,ASK
109,1712602680.922175,58163.88157192,80270.0,-0.0,80670.0,ASK
110,1712602691.8883462,58163.95603208,80580.0,1.438421369727278e-11,80670.0,BID
111,1712602710.9081936,58163.95603208,80580.0,0.0,80670.0,BID
112,1712602712.3384297,58165.19703481,80580.0,2.397366293095516e-10,80670.0,BID
113,1712602733.5687914,58165.27149497,80270.0,-1.4384197024838559e-11,80670.0,ASK
114,1712602739.248975,58165.52305986,80270.0,-4.859724908215007e-11,80670.0,ASK
115,1712602740.5832117,58165.52305986,80270.0,-0.0,80670.0,ASK
116,1712602742.548761,58165.6488423,80270.0,-2.42980313460194e-11,80670.0,ASK
117,1712602744.968876,58165.71173352,80270.0,-1.2149015674415234e-11,80670.0,ASK
118,1712602748.139137,58165.77462475,80290.0,1.2149017605618406e-11,80670.0,BID
119,1712602753.199369,58165.84908491,80580.0,1.4383846438776718e-11,80670.0,BID
120,1712602770.6009698,58165.84908491,80580.0,0.0,80670.0,BID
121,1712602800.3021336,58165.92354507,80320.0,-1.4383773656857311e-11,80670.0,ASK
122,1712602800.710639,58165.92354507,80320.0,-0.0,80670.0,ASK
123,1712602801.9625585,58166.04764534,80580.0,2.3983657597920845e-11,80670.0,BID
124,1712602816.920368,58166.1221055,80580.0,1.4390194172903884e-11,80670.0,BID
125,1712602816.979978,58166.20897569,80580.0,1.678856051287506e-11,80670.0,BID
126,1712602830.6120996,58166.20897569,80580.0,0.0,80670.0,BID
127,1712602850.250944,58201.86526023,80580.0,6.890914245767329e-09,80670.0,BID
128,1712602860.9211645,58201.86526023,80580.0,0.0,80670.0,BID
129,1712602876.8515234,58201.93972039,80320.0,-1.4382144237599519e-11,80670.0,ASK
130,1712602890.9136822,58201.93972039,80320.0,-0.0,80670.0,ASK
131,1712602920.5851054,58201.93972039,80320.0,-0.0,80670.0,ASK
132,1712602928.9219134,58202.01416207,80600.0,1.437855817488367e-11,80670.0,BID
133,1712602950.625258,58202.01416207,80600.0,0.0,80670.0,BID
134,1712602977.2025907,58202.08860375,80390.0,-1.4378541511422402e-11,80670.0,ASK
135,1712602980.9233608,58202.08860375,80390.0,-0.0,80670.0,ASK
136,1712603000.1729128,58202.16302697,80620.0,1.4374959314160886e-11,80670.0,BID
137,1712603010.9331367,58202.16302697,80620.0,0.0,80670.0,BID
138,1712603040.5851274,58202.16302697,80620.0,0.0,80670.0,BID
139,1712603044.6036122,58202.23745019,80400.0,-1.4374942653501943e-11,80670.0,ASK
140,1712603070.663494,58202.23745019,80400.0,-0.0,80670.0,ASK
141,1712603071.5150394,58202.29948195,80620.0,1.1981502039908304e-11,80670.0,BID
142,1712603071.5176914,58202.31187341,80620.0,2.3934240012445078e-12,80670.0,BID
143,1712603100.9153345,58202.31187341,80620.0,0.0,80670.0,BID
144,1712603118.6145165,58202.38629663,80400.0,-1.4376102096172778e-11,80670.0,ASK
145,1712603130.9144735,58202.38629663,80400.0,-0.0,80670.0,ASK
146,1712603139.1545534,58202.46071061,80630.0,1.4374300619621311e-11,80670.0,BID
147,1712603160.5970054,58202.46071061,80630.0,0.0,80670.0,BID
148,1712603187.454933,58202.76255524,80640.0,5.830625405717029e-11,80670.0,BID
149,1712603187.8450618,58202.83696922,80400.0,-1.4374283959828231e-11,80670.0,ASK
150,1712603190.577347,58202.83696922,80400.0,-0.0,80670.0,ASK
151,1712603209.6455114,58202.91137398,80640.0,1.4372418778850598e-11,80670.0,BID
152,1712603220.9175704,58202.91137398,80640.0,0.0,80670.0,BID
153,1712603250.9556134,58202.91137398,80640.0,0.0,80670.0,BID
154,1712603255.575673,58202.98577874,80370.0,-1.4372402121353668e-11,80670.0,ASK
155,1712603277.0482852,58203.0601835,80640.0,1.4372402119948209e-11,80670.0,BID
156,1712603280.5896478,58203.0601835,80640.0,0.0,80670.0,BID
157,1712603310.5678236,58203.0601835,80640.0,0.0,80670.0,BID
158,1712603321.1287026,58203.13458826,80420.0,-1.4372368862248194e-11,80670.0,ASK
159,1712603340.935954,58203.13458826,80420.0,-0.0,80670.0,ASK
160,1712603345.67613,58203.20899302,80640.0,1.4372352250311164e-11,80670.0,BID
161,1712603362.0460503,58203.47788807,80660.0,5.1940956155033706e-11,80670.0,BID
162,1712603370.9362595,58203.47788807,80660.0,0.0,80670.0,BID
163,1712603371.5262637,58203.61461797,80670.0,2.6411210456625647e-11,80670.0,BID
164,1712603371.5295966,58203.67700143,80670.0,1.2050200366063979e-11,80670.0,BID
165,1712603376.3364773,58204.70438462,80670.0,1.9845281574328206e-10,80670.0,BID
166,1712603376.339522,58205.74256881,80670.0,2.0053917347387504e-10,80670.0,BID
167,1712603376.456143,58207.14256881,80670.0,-2.7042874045812983e-10,80670.0,ASK
168,1712603380.046661,58207.14485193,80670.0,-4.410151907102614e-13,80670.0,ASK
169,1712603380.0561838,58234.39192209,80670.0,-5.263136331810239e-09,80670.0,ASK
170,1712603380.5362716,58235.27093349,80670.0,-1.6979281839298123e-10,80670.0,ASK
171,1712603392.376513,58235.34533825,80540.0,-1.4372275379563788e-11,80670.0,ASK
172,1712603400.619638,58235.34533825,80540.0,-0.0,80670.0,ASK
173,1712603413.9026358,58235.41970612,80680.0,1.4409312993503924e-11,80680.0,BID
174,1712603430.606937,58235.41970612,80680.0,0.0,80680.0,BID
175,1712603453.5168643,58235.49407399,80540.0,-1.440929624066231e-11,80680.0,ASK
176,1712603460.906566,58235.49407399,80540.0,-0.0,80680.0,ASK
177,1712603490.9306314,58235.49407399,80540.0,-0.0,80680.0,ASK
178,1712603520.5876176,58235.49407399,80540.0,-0.0,80680.0,ASK
179,1712603550.617421,58235.49407399,80540.0,-0.0,80680.0,ASK
180,1712603580.6375651,58235.49407399,80540.0,-0.0,80680.0,ASK
181,1712603607.0576377,58235.56844186,80680.0,1.4409279519747006e-11,80680.0,BID
182,1712603610.59109,58235.56844186,80680.0,0.0,80680.0,BID
183,1712603640.918271,58235.56844186,80680.0,0.0,80680.0,BID
184,1712603651.317601,58235.64280973,80540.0,-1.4409262768392992e-11,80680.0,ASK
185,1712603667.6276083,58235.7171776,80680.0,1.4409262768392992e-11,80680.0,BID
186,1712603670.9379165,58235.7171776,80680.0,0.0,80680.0,BID
187,1712603700.1322129,58236.73353855,80680.0,1.969261453158011e-10,80680.0,BID
188,1712603700.133556,58238.07817165,80680.0,2.605308805388852e-10,80680.0,BID
189,1712603700.6524112,58238.07817165,80680.0,0.0,80680.0,BID
190,1712603722.4880073,58238.15253952,80540.0,-1.4420654826135084e-11,80680.0,ASK
191,1712603730.5680215,58238.15253952,80540.0,-0.0,80680.0,ASK
192,1712603742.418241,58238.22690739,80680.0,1.4420638077435836e-11,80680.0,BID
193,1712603760.922298,58238.22690739,80680.0,0.0,80680.0,BID
194,1712603790.9430668,58238.22690739,80680.0,0.0,80680.0,BID
195,1712603791.9283774,58238.30127526,80540.0,-1.442062129825101e-11,80680.0,ASK
196,1712603820.5902991,58238.30127526,80540.0,-0.0,80680.0,ASK
197,1712603847.202322,58238.37564313,80680.0,1.4420604551040511e-11,80680.0,BID
198,1712603850.6231863,58238.37564313,80680.0,0.0,80680.0,BID
199,1712603876.158703,58238.45663678,80680.0,1.5705385119835983e-11,80680.0,BID
200,1712603880.948521,58238.45663678,80680.0,0.0,80680.0,BID
201,1712603892.299859,58238.53100465,80540.0,-1.4420569500889955e-11,80680.0,ASK
202,1712603910.955056,58238.53100465,80540.0,-0.0,80680.0,ASK
203,1712603917.8486607,58238.60537252,80680.0,1.4420552752388908e-11,80680.0,BID
204,1712603923.9089017,58238.83761564,80680.0,4.5033885778404847e-11,80680.0,BID
205,1712603923.912345,58239.78021712,80680.0,1.827783203491472e-10,80680.0,BID
206,1712603940.588698,58239.78021712,80680.0,0.0,80680.0,BID
207,1712603964.4089267,58239.85458499,80630.0,-1.4420270930734959e-11,80680.0,ASK
208,1712603970.6379716,58239.85458499,80630.0,-0.0,80680.0,ASK
209,1712603979.1225145,58241.09944899,80700.0,2.4138455600764606e-10,80700.0,BID
210,1712603984.8990464,58241.09944993,80700.0,1.8227063888481062e-16,80700.0,BID
211,1712603984.9023705,58241.17378922,80710.0,1.4414712379451547e-11,80710.0,BID
212,1712603985.2387638,58241.96641222,80710.0,1.5369305477139858e-10,80710.0,BID
213,1712603985.318772,58241.96641255,80710.0,6.398864355360264e-17,80710.0,BID
214,1712604000.6292412,58241.96641255,80710.0,0.0,80710.0,BID
215,1712604002.4991276,58242.03641255,80720.0,1.3575668881460427e-11,80720.0,BID
216,1712604019.0681975,58242.33308045,80730.0,5.753521683144345e-11,80730.0,BID
217,1712604030.6116116,58242.33308045,80730.0,0.0,80730.0,BID
218,1712604034.1992824,58242.35353565,80710.0,-3.967020399586204e-12,80730.0,ASK
219,1712604034.2025633,58242.40742068,80720.0,-1.0450301793514602e-11,80730.0,ASK
220,1712604049.549367,58243.4174299,80730.0,1.9587817179005983e-10,80730.0,BID
221,1712604049.552269,58245.60318716,80740.0,4.2389923536037655e-10,80740.0,BID
222,1712604053.9580853,58245.67749056,80750.0,1.4410179493817767e-11,80750.0,BID
223,1712604060.955108,58245.67749056,80750.0,0.0,80750.0,BID
224,1712604071.0090702,58245.91549056,80740.0,-4.615459228420592e-11,80750.0,ASK
225,1712604071.609187,58245.91720673,80740.0,-3.328114567859886e-13,80750.0,ASK
226,1712604074.679028,58256.09490532,80710.0,-1.973729112679815e-09,80750.0,ASK
227,1712604090.9435923,58256.09490532,80710.0,-0.0,80750.0,ASK
228,1712604101.6994202,58256.16920872,80540.0,-1.4407075807389683e-11,80750.0,ASK
229,1712604120.5756946,58256.24351212,80750.0,1.440707580880046e-11,80750.0,BID
230,1712604120.6019545,58256.24351212,80750.0,0.0,80750.0,BID
231,1712604150.5959494,58256.24351212,80750.0,0.0,80750.0,BID
232,1712604151.0592475,58256.36735112,80740.0,2.401173721676852e-11,80750.0,BID
233,1712604163.6393752,58256.44165452,80540.0,-1.4407042329496802e-11,80750.0,ASK
234,1712604180.9241369,58256.44165452,80540.0,-0.0,80750.0,ASK
235,1712604210.9635084,58256.44165452,80540.0,-0.0,80750.0,ASK
236,1712604218.0896652,58256.51595792,80750.0,1.440699768147836e-11,80750.0,BID
237,1712604240.5858505,58256.51595792,80750.0,0.0,80750.0,BID
238,1712604262.4497595,58256.59026132,80640.0,-1.440698092231086e-11,80750.0,ASK
239,1712604270.6140883,58256.59026132,80640.0,-0.0,80750.0,ASK
240,1712604276.460293,58256.61502914,80750.0,4.802325271643488e-12,80750.0,BID
241,1712604276.4643672,58256.88276905,80750.0,5.1913092724254994e-11,80750.0,BID
242,1712604300.943975,58256.88276905,80750.0,0.0,80750.0,BID
243,1712604319.2199068,58256.95707245,80750.0,1.4423338968479e-11,80750.0,BID
244,1712604330.924199,58256.95707245,80750.0,0.0,80750.0,BID
245,1712604360.6537514,58256.95707245,80750.0,0.0,80750.0,BID
246,1712604365.3598063,58257.85819175,80750.0,1.7491977455383114e-10,80750.0,BID
247,1712604365.3615491,58258.45937331,80750.0,1.1669769246025049e-10,80750.0,BID
248,1712604365.8600082,58258.53367671,80710.0,-1.4423322169857476e-11,80750.0,ASK
249,1712604373.3997102,58258.96715802,80710.0,-8.414474422938908e-11,80750.0,ASK
250,1712604375.7298331,58259.18389868,80710.0,-4.207237308498892e-11,80750.0,ASK
251,1712604378.2594478,58259.29226901,80710.0,-2.1036186543200643e-11,80750.0,ASK
252,1712604380.9300678,58259.40063934,80710.0,-2.103618654178828e-11,80750.0,ASK
253,1712604382.3736744,58259.89599538,80750.0,9.615548889191348e-11,80750.0,BID
254,1712604382.3808212,58263.82370312,80750.0,7.62422636376638e-10,80750.0,BID
255,1712604382.383549,58263.8882994,80750.0,1.253903532577563e-11,80750.0,BID
256,1712604388.4397402,58263.9625936,80760.0,1.4421536321163264e-11,80760.0,BID
257,1712604390.6274214,58263.9625936,80760.0,0.0,80760.0,BID
258,1712604391.2331274,58266.87402446,80760.0,5.650871279242651e-10,80760.0,BID
259,1712604420.6137056,58266.87402446,80760.0,0.0,80760.0,BID
260,1712604437.4303982,58266.88393035,80730.0,-1.922572011007018e-12,80760.0,ASK
261,1712604437.4341116,58266.94831866,80760.0,-1.249672292155742e-11,80760.0,ASK
262,1712604450.5899274,58266.94831866,80760.0,-0.0,80760.0,ASK
263,1712604480.9401965,58266.94831866,80760.0,-0.0,80760.0,ASK
264,1712604494.1998377,58267.01396956,80760.0,1.2741756253338336e-11,80760.0,BID
265,1712604494.201607,58267.02261179,80770.0,1.6773142203945817e-12,80770.0,BID
266,1712604510.939825,58267.02261179,80770.0,0.0,80770.0,BID
267,1712604533.8099856,58267.31232331,80770.0,5.622815944169541e-11,80770.0,BID
268,1712604538.8201272,58267.38661644,80730.0,-1.4419053682731863e-11,80770.0,ASK
269,1712604540.6361034,58267.38661644,80730.0,-0.0,80770.0,ASK
270,1712604561.0304728,58267.46090144,80770.0,1.4417393524030408e-11,80770.0,BID
271,1712604570.582656,58267.46090144,80770.0,0.0,80770.0,BID
272,1712604600.710452,58267.46090144,80770.0,0.0,80770.0,BID
273,1712604606.9202812,58267.53518644,80730.0,-1.4440910408596046e-11,80770.0,ASK
274,1712604630.6016188,58267.53518644,80730.0,-0.0,80770.0,ASK
275,1712604633.6204264,58277.53518644,80730.0,1.9439851346462686e-09,80770.0,BID
276,1712604644.8600223,58289.90018644,80730.0,2.403737618989715e-09,80770.0,BID
277,1712604650.5030267,58302.26518644,80730.0,2.403737618991129e-09,80770.0,BID
278,1712604652.5505142,58306.81694244,80730.0,8.848546000524277e-10,80770.0,BID
279,1712604652.6507983,58306.81694249,80730.0,9.71999968554094e-18,80770.0,BID
280,1712604660.9531963,58306.81694249,80730.0,0.0,80770.0,BID
281,1712604690.9403696,58306.81694249,80730.0,0.0,80770.0,BID
282,1712604697.9002056,58306.89122749,80770.0,1.4431996540169499e-11,80770.0,BID
283,1712604720.5726528,58306.89122749,80770.0,0.0,80770.0,BID
284,1712604732.5972674,58307.44522749,80690.0,-1.0763029902574587e-10,80770.0,ASK
285,1712604742.7305858,58307.51932115,80540.0,-1.4394806464648752e-11,80770.0,ASK
286,1712604742.7345195,58307.51951249,80690.0,-3.717325114732103e-14,80770.0,ASK
287,1712604750.6343822,58307.51951249,80690.0,-0.0,80770.0,ASK
288,1712604780.6502876,58307.51951249,80690.0,-0.0,80770.0,ASK
289,1712604791.1470706,58307.80777621,80690.0,5.6002896879611066e-11,80770.0,BID
290,1712604797.4204907,58309.30695516,80690.0,2.912553967606189e-10,80770.0,BID
291,1712604804.0320742,58309.38131381,80690.0,1.444614607831024e-11,80770.0,BID
292,1712604810.6104608,58309.38131381,80690.0,0.0,80770.0,BID
293,1712604827.3205855,58309.48131381,80540.0,-1.9427093506405128e-11,80770.0,ASK
294,1712604840.9784143,58309.48131381,80540.0,-0.0,80770.0,ASK
295,1712604847.1903355,58309.55567246,80540.0,-1.4445701863804647e-11,80770.0,ASK
296,1712604866.0206206,58309.63003111,80690.0,1.4445701862391144e-11,80770.0,BID
297,1712604870.945266,58309.63003111,80690.0,0.0,80770.0,BID
298,1712604900.590614,58309.63003111,80690.0,0.0,80770.0,BID
299,1712604911.4104817,58309.70438976,80590.0,-1.4456831793961956e-11,80770.0,ASK
300,1712604930.5783696,58309.70438976,80590.0,-0.0,80770.0,ASK
301,1712604935.9107018,58309.77868396,80760.0,1.4444284575649345e-11,80770.0,BID
302,1712604960.9306402,58309.77868396,80760.0,0.0,80770.0,BID
303,1712604975.9312606,58309.85297816,80550.0,-1.4444267726116055e-11,80770.0,ASK
304,1712604982.0907722,58311.12762595,80550.0,-2.4781684082113487e-10,80770.0,ASK
305,1712604990.3853898,58311.25146495,80750.0,2.407676064806408e-11,80770.0,BID
306,1712604990.9306557,58311.25146495,80750.0,0.0,80770.0,BID
307,1712605000.3406804,58311.32576835,80750.0,1.4445723135108171e-11,80770.0,BID
308,1712605020.6806004,58311.32576835,80750.0,0.0,80770.0,BID
309,1712605050.6108549,58311.32576835,80750.0,0.0,80770.0,BID
310,1712605050.730672,58315.68663435,80750.0,8.47818395709891e-10,80770.0,BID
311,1712605050.950972,58315.76093775,80670.0,-1.4445706284305287e-11,80770.0,ASK
312,1712605073.98083,58315.83524115,80750.0,1.4445706285719848e-11,80770.0,BID
313,1712605080.9206398,58315.83524115,80750.0,0.0,80770.0,BID
314,1712605093.2509675,58341.25534843,80750.0,4.941704003871388e-09,80770.0,BID
315,1712605110.9407938,58341.25534843,80750.0,0.0,80770.0,BID
316,1712605117.7008295,58351.85295833,80750.0,2.059368242327455e-09,80770.0,BID
317,1712605122.6371608,58351.92726173,80670.0,-1.4438921955961645e-11,80770.0,ASK
318,1712605140.5813794,58351.92726173,80670.0,-0.0,80770.0,ASK
319,1712605149.2110078,58353.16564092,80670.0,-2.4060630697427084e-10,80770.0,ASK
320,1712605149.350983,58355.522944,80670.0,4.5800348800863103e-10,80770.0,BID
321,1712605149.8108442,58355.59732109,80670.0,1.4450821762106284e-11,80770.0,BID
322,1712605149.9513128,58357.36277991,80670.0,3.4301329530264097e-10,80770.0,BID
323,1712605150.2146611,58362.68277991,80670.0,1.0336297342850424e-09,80770.0,BID
324,1712605150.5308597,58375.05977991,80670.0,2.4047434626404302e-09,80770.0,BID
325,1712605152.0607867,58381.05877991,80670.0,1.165553529319522e-09,80770.0,BID
326,1712605153.500878,58383.31367551,80670.0,4.3810660523759287e-10,80770.0,BID
327,1712605153.84224,58384.99848463,80670.0,3.2734375996759476e-10,80770.0,BID
328,1712605159.9809146,58387.31748463,80670.0,4.5056153267112655e-10,80770.0,BID
329,1712605162.177675,58392.13041154,80670.0,9.35109842690261e-10,80770.0,BID
330,1712605162.270714,58392.75741154,80670.0,1.2182064725510867e-10,80770.0,BID
331,1712605164.5695608,58395.07641154,80670.0,4.5056153267112655e-10,80770.0,BID
332,1712605165.480981,58403.90641154,80670.0,1.7155922093494787e-09,80770.0,BID
333,1712605165.4906318,58406.11576278,80670.0,4.2925773216891885e-10,80770.0,BID
334,1712605165.5307343,58408.75200372,80670.0,5.121986884072171e-10,80770.0,BID
335,1712605165.5409465,58411.06774112,80670.0,4.4992763786396416e-10,80770.0,BID
336,1712605170.5968392,58411.06774112,80670.0,0.0,80770.0,BID
337,1712605173.595584,58413.38741112,80670.0,4.5027433186515506e-10,80770.0,BID
338,1712605174.0463736,58417.38741112,80670.0,7.764454976194234e-10,80770.0,BID
339,1712605188.1507456,58431.06741112,80670.0,2.655443601858484e-09,80770.0,BID
340,1712605188.2539775,58447.12096616,80670.0,3.1161776328987518e-09,80770.0,BID
341,1712605188.3245814,58456.36315861,80670.0,1.7940146789839363e-09,80770.0,BID
342,1712605192.683282,58456.4375357,80660.0,-1.4437439164285124e-11,80770.0,ASK
343,1712605200.6381376,58456.4375357,80660.0,-0.0,80770.0,ASK
344,1712605213.711246,58456.51191279,80670.0,1.4427301404724348e-11,80770.0,BID
345,1712605217.4111106,58456.59878298,80660.0,-1.6850651378651512e-11,80770.0,ASK
346,1712605230.5844295,58456.59878298,80660.0,-0.0,80770.0,ASK
347,1712605254.3784428,58462.19802817,80660.0,-1.0861112498467326e-09,80770.0,ASK
348,1712605260.9408233,58462.19802817,80660.0,-0.0,80770.0,ASK
349,1712605267.901413,58462.27240526,80660.0,-1.4426001203973602e-11,80770.0,ASK
350,1712605290.9308462,58462.27240526,80660.0,-0.0,80770.0,ASK
351,1712605320.5868216,58462.27240526,80660.0,-0.0,80770.0,ASK
352,1712605330.204666,58462.34671786,80740.0,1.4413476106132679e-11,80770.0,BID
353,1712605336.4411948,58472.08835067,80660.0,-1.889461433894561e-09,80770.0,ASK
354,1712605348.3111317,58484.61330711,80660.0,-2.4293075520455484e-09,80770.0,ASK
355,1712605350.6412213,58484.61330711,80660.0,-0.0,80770.0,ASK
356,1712605379.461263,58484.68761971,80540.0,-1.4408440132218882e-11,80770.0,ASK
357,1712605380.9311748,58484.68761971,80540.0,-0.0,80770.0,ASK
358,1712605404.0312884,58484.76200602,80660.0,1.4422714997188911e-11,80770.0,BID
359,1712605410.9681787,58484.76200602,80660.0,0.0,80770.0,BID
360,1712605440.6047947,58484.76200602,80660.0,0.0,80770.0,BID
361,1712605448.6513467,58500.262872,80660.0,3.0054496877136482e-09,80770.0,BID
362,1712605449.1313603,58500.33725831,80540.0,-1.4422698218742092e-11,80770.0,ASK
363,1712605470.592863,58500.33725831,80540.0,-0.0,80770.0,ASK
364,1712605472.7315376,58500.41164462,80660.0,1.4419185976466056e-11,80770.0,BID
365,1712605500.616018,58500.41164462,80660.0,0.0,80770.0,BID
366,1712605528.4518936,58500.48603093,80540.0,-1.4420633452000246e-11,80770.0,ASK
367,1712605530.630408,58500.48603093,80540.0,-0.0,80770.0,ASK
368,1712605550.031509,58500.56034353,80740.0,1.4406327197258944e-11,80770.0,BID
369,1712605560.9312267,58500.56034353,80740.0,0.0,80770.0,BID
370,1712605590.9713285,58500.56034353,80740.0,0.0,80770.0,BID
371,1712605599.251575,58500.63465613,80540.0,-1.4406310440316096e-11,80770.0,ASK
372,1712605620.5868027,58500.63465613,80540.0,-0.0,80770.0,ASK
373,1712605650.606768,58500.63465613,80540.0,-0.0,80770.0,ASK
374,1712605659.9114969,58500.70896873,80740.0,1.4406293724920488e-11,80770.0,BID
375,1712605665.7553196,58502.10896873,80740.0,2.7140500015309635e-10,80770.0,BID
376,1712605676.131519,58505.16554273,80740.0,5.92549619244245e-10,80770.0,BID
377,1712605676.9004002,58524.78652777,80740.0,3.803738177004655e-09,80770.0,BID
378,1712605676.9022014,58535.35495808,80750.0,2.0488034499407963e-09,80770.0,BID
379,1712605680.9361565,58535.35495808,80750.0,0.0,80770.0,BID
380,1712605691.7809296,58536.79996177,80750.0,2.799772873941249e-10,80770.0,BID
381,1712605691.7912543,58541.02427408,80750.0,8.18483378174278e-10,80770.0,BID
382,1712605691.912058,58542.41681302,80750.0,2.6981195806647314e-10,80770.0,BID
383,1712605692.5560043,58544.86309311,80750.0,4.739800102566937e-10,80770.0,BID
384,1712605692.591473,58547.07341544,80750.0,4.2826191691074635e-10,80770.0,BID
385,1712605698.8701258,58549.78659781,80750.0,5.256937718700204e-10,80770.0,BID
386,1712605704.971914,58549.86091041,80650.0,-1.4398468537978283e-11,80770.0,ASK
387,1712605710.9345555,58549.86091041,80650.0,-0.0,80770.0,ASK
388,1712605726.3914878,58549.93521381,80750.0,1.4393419327962898e-11,80770.0,BID
389,1712605740.6118069,58549.93521381,80750.0,0.0,80770.0,BID
390,1712605755.3517096,58552.52521381,80740.0,5.017120714902053e-10,80770.0,BID
391,1712605759.4481196,58559.55467875,80750.0,1.3616862612050071e-09,80770.0,BID
392,1712605759.452139,58560.58136363,80750.0,1.9888038529504568e-10,80770.0,BID
393,1712605759.4557145,58560.58790381,80740.0,1.2669062767377669e-12,80770.0,BID
394,1712605759.4613025,58560.58790407,80750.0,5.036473810307553e-17,80770.0,BID
395,1712605759.561678,58561.10124607,80760.0,9.944010741407599e-11,80770.0,BID
396,1712605759.662367,58561.10124664,80760.0,1.1041511118248552e-16,80770.0,BID
397,1712605759.6715343,58564.47977507,80770.0,6.544588792307334e-10,80770.0,BID
398,1712605760.852285,58567.04519359,80780.0,4.969503628990328e-10,80780.0,BID
399,1712605760.8624792,58567.04519481,80770.0,2.3632836587483327e-16,80780.0,BID
400,1712605760.8671532,58567.10955907,80780.0,1.2468079618964711e-11,80780.0,BID
401,1712605770.604098,58567.10955907,80780.0,0.0,80780.0,BID
402,1712605771.684827,58567.18386247,80720.0,-1.4389536584299428e-11,80780.0,ASK
403,1712605793.2136848,58567.18386332,80780.0,1.6461015958849206e-16,80780.0,BID
404,1712605793.2185397,58567.25810152,80820.0,1.4376910003087799e-11,80820.0,BID
405,1712605800.6417816,58567.25810152,80820.0,0.0,80820.0,BID
406,1712605830.6134412,58567.25810152,80820.0,0.0,80820.0,BID
407,1712605838.031701,58567.33234057,80740.0,-1.4513273269362606e-11,80820.0,ASK
408,1712605840.7217572,58567.61061327,80820.0,5.4400584846179434e-11,80820.0,BID
409,1712605860.9215958,58567.61061327,80820.0,0.0,80820.0,BID
410,1712605887.9068315,58567.68485231,80820.0,1.4513190497479868e-11,80820.0,BID
411,1712605890.9463804,58567.68485231,80820.0,0.0,80820.0,BID
412,1712605920.6266875,58567.68485231,80820.0,0.0,80820.0,BID
413,1712605936.8463583,58567.75909135,80750.0,-1.4513173475587543e-11,80820.0,ASK
414,1712605950.6520402,58567.75909135,80750.0,-0.0,80820.0,ASK
415,1712605958.9118023,58567.83333039,80820.0,1.4513156465634584e-11,80820.0,BID
416,1712605971.0823274,58569.07064789,80820.0,2.4188597368520685e-10,80820.0,BID
417,1712605971.090126,58569.95506821,80820.0,1.7289731233039746e-10,80820.0,BID
418,1712605980.9220092,58569.95506821,80820.0,0.0,80820.0,BID
419,1712606002.9719455,58570.02930725,80750.0,-1.4512652938423562e-11,80820.0,ASK
420,1712606010.9365406,58570.02930725,80750.0,-0.0,80820.0,ASK
421,1712606022.8522017,58570.10353711,80830.0,1.4510841377529797e-11,80830.0,BID
422,1712606023.7525036,58570.20127309,80830.0,1.910594069086462e-11,80830.0,BID
423,1712606040.6054018,58570.20127309,80830.0,0.0,80830.0,BID
424,1712606065.5423765,58570.27550295,80750.0,-1.4510801946710756e-11,80830.0,ASK
425,1712606070.5679145,58570.27550295,80750.0,-0.0,80830.0,ASK
426,1712606100.642715,58570.27550295,80750.0,-0.0,80830.0,ASK
427,1712606115.7328873,58570.36210445,80830.0,1.6996037569599797e-11,80830.0,BID
428,1712606119.1319044,58570.43633431,80830.0,1.456803276104582e-11,80830.0,BID
429,1712606120.1020489,58570.71259312,80830.0,5.421736474959763e-11,80830.0,BID
430,1712606130.6525888,58570.71259312,80830.0,0.0,80830.0,BID
431,1712606160.937569,58570.71259312,80830.0,0.0,80830.0,BID
432,1712606162.1121547,58570.78682298,80750.0,-1.45679317526102e-11,80830.0,ASK
433,1712606185.5022836,58570.86105284,80830.0,1.45679317526102e-11,80830.0,BID
434,1712606190.9075277,58570.86105284,80830.0,0.0,80830.0,BID
435,1712606220.6057236,58570.86105284,80830.0,0.0,80830.0,BID
436,1712606227.462459,58570.9352827,80740.0,-1.4567897460006372e-11,80830.0,ASK
437,1712606250.6156523,58570.9352827,80740.0,-0.0,80830.0,ASK
438,1712606278.502235,58571.00951256,80830.0,1.4567880326518055e-11,80830.0,BID
439,1712606280.952233,58571.00951256,80830.0,0.0,80830.0,BID
440,1712606306.2127025,58571.00951299,80830.0,8.43893234284519e-17,80830.0,BID
441,1712606306.2175565,58572.73801299,80830.0,3.392240197292784e-10,80830.0,BID
442,1712606306.358811,58572.98541527,80840.0,4.855354117005452e-11,80840.0,BID
443,1712606306.3628032,58573.24349051,80840.0,5.064814596842828e-11,80840.0,BID
444,1712606306.4635346,58573.86191969,80850.0,1.2136883561377869e-10,80850.0,BID
445,1712606306.4658966,58576.35261969,80860.0,4.88808369070993e-10,80860.0,BID
446,1712606306.4682624,58577.59748351,80860.0,2.4430877005303945e-10,80860.0,BID
447,1712606306.4705896,58583.38319493,80870.0,1.135465597274744e-09,80870.0,BID
448,1712606306.472952,58583.38319605,80860.0,2.1980435090252728e-16,80870.0,BID
449,1712606307.863095,58585.11119605,80890.0,3.3912589302374383e-10,80890.0,BID
450,1712606310.982368,58585.11119605,80890.0,0.0,80890.0,BID
451,1712606321.5124128,58586.70753688,80890.0,3.1321723750203267e-10,80890.0,BID
452,1712606322.2526326,58586.78176674,80890.0,-1.456460378192615e-11,80890.0,ASK
453,1712606340.5871296,58586.78176674,80890.0,-0.0,80890.0,ASK
454,1712606347.6824875,58586.85593237,80900.0,1.4551615420151796e-11,80900.0,BID
455,1712606370.6096845,58586.85593237,80900.0,0.0,80900.0,BID
456,1712606377.4923522,58587.12700777,80900.0,5.3186096132689336e-11,80900.0,BID
457,1712606381.0827637,58588.87695877,80900.0,3.4334750447070084e-10,80900.0,BID
458,1712606381.7930677,58588.94695834,80920.0,1.3734200370653586e-11,80920.0,BID
459,1712606381.796064,58588.9469585,80900.0,3.1392318841720536e-17,80920.0,BID
460,1712606381.798596,58589.75422377,80920.0,1.5838872968612183e-10,80920.0,BID
461,1712606392.694497,58589.8283894,80890.0,-1.4551598288208924e-11,80920.0,ASK
462,1712606400.811185,58589.8283894,80890.0,-0.0,80920.0,ASK
463,1712606413.2329185,58589.82838983,80920.0,8.445927112536245e-17,80920.0,BID
464,1712606413.2385185,58589.90251838,80940.0,1.4560039109380156e-11,80940.0,BID
465,1712606430.6346416,58589.90251838,80940.0,0.0,80940.0,BID
466,1712606438.382424,58591.13800145,80940.0,2.4266845391409207e-10,80940.0,BID
467,1712606456.6927617,58591.21213043,80890.0,-1.4560106409618297e-11,80940.0,ASK
468,1712606460.9524558,58591.21213043,80890.0,-0.0,80940.0,ASK
469,1712606479.0181148,58591.49513043,80940.0,5.558452752698345e-11,80940.0,BID
470,1712606490.9389718,58591.49513043,80940.0,0.0,80940.0,BID
471,1712606511.8526103,58591.56925941,80940.0,1.4559737779523512e-11,80940.0,BID
472,1712606520.6668546,58591.56925941,80940.0,0.0,80940.0,BID
473,1712606532.722556,58592.18700094,80940.0,1.2133101107326807e-10,80940.0,BID
474,1712606532.782559,58592.47309359,80940.0,5.619164132425181e-11,80940.0,BID
475,1712606550.6288376,58592.47309359,80940.0,0.0,80940.0,BID
476,1712606554.7427056,58592.54722257,80940.0,-1.4559511420388495e-11,80940.0,ASK
477,1712606569.8177505,58593.86457206,80950.0,2.587377425755782e-10,80950.0,BID
478,1712606569.8225467,58595.103358,80950.0,2.433072469236902e-10,80950.0,BID
479,1712606569.8258514,58595.62438689,80950.0,1.0233414886306584e-10,80950.0,BID
480,1712606580.6192317,58595.62438689,80950.0,0.0,80950.0,BID
481,1712606607.5565248,58595.69850671,80950.0,1.4556982978295698e-11,80950.0,BID
482,1712606610.6080642,58595.69850671,80950.0,0.0,80950.0,BID
483,1712606634.9122863,58595.74446446,80950.0,9.0259986597501e-12,80950.0,BID
484,1712606634.9168873,58595.96901633,80960.0,4.41014818602601e-11,80960.0,BID
485,1712606640.9518633,58595.96901633,80960.0,0.0,80960.0,BID
486,1712606642.3825731,58597.27808819,80970.0,2.5709766112013225e-10,80970.0,BID
487,1712606642.387975,58600.42855772,80960.0,6.187424635250919e-10,80970.0,BID
488,1712606642.392267,58604.5001524,80970.0,7.99648591676859e-10,80970.0,BID
489,1712606642.3965657,58608.82274102,80970.0,8.48943024548053e-10,80970.0,BID
490,1712606642.4001276,58610.06405184,80960.0,2.4378960261569127e-10,80970.0,BID
491,1712606647.4414434,58610.18752388,80990.0,2.424952645177283e-11,80990.0,BID
492,1712606647.4463308,58611.29877217,80990.0,2.1824572432635543e-10,80990.0,BID
493,1712606651.3712816,58611.37289199,80960.0,-1.4556903213694995e-11,80990.0,ASK
494,1712606661.1509566,58627.798259,80990.0,3.225891236626624e-09,80990.0,BID
495,1712606661.2510731,58642.29122988,80990.0,2.8463746183572407e-09,80990.0,BID
496,1712606661.3519466,58652.55708426,80990.0,2.0161820226458566e-09,80990.0,BID
497,1712606665.2409558,58661.59254579,80990.0,1.7745366755436381e-09,80990.0,BID
498,1712606665.2611094,58661.65629579,81000.0,1.2520302664378327e-11,81000.0,BID
499,1712606665.2653482,58664.40592788,80990.0,5.400192310870781e-10,81000.0,BID
500,1712606665.2695074,58666.21312344,81000.0,3.5492761387513457e-10,81000.0,BID
501,1712606665.272601,58675.08051332,80990.0,1.7415279237424502e-09,81000.0,BID
502,1712606665.3608923,58684.76053305,81000.0,1.90112591081702e-09,81000.0,BID
503,1712606665.3665197,58687.3404917,81000.0,5.066958926900071e-10,81000.0,BID
504,1712606670.9159088,58687.3404917,81000.0,0.0,81000.0,BID
505,1712606672.5405247,58687.41456577,81000.0,1.4526805739644091e-11,81000.0,BID
506,1712606691.440177,58688.03184972,81000.0,1.2105672103652494e-10,81000.0,BID
507,1712606698.480117,58719.91674805,81000.0,6.253007618965837e-09,81000.0,BID
508,1712606700.600079,58719.91674805,81000.0,0.0,81000.0,BID
509,1712606707.1099896,58733.59016245,81000.0,2.6805735311705096e-09,81000.0,BID
510,1712606707.229739,58747.26357685,81000.0,2.6805735311705096e-09,81000.0,BID
511,1712606709.419566,58754.10702755,81000.0,1.341608779757684e-09,81000.0,BID
512,1712606713.7995298,58759.60702755,81000.0,1.078235032607335e-09,81000.0,BID
513,1712606717.0696576,58766.45227545,81000.0,1.34196110775611e-09,81000.0,BID
514,1712606717.3096888,58786.2624577,81000.0,3.88364227350713e-09,81000.0,BID
515,1712606718.5896392,58786.33653177,80950.0,-1.4521683141844984e-11,81000.0,ASK
516,1712606719.2794328,58811.04314078,81000.0,4.843551158456688e-09,81000.0,BID
517,1712606727.6497495,58814.80003884,81000.0,7.36512564042062e-10,81000.0,BID
518,1712606727.6785622,58829.65003884,81000.0,2.911234588039519e-09,81000.0,BID
519,1712606729.0298276,58831.8782637,81000.0,4.368272917405695e-10,81000.0,BID
520,1712606730.5991895,58831.8782637,81000.0,0.0,81000.0,BID
521,1712606741.029492,58885.6589637,81000.0,1.0524603856277616e-08,81000.0,BID
522,1712606741.698727,58885.73303777,81000.0,1.4495911037898834e-11,81000.0,BID
523,1712606760.9553757,58885.73303777,81000.0,0.0,81000.0,BID
524,1712606780.7081046,58895.63303777,81000.0,1.935726151118233e-09,81000.0,BID
525,1712606781.3377564,58895.70711184,80950.0,-1.4483546910682855e-11,81000.0,ASK
526,1712606783.5376935,58899.70711184,81000.0,7.821115762092722e-10,81000.0,BID
527,1712606790.9242237,58899.70711184,81000.0,0.0,81000.0,BID
528,1712606797.9978054,58899.78119506,80990.0,1.4482130845649455e-11,81000.0,BID
529,1712606804.5173533,58900.09321222,80990.0,6.099455905233868e-11,81000.0,BID
530,1712606804.522018,58909.92119506,81000.0,1.921219588356837e-09,81000.0,BID
531,1712606805.5265749,58911.33820766,81000.0,2.7700418370635555e-10,81000.0,BID
532,1712606805.9832325,58913.11682201,81000.0,3.4769176798334493e-10,81000.0,BID
533,1712606807.5477574,58918.5747484,81000.0,1.066940720491049e-09,81000.0,BID
534,1712606810.7682147,58922.03740682,81000.0,6.768964997803405e-10,81000.0,BID
535,1712606810.8772893,58941.74740682,81000.0,3.853002055762857e-09,81000.0,BID
536,1712606815.9974058,58942.90340682,81000.0,2.2598023218895696e-10,81000.0,BID
537,1712606819.3673368,58943.18540682,81000.0,5.512666563786191e-11,81000.0,BID
538,1712606820.5581722,58943.18540682,81000.0,0.0,81000.0,BID
539,1712606824.3071206,58943.25143553,81000.0,1.2898717872993928e-11,81000.0,BID
540,1712606839.3368847,58974.1346968,81000.0,6.033049473448737e-09,81000.0,BID
541,1712606839.4170392,59005.01795807,81000.0,6.033049473448737e-09,81000.0,BID
542,1712606839.456382,59011.33695807,81000.0,1.234417547079958e-09,81000.0,BID
543,1712606840.99463,59013.46529461,81000.0,4.157708452394015e-10,81000.0,BID
544,1712606841.410747,59015.94501272,81000.0,4.844132848227148e-10,81000.0,BID
545,1712606841.6663256,59017.92678035,81000.0,3.8713858786166956e-10,81000.0,BID
546,1712606842.2268815,59019.53221162,81000.0,3.136212265101538e-10,81000.0,BID
547,1712606842.3262887,59020.15621162,81000.0,1.2189848858707866e-10,81000.0,BID
548,1712606842.9776058,59024.85621162,81000.0,9.181456672367975e-10,81000.0,BID
549,1712606843.416209,59026.27014089,81000.0,2.7621128362462623e-10,81000.0,BID
550,1712606844.9766648,59028.04636206,81000.0,3.4698505772057445e-10,81000.0,BID
551,1712606845.0852363,59038.31370827,81000.0,2.0057275397312317e-09,81000.0,BID
552,1712606848.5862586,59038.38779149,80950.0,-1.4472167544771204e-11,81000.0,ASK
553,1712606850.5822816,59038.38779149,80950.0,-0.0,81000.0,ASK
554,1712606853.7662644,59039.01179149,81000.0,1.2171513434826174e-10,81000.0,BID
555,1712606856.523202,59054.40179149,81000.0,3.0019165346668202e-09,81000.0,BID
556,1712606862.0961375,59056.06727104,81000.0,3.2486228715346965e-10,81000.0,BID
557,1712606864.8593178,59060.24148811,81000.0,8.142073581351187e-10,81000.0,BID
558,1712606864.8623474,59084.66727104,81000.0,4.764402966194273e-09,81000.0,BID
559,1712606869.6660392,59088.64290187,81000.0,7.754718599284084e-10,81000.0,BID
560,1712606869.672166,59089.28727104,81000.0,1.2568826938547708e-10,81000.0,BID
561,1712606869.6856863,59089.36134511,81000.0,1.4448614395074027e-11,81000.0,BID
562,1712606870.0661411,59098.80607551,81000.0,1.8422542139840166e-09,81000.0,BID
563,1712606870.0722551,59100.27998248,81000.0,2.8749484755063203e-10,81000.0,BID
564,1712606880.9061425,59100.27998248,81000.0,0.0,81000.0,BID
565,1712606887.5474422,59101.80607551,81000.0,2.9738326558474915e-10,81000.0,BID
566,1712606887.5532374,59101.91642798,81020.0,2.1503917028102013e-11,81020.0,BID
567,1712606887.558189,59103.60531648,81000.0,3.291065272338121e-10,81020.0,BID
568,1712606887.560964,59104.10735205,81020.0,9.782953877016186e-11,81020.0,BID
569,1712606887.5637674,59106.43831481,81030.0,4.5422481061096944e-10,81030.0,BID
570,1712606887.5665493,59107.70971504,81030.0,2.477523616382961e-10,81030.0,BID
571,1712606887.5693688,59107.77971504,81020.0,1.3640602624898406e-11,81030.0,BID
572,1712606887.5721648,59108.20427929,81000.0,8.273303175784802e-11,81030.0,BID
573,1712606887.575101,59110.74914832,81010.0,4.959078167247855e-10,81030.0,BID
574,1712606887.625431,59111.94993598,81030.0,2.339923901008593e-10,81030.0,BID
575,1712606892.365908,59112.15678764,81040.0,4.030830423339983e-11,81040.0,BID
576,1712606892.3691196,59112.22117595,81020.0,1.2547076433993231e-11,81040.0,BID
577,1712606910.9648376,59112.22117595,81020.0,0.0,81040.0,BID
578,1712606915.3265476,59112.29525002,80950.0,-1.443177867553773e-11,81040.0,ASK
579,1712606917.3150485,59112.54799867,81040.0,4.9242772504243466e-11,81040.0,BID
580,1712606917.318832,59113.88585017,81040.0,2.6065230044931136e-10,81040.0,BID
581,1712606918.23522,59114.00987017,81050.0,2.4162695411696268e-11,81050.0,BID
582,1712606918.2416368,59114.25663143,81050.0,4.807625516065872e-11,81050.0,BID
583,1712606919.094941,59114.28585017,81050.0,-5.692658563691085e-12,81050.0,ASK
584,1712606919.265026,59114.40622006,81050.0,2.345154804778872e-11,81050.0,BID
585,1712606919.2713804,59114.54442273,81080.0,2.6925891150129185e-11,81080.0,BID
586,1712606922.0547135,59114.69240645,81090.0,2.8831523562757272e-11,81090.0,BID
587,1712606936.8255775,59115.13122342,81090.0,8.549428147108129e-11,81090.0,BID
588,1712606936.8305535,59116.75040645,81090.0,3.1546384753330156e-10,81090.0,BID
589,1712606940.6603355,59116.75040645,81090.0,0.0,81090.0,BID
590,1712606942.5646234,59116.75091048,81090.0,9.819264724566721e-14,81090.0,BID
591,1712606943.7446134,59117.14640645,81100.0,7.704858177619878e-11,81100.0,BID
592,1712606955.284554,59117.14722935,81100.0,1.6031333388156468e-13,81100.0,BID
593,1712606955.9142628,59121.23740645,81110.0,7.968282072868954e-10,81110.0,BID
594,1712606956.8741064,59129.14540645,81110.0,1.5405977074224467e-09,81110.0,BID
595,1712606959.884361,59135.14540645,81110.0,1.1688905215654502e-09,81110.0,BID
596,1712606960.84413,59136.94306976,81110.0,3.5021193400357897e-10,81110.0,BID
597,1712606962.5342,59142.10106976,81110.0,1.004856218373033e-09,81110.0,BID
598,1712606964.5838523,59142.51806976,81110.0,8.123789124904826e-11,81110.0,BID
599,1712606967.7941382,59142.51836606,81110.0,5.772371037889184e-14,81110.0,BID
600,1712606967.8006313,59142.59203429,81120.0,1.4351682630776314e-11,81120.0,BID
601,1712606970.7242117,59142.59203429,81120.0,0.0,81120.0,BID
602,1712606993.1837735,59142.67333705,81120.0,1.583253928350324e-11,81120.0,BID
603,1712606993.1896338,59146.54403429,81120.0,7.537624319962209e-10,81120.0,BID
604,1712607000.7355137,59146.54403429,81120.0,0.0,81120.0,BID
605,1712607018.5830882,59146.61799882,81020.0,-1.4404581891166424e-11,81120.0,ASK
606,1712607030.593402,59146.61799882,81020.0,-0.0,81120.0,ASK
607,1712607039.0655413,59146.61858841,81120.0,1.1482243535471473e-13,81120.0,BID
608,1712607039.0701654,59146.69195427,81130.0,1.4287974316317107e-11,81130.0,BID
609,1712607049.4128034,59146.76899112,81130.0,1.500289827216616e-11,81130.0,BID
610,1712607051.3231034,59150.85799185,81140.0,7.963313918700711e-10,81140.0,BID
611,1712607051.327473,59151.41123008,81130.0,1.0774294230218315e-10,81140.0,BID
612,1712607060.9427917,59151.41123008,81130.0,0.0,81140.0,BID
613,1712607074.362271,59153.87640942,81140.0,4.800564119178861e-10,81140.0,BID
614,1712607074.5426426,59153.94049618,81140.0,1.2479927751482452e-11,81140.0,BID
615,1712607080.0625224,59154.01445163,81070.0,-1.4401705949225332e-11,81140.0,ASK
616,1712607082.895204,59155.89976722,81140.0,3.671367120359192e-10,81140.0,BID
617,1712607082.8995686,59159.28150039,81140.0,6.585414153492283e-10,81140.0,BID
618,1712607090.9421372,59159.28150039,81140.0,0.0,81140.0,BID
619,1712607104.222273,59159.29304982,81150.0,2.248797256313649e-12,81150.0,BID
620,1712607104.2280488,59159.35543754,81150.0,1.2147554779229392e-11,81150.0,BID
621,1712607104.2419171,59159.59034529,81150.0,4.573904546181974e-11,81150.0,BID
622,1712607104.2471783,59159.78850473,81150.0,3.858375738830248e-11,81150.0,BID
623,1712607120.5751054,59159.78850473,81150.0,0.0,81150.0,BID
624,1712607142.8812945,59159.86244188,81150.0,-1.4396236707852067e-11,81150.0,ASK
625,1712607149.7914166,59159.98598188,81190.0,2.4054363507968307e-11,81190.0,BID
626,1712607149.797053,59160.12589797,81190.0,2.7242937424100867e-11,81190.0,BID
627,1712607150.6174965,59160.12589797,81190.0,0.0,81190.0,BID
628,1712607180.9207623,59160.12589797,81190.0,0.0,81190.0,BID
629,1712607200.8905163,59160.19979869,81190.0,1.4389066716984268e-11,81190.0,BID
630,1712607210.9268942,59160.19979869,81190.0,0.0,81190.0,BID
631,1712607223.4302487,59161.38693675,81150.0,-2.3114509291918143e-10,81190.0,ASK
632,1712607240.6141143,59161.38693675,81150.0,-0.0,81190.0,ASK
633,1712607244.7600982,59161.46083747,81150.0,-1.4388780009132454e-11,81190.0,ASK
634,1712607258.910257,59164.62230238,81150.0,-6.155504723013101e-10,81190.0,ASK
635,1712607258.9168942,59185.66228882,81150.0,-4.096573569229393e-09,81190.0,ASK
636,1712607267.780022,59185.73618954,81190.0,1.4388780010549114e-11,81190.0,BID
637,1712607270.6496384,59185.73618954,81190.0,0.0,81190.0,BID
638,1712607290.8194745,59214.56391254,81150.0,-5.610719944481171e-09,81190.0,ASK
639,1712607290.8398263,59216.62051759,81150.0,-4.0027562953859277e-10,81190.0,ASK
640,1712607290.845586,59220.3001811,81150.0,-7.161703837836791e-10,81190.0,ASK
641,1712607300.6264102,59220.3001811,81150.0,-0.0,81190.0,ASK
642,1712607312.943267,59220.37408182,81030.0,-1.4379832478688858e-11,81190.0,ASK
643,1712607330.58525,59220.37408182,81030.0,-0.0,81190.0,ASK
644,1712607332.009129,59220.44798254,81190.0,1.4379815721943066e-11,81190.0,BID
645,1712607360.9390924,59220.44798254,81190.0,0.0,81190.0,BID
646,1712607375.0426266,59220.52188326,80950.0,-1.4379798934983295e-11,81190.0,ASK
647,1712607390.9357731,59220.52188326,80950.0,-0.0,81190.0,ASK
648,1712607400.0030248,59220.59580219,81170.0,1.4383325541966766e-11,81190.0,BID
649,1712607407.1686366,59220.86203355,81170.0,5.180394684240324e-11,81190.0,BID
650,1712607420.5823016,59220.86203355,81170.0,0.0,81190.0,BID
651,1712607440.742875,59220.93595248,81000.0,-1.4383248269103163e-11,81190.0,ASK
652,1712607450.577787,59220.93595248,81000.0,-0.0,81190.0,ASK
653,1712607472.031571,59231.18024013,81000.0,-1.9933454251192767e-09,81190.0,ASK
654,1712607480.937669,59231.18024013,81000.0,-0.0,81190.0,ASK
655,1712607494.327524,59231.25414996,81180.0,1.4379139152785203e-11,81190.0,BID
656,1712607510.9243605,59231.25414996,81180.0,0.0,81190.0,BID
657,1712607537.957338,59231.32805979,80980.0,-1.4379122369472532e-11,81190.0,ASK
658,1712607540.596068,59231.32805979,80980.0,-0.0,81190.0,ASK
659,1712607559.6570632,59231.40196962,81180.0,1.437910562471971e-11,81190.0,BID
660,1712607570.639799,59231.40196962,81180.0,0.0,81190.0,BID
661,1712607600.6221735,59231.40196962,81180.0,0.0,81190.0,BID
662,1712607603.3466706,59231.47587945,81000.0,-1.438162925104899e-11,81190.0,ASK
663,1712607617.6367588,59231.56248095,81000.0,-1.6851218106056788e-11,81190.0,ASK
664,1712607624.4368904,59231.63640899,81160.0,1.4385172615074934e-11,81190.0,BID
665,1712607630.5510209,59231.63640899,81160.0,0.0,81190.0,BID
666,1712607660.6286223,59231.63640899,81160.0,0.0,81190.0,BID
667,1712607665.447056,59231.71033703,81000.0,-1.4385119428091852e-11,81190.0,ASK
668,1712607667.8163955,59231.77265027,81000.0,-1.2125080001197213e-11,81190.0,ASK
669,1712607674.6762085,59231.83431857,81160.0,1.1999585818472992e-11,81190.0,BID
670,1712607683.2864432,59231.90824661,81160.0,1.4385119428091852e-11,81190.0,BID
671,1712607690.6296449,59231.90824661,81160.0,0.0,81190.0,BID
672,1712607720.933728,59231.90824661,81160.0,0.0,81190.0,BID
673,1712607721.8858986,59231.90824709,81000.0,-9.339973515229027e-17,81190.0,ASK
674,1712607721.891583,59236.19492609,81000.0,-8.341101009086682e-10,81190.0,ASK
675,1712607722.1264272,59241.11724871,80940.0,-9.577948377459247e-10,81190.0,ASK
676,1712607722.13397,59241.98237301,80950.0,-1.683375212319156e-10,81190.0,ASK
677,1712607722.1381867,59246.91442638,80940.0,-9.596882654696715e-10,81190.0,ASK
678,1712607730.5758777,59246.98835442,80890.0,-1.4385057734767702e-11,81190.0,ASK
679,1712607736.575864,59247.25512797,81080.0,5.1909301515311125e-11,81190.0,BID
680,1712607747.5756776,59247.32910158,81110.0,1.4393924831331862e-11,81190.0,BID
681,1712607750.9156778,59247.32910158,81110.0,0.0,81190.0,BID
682,1712607753.515649,59247.5015994,80890.0,-3.355679982553043e-11,81190.0,ASK
683,1712607780.591576,59247.5015994,80890.0,-0.0,81190.0,ASK
684,1712607785.5076177,59247.90880174,80890.0,-7.921474208302227e-11,81190.0,ASK
685,1712607785.5129404,59249.14428481,80890.0,-2.4034359119302247e-10,81190.0,ASK
686,1712607785.5163224,59269.95952155,80890.0,-4.049273414673736e-09,81190.0,ASK
687,1712607787.3405092,59275.95952155,80890.0,1.167204619938345e-09,81190.0,BID
688,1712607788.3753252,59277.35685831,80890.0,2.7182965364644367e-10,81190.0,BID
689,1712607788.455381,59279.26839782,80890.0,3.7185962454475854e-10,81190.0,BID
690,1712607799.6558907,59281.74303281,80820.0,-4.814008988318062e-10,81190.0,ASK
691,1712607799.6619492,59307.25719384,80770.0,-4.963374438010745e-09,81190.0,ASK
692,1712607800.8834,59307.33116745,80770.0,-1.4390389890996177e-11,81190.0,ASK
693,1712607801.255318,59322.99645263,80890.0,3.047432205791805e-09,81190.0,BID
694,1712607801.501958,59324.04045263,80890.0,2.0309360386818508e-10,81190.0,BID
695,1712607810.6190598,59324.04045263,80890.0,0.0,81190.0,BID
696,1712607840.902965,59324.04045263,80890.0,0.0,81190.0,BID
697,1712607855.1653235,59324.04080498,80890.0,6.846167997386653e-14,81190.0,BID
698,1712607855.172986,59324.11447261,81060.0,1.4313635964277099e-11,81190.0,BID
699,1712607870.913342,59324.11447261,81060.0,0.0,81190.0,BID
700,1712607896.344811,59324.18849259,80800.0,-1.4382080876190154e-11,81190.0,ASK
701,1712607898.4548137,59324.4352234,81070.0,4.793979225846301e-11,81190.0,BID
702,1712607900.6167345,59324.4352234,81070.0,0.0,81190.0,BID
703,1712607915.0944576,59324.50923351,81070.0,1.4390440243340116e-11,81190.0,BID
704,1712607930.6367726,59324.50923351,81070.0,0.0,81190.0,BID
705,1712607957.3848112,59324.58324362,80820.0,-1.4390423456412091e-11,81190.0,ASK
706,1712607960.904519,59324.58324362,80820.0,-0.0,81190.0,ASK
707,1712607981.9448152,59324.65725373,81070.0,1.4390406719879459e-11,81190.0,BID
708,1712607990.9249134,59324.65725373,81070.0,0.0,81190.0,BID
709,1712608020.5953074,59324.65725373,81070.0,0.0,81190.0,BID
710,1712608024.9545622,59324.73126384,80820.0,-1.4390389931614927e-11,81190.0,ASK
711,1712608048.61393,59324.80528308,81060.0,1.4392165151142607e-11,81190.0,BID
712,1712608050.6080766,59324.80528308,81060.0,0.0,81190.0,BID
713,1712608080.9708793,59324.80528308,81060.0,0.0,81190.0,BID
714,1712608089.5839243,59324.87930232,80820.0,-1.4392131622366063e-11,81190.0,ASK
715,1712608110.9455268,59324.87930232,80820.0,-0.0,81190.0,ASK
716,1712608114.3035083,59324.95332156,81060.0,1.4392114883274613e-11,81190.0,BID
717,1712608140.623659,59324.95332156,81060.0,0.0,81190.0,BID
718,1712608156.6936224,59325.0273408,80820.0,-1.4392098091680868e-11,81190.0,ASK
719,1712608170.6169455,59325.0273408,80820.0,-0.0,81190.0,ASK
720,1712608179.4334345,59325.10141487,81000.0,1.4402742333984853e-11,81190.0,BID
721,1712608199.64459,59327.27999116,80820.0,-4.2359590826455367e-10,81190.0,ASK
722,1712608199.7231483,59334.97795716,80820.0,1.4967696630693744e-09,81190.0,BID
723,1712608199.7430842,59334.97795808,80820.0,1.7888229995417415e-16,81190.0,BID
724,1712608200.9969163,59334.97795808,80820.0,0.0,81190.0,BID
725,1712608220.1732256,59335.05203215,80800.0,-1.440370024564878e-11,81190.0,ASK
726,1712608230.9352722,59335.05203215,80800.0,-0.0,81190.0,ASK
727,1712608240.1031191,59335.12606052,81050.0,1.4394797129600892e-11,81190.0,BID
728,1712608260.6174562,59335.12606052,81050.0,0.0,81190.0,BID
729,1712608286.8031232,59335.20008889,80820.0,-1.439478033523504e-11,81190.0,ASK
730,1712608290.6458874,59335.20008889,80820.0,-0.0,81190.0,ASK
731,1712608311.893076,59335.32382063,81060.0,2.405954832886752e-11,81190.0,BID
732,1712608320.9123695,59335.32382063,81060.0,0.0,81190.0,BID
733,1712608341.2025456,59351.97342751,81060.0,3.23749783315496e-09,81190.0,BID
734,1712608341.2089784,59359.99690229,81060.0,1.560155888474874e-09,81190.0,BID
735,1712608347.6328058,59359.99690279,80850.0,9.722519301492747e-17,81190.0,BID
736,1712608347.642877,59367.46262279,80850.0,1.4517010820225727e-09,81190.0,BID
737,1712608347.6725788,59373.46262279,81060.0,1.1666934323997238e-09,81190.0,BID
738,1712608350.9355876,59373.46262279,81060.0,0.0,81190.0,BID
739,1712608380.5895145,59373.46262279,81060.0,0.0,81190.0,BID
740,1712608395.0827963,59375.35048238,80920.0,-3.668717995651343e-10,81190.0,ASK
741,1712608395.0896678,59377.21787606,80920.0,-3.628946154179673e-10,81190.0,ASK
742,1712608398.2341752,59377.29202336,80920.0,1.4409203697434066e-11,81190.0,BID
743,1712608410.608295,59377.29202336,80920.0,0.0,81190.0,BID
744,1712608417.822554,59377.4156022,80920.0,2.401389470559736e-11,81190.0,BID
745,1712608440.6355016,59377.4156022,80920.0,0.0,81190.0,BID
746,1712608451.782174,59377.4897495,80800.0,-1.4408308046596075e-11,81190.0,ASK
747,1712608457.722683,59389.86598712,80800.0,-2.404951280767129e-09,81190.0,ASK
748,1712608457.7299936,59509.01212054,80790.0,-2.3152484217316665e-08,81190.0,ASK
749,1712608457.7359488,59513.66206939,80800.0,-9.035783560125851e-10,81190.0,ASK
750,1712608470.6325955,59513.66206939,80800.0,-0.0,81190.0,ASK
751,1712608477.6627717,59513.73621669,80920.0,1.4377554708860452e-11,81190.0,BID
752,1712608500.6621869,59513.73621669,80920.0,0.0,81190.0,BID
753,1712608519.4323514,59513.81036399,80780.0,-1.4398361514722754e-11,81190.0,ASK
754,1712608530.6155107,59513.81036399,80780.0,-0.0,81190.0,ASK
755,1712608560.9289956,59513.81036399,80780.0,-0.0,81190.0,ASK
756,1712608578.4217055,59513.88451129,80920.0,1.4398344768013091e-11,81190.0,BID
757,1712608590.9154642,59513.88451129,80920.0,0.0,81190.0,BID
758,1712608598.8921905,59514.13166897,80920.0,4.799442922946815e-11,81190.0,BID
759,1712608620.5835192,59514.13166897,80920.0,0.0,81190.0,BID
760,1712608621.5413983,59514.20581627,80780.0,-1.4398272072203942e-11,81190.0,ASK
761,1712608636.6925323,59514.27996357,80920.0,1.4398272073616823e-11,81190.0,BID
762,1712608650.5937352,59514.27996357,80920.0,0.0,81190.0,BID
763,1712608680.9449737,59514.27996357,80920.0,0.0,81190.0,BID
764,1712608690.6818266,59514.35411087,80780.0,-1.4398238551629267e-11,81190.0,ASK
765,1712608703.2220235,59515.97876548,80920.0,3.154823525371937e-10,81190.0,BID
766,1712608703.226228,59555.09047387,80920.0,7.594878135123565e-09,81190.0,BID
767,1712608703.2623594,59574.23060556,80920.0,3.716712300732911e-09,81190.0,BID
768,1712608703.2698495,59587.09542455,80920.0,2.498145350370442e-09,81190.0,BID
769,1712608710.9551735,59587.09542455,80920.0,0.0,81190.0,BID
770,1712608736.8022325,59589.68107419,80850.0,-5.015186354521762e-10,81190.0,ASK
771,1712608740.579609,59589.68107419,80850.0,-0.0,81190.0,ASK
772,1712608770.5937505,59589.68107419,80850.0,-0.0,81190.0,ASK
773,1712608777.762812,59589.75514826,81000.0,1.436699685342534e-11,81190.0,BID
774,1712608800.685527,59589.75514826,81000.0,0.0,81190.0,BID
775,1712608802.0331645,59595.86957326,80990.0,1.1862874693397295e-09,81190.0,BID
776,1712608802.042664,59595.86957335,80990.0,1.7460596275561344e-17,81190.0,BID
777,1712608802.053348,59601.25314586,81000.0,1.044491445866921e-09,81190.0,BID
778,1712608802.152845,59602.48893386,81020.0,2.3976086372116025e-10,81190.0,BID
779,1712608802.8127396,59603.07236595,80890.0,-1.1319431959363756e-10,81190.0,ASK
780,1712608811.9426763,59608.57534795,81010.0,1.067658625398162e-09,81190.0,BID
781,1712608823.0832274,59608.64942202,80940.0,-1.4371448017134967e-11,81190.0,ASK
782,1712608830.5978136,59608.64942202,80940.0,-0.0,81190.0,ASK
783,1712608842.883092,59608.6494226,81010.0,1.1249561680137512e-16,81190.0,BID
784,1712608842.893062,59608.64942304,81020.0,8.534086978397488e-17,81190.0,BID
785,1712608842.8979125,59608.72339563,81110.0,1.4347499400423214e-11,81190.0,BID
786,1712608857.9047704,59608.84825158,80980.0,-2.4216681717210545e-11,81190.0,ASK
787,1712608857.9116845,59613.24825158,81000.0,-8.534106668863113e-10,81190.0,ASK
788,1712608860.9053452,59613.24825158,81000.0,-0.0,81190.0,ASK
789,1712608890.903694,59613.24825158,81000.0,-0.0,81190.0,ASK
790,1712608892.3433151,59613.32222519,81010.0,-1.434666067528768e-11,81190.0,ASK
791,1712608892.9439569,59613.35611916,81110.0,6.5734967719634405e-12,81190.0,BID
792,1712608892.950806,59613.51330602,81110.0,3.048528445518864e-11,81190.0,BID
793,1712608892.9549236,59618.46599034,81100.0,9.605382429015063e-10,81190.0,BID
794,1712608892.958022,59625.64560734,81110.0,1.39243615225615e-09,81190.0,BID
795,1712608903.2437727,59625.74285244,81110.0,1.886000226435008e-11,81190.0,BID
796,1712608903.2494187,59631.64560734,81110.0,1.144797740696522e-09,81190.0,BID
797,1712608912.7836154,59631.71959007,81100.0,1.4348429436107328e-11,81190.0,BID
798,1712608920.618348,59631.71959007,81100.0,0.0,81190.0,BID
799,1712608950.6063218,59631.71959007,81100.0,0.0,81190.0,BID
800,1712608956.8037882,59631.7935728,81020.0,-1.4344261621326684e-11,81190.0,ASK
801,1712608967.848359,59636.1765728,81100.0,8.49805065148912e-10,81190.0,BID
802,1712608976.604223,59636.17700596,81100.0,8.398392915547314e-14,81190.0,BID
803,1712608976.6129367,59636.25054646,81110.0,1.4258519140942247e-11,81190.0,BID
804,1712608980.926442,59636.25054646,81110.0,0.0,81190.0,BID
805,1712609003.3942952,59636.50754646,81110.0,4.9825312119128535e-11,81190.0,BID
806,1712609010.9372432,59636.50754646,81110.0,0.0,81190.0,BID
807,1712609015.414323,59640.37913101,81110.0,7.50591941710145e-10,81190.0,BID
808,1712609021.0740106,59739.59913101,81110.0,1.923598244975237e-08,81190.0,BID
809,1712609025.336745,59739.67310467,81060.0,-1.4341423357375848e-11,81190.0,ASK
810,1712609026.8170123,59759.46594205,81110.0,3.837277489140524e-09,81190.0,BID
811,1712609039.214151,59759.60294205,81120.0,2.6560467602530848e-11,81190.0,BID
812,1712609040.6244676,59759.60294205,81120.0,0.0,81190.0,BID
813,1712609041.4241595,59759.60384796,81120.0,1.752913022120281e-13,81190.0,BID
814,1712609041.6839578,59760.55284796,81140.0,1.8362910765667023e-10,81190.0,BID
815,1712609044.454475,59784.25260296,81140.0,4.585842847553465e-09,81190.0,BID
816,1712609044.458955,59784.2526032,81140.0,4.64403117458879e-17,81190.0,BID
817,1712609044.4739835,59808.89832101,81150.0,4.768884266601752e-09,81190.0,BID
818,1712609044.5341315,59833.54100201,81160.0,4.768296651524097e-09,81190.0,BID
819,1712609044.5540147,59833.54100214,81160.0,2.5154582245915816e-17,81190.0,BID
820,1712609044.6140492,59834.56930466,81170.0,1.9897394536147463e-10,81190.0,BID
821,1712609044.617912,59846.88912714,81170.0,2.383854592718347e-09,81190.0,BID
822,1712609044.6740751,59846.88912726,81170.0,2.3220155872943948e-17,81190.0,BID
1023,1712609047.0842035,59846.96303709,81180.0,1.4301365784288139e-11,81190.0,BID
823,1712609047.0842035,59846.96303709,81180.0,1.430136578428814e-11,81190.0,BID
824,1712609070.602824,59846.96303709,81180.0,0.0,81190.0,BID
825,1712609088.2146018,59847.03694692,81050.0,-1.4281773930057746e-11,81190.0,ASK
826,1712609100.642027,59847.03694692,81050.0,-0.0,81190.0,ASK
827,1712609110.9944592,59847.11086585,81170.0,1.4283808940868078e-11,81190.0,BID
828,1712609116.1345923,59855.40086585,81170.0,1.601927626921269e-09,81190.0,BID
829,1712609130.6277351,59855.40086585,81170.0,0.0,81190.0,BID
830,1712609153.7447114,59855.47478478,81030.0,-1.4281935324018503e-11,81190.0,ASK
831,1712609160.6265786,59855.47478478,81030.0,-0.0,81190.0,ASK
832,1712609173.875124,59855.54870371,81170.0,1.4281918796050616e-11,81190.0,BID
833,1712609190.5887222,59855.54870371,81170.0,0.0,81190.0,BID
834,1712609220.938287,59855.54870371,81170.0,0.0,81190.0,BID
835,1712609224.8550615,59855.62262264,81000.0,-1.4281902239564799e-11,81190.0,ASK
836,1712609243.195264,59855.69654157,81170.0,1.4281902239564799e-11,81190.0,BID
837,1712609250.929196,59855.69654157,81170.0,0.0,81190.0,BID
838,1712609280.6274602,59855.69654157,81170.0,0.0,81190.0,BID
839,1712609286.4752443,59855.7704605,81000.0,-1.4281869161383536e-11,81190.0,ASK
840,1712609307.6653893,59855.84440676,81140.0,1.4287149587141835e-11,81190.0,BID
841,1712609310.6086738,59855.84440676,81140.0,0.0,81190.0,BID
842,1712609340.9250476,59855.84440676,81140.0,0.0,81190.0,BID
843,1712609356.8653286,59855.91835302,81000.0,-1.4287116498289687e-11,81190.0,ASK
844,1712609370.9470503,59855.91835302,81000.0,-0.0,81190.0,ASK
845,1712609375.585357,59855.99227195,81170.0,1.428181955562792e-11,81190.0,BID
1045,1712609375.585357,59855.99227195,81170.0,1.4281819555627919e-11,81190.0,BID
846,1712609400.6272256,59855.99227195,81170.0,0.0,81190.0,BID
847,1712609415.965613,59856.0785107,81170.0,1.6663452690482408e-11,81190.0,BID
848,1712609416.3961072,59856.35672658,81000.0,-5.3758167349010247e-11,81190.0,ASK
849,1712609416.4041307,59859.75672658,80970.0,-6.56963826019861e-10,81190.0,ASK
850,1712609416.408833,59859.88018337,81000.0,-2.3854895618696527e-11,81190.0,ASK
851,1712609416.412104,59868.45257141,80950.0,-1.6563967190839211e-09,81190.0,ASK
852,1712609420.8255627,59868.52649034,80940.0,-1.428295972594612e-11,81190.0,ASK
853,1712609430.6102374,59868.52649034,80940.0,-0.0,81190.0,ASK
854,1712609443.5853164,59868.60040927,81170.0,1.428015974407101e-11,81190.0,BID
855,1712609460.9177475,59868.60040927,81170.0,0.0,81190.0,BID
856,1712609486.6270523,59868.6743282,80850.0,-1.4280143191663344e-11,81190.0,ASK
857,1712609490.929457,59868.6743282,80850.0,-0.0,81190.0,ASK
858,1712609506.6353524,59868.92183343,81170.0,4.781462670554472e-11,81190.0,BID
859,1712609507.715328,59868.99575236,81170.0,1.4280126704549098e-11,81190.0,BID
860,1712609520.6038616,59868.99575236,81170.0,0.0,81190.0,BID
861,1712609550.613993,59868.99575236,81170.0,0.0,81190.0,BID
862,1712609552.625195,59869.06967129,80920.0,-1.428005472977265e-11,81190.0,ASK
863,1712609576.2653265,59869.14359933,81160.0,1.4281814647138823e-11,81190.0,BID
864,1712609580.9051497,59869.14359933,81160.0,0.0,81190.0,BID
865,1712609610.9057963,59869.14359933,81160.0,0.0,81190.0,BID
866,1712609622.3376966,59869.21752737,80980.0,-1.4281781591160038e-11,81190.0,ASK
867,1712609640.5866184,59869.21752737,80980.0,-0.0,81190.0,ASK
868,1712609645.7554235,59869.29145541,81160.0,1.4281765073746408e-11,81190.0,BID
869,1712609656.2553437,59870.65216792,80980.0,-2.6286881676357087e-10,81190.0,ASK
870,1712609670.635501,59870.65216792,80980.0,-0.0,81190.0,ASK
871,1712609689.2784686,59870.72609596,80980.0,-1.4281444509231988e-11,81190.0,ASK
872,1712609700.9152308,59870.72609596,80980.0,-0.0,81190.0,ASK
873,1712609701.7555742,59876.81609596,81150.0,1.1768265848618054e-09,81190.0,BID
874,1712609706.4954126,59876.89003311,81150.0,1.4287553978902156e-11,81190.0,BID
875,1712609730.9451792,59876.89003311,81150.0,0.0,81190.0,BID
876,1712609745.4755538,59878.05107285,81150.0,2.24336679097671e-10,81190.0,BID
877,1712609749.4854696,59878.12501,81150.0,-1.4286173092949104e-11,81190.0,ASK
878,1712609760.5988476,59878.12501,81150.0,-0.0,81190.0,ASK
879,1712609772.5739238,59878.19893804,81160.0,1.428413625109372e-11,81190.0,BID
880,1712609790.6116762,59878.19893804,81160.0,0.0,81190.0,BID
881,1712609810.2463264,59893.34515369,81150.0,-2.9264992989920423e-09,81190.0,ASK
882,1712609810.2540674,59894.21751499,81150.0,-1.6855462723500567e-10,81190.0,ASK
883,1712609819.515322,59894.29144303,80980.0,-1.4284119692912482e-11,81190.0,ASK
884,1712609820.9351065,59894.29144303,80980.0,-0.0,81190.0,ASK
885,1712609850.925377,59894.29144303,80980.0,-0.0,81190.0,ASK
886,1712609871.9654098,59894.36537107,81160.0,1.428051642795028e-11,81190.0,BID
887,1712609880.6621697,59894.36537107,81160.0,0.0,81190.0,BID
888,1712609910.600592,59894.36537107,81160.0,0.0,81190.0,BID
889,1712609917.24831,59894.43929911,81040.0,-1.4280499876755054e-11,81190.0,ASK
890,1712609919.5151951,59900.50625581,81040.0,-1.171939285895277e-09,81190.0,ASK
891,1712609940.6923723,59900.50625581,81040.0,-0.0,81190.0,ASK
892,1712609943.3683689,59900.58018385,81160.0,1.4279127204981904e-11,81190.0,BID
893,1712609970.6085324,59900.58018385,81160.0,0.0,81190.0,BID
894,1712609986.115186,59900.65411189,81050.0,-1.4279110658412094e-11,81190.0,ASK
895,1712610000.769412,59900.65411189,81050.0,-0.0,81190.0,ASK
896,1712610007.365245,59900.72803993,81160.0,1.4290666339794704e-11,81190.0,BID
897,1712610030.6609604,59900.72803993,81160.0,0.0,81190.0,BID
898,1712610056.1953392,59900.78979193,81050.0,-1.1936962001135994e-11,81190.0,ASK
899,1712610056.2044191,59900.80196797,80990.0,-2.3536877639275297e-12,81190.0,ASK
900,1712610060.935613,59900.80196797,80990.0,-0.0,81190.0,ASK
901,1712610074.3551755,59900.87589601,81160.0,1.4290633214853372e-11,81190.0,BID
902,1712610090.905878,59900.87589601,81160.0,0.0,81190.0,BID
903,1712610117.875085,59900.94982405,81010.0,-1.4290616640199031e-11,81190.0,ASK
904,1712610120.6325965,59900.94982405,81010.0,-0.0,81190.0,ASK
905,1712610139.6552467,59901.02375209,81160.0,1.4290600094809854e-11,81190.0,BID
906,1712610150.60949,59901.02375209,81160.0,0.0,81190.0,BID
907,1712610180.9103615,59901.02375209,81160.0,0.0,81190.0,BID
908,1712610184.0751913,59901.09768013,81040.0,-1.4290583521638811e-11,81190.0,ASK
909,1712610203.893942,59901.17161728,81150.0,1.4292344520980869e-11,81190.0,BID
910,1712610210.8981252,59901.17161728,81150.0,0.0,81190.0,BID
911,1712610219.7488048,59908.72343446,81150.0,1.459792847189911e-09,81190.0,BID
912,1712610219.7657216,59912.07061728,81150.0,6.470222229175508e-10,81190.0,BID
913,1712610240.604988,59912.07061728,81150.0,0.0,81190.0,BID
914,1712610246.385251,59912.14455443,81040.0,-1.4289868281551744e-11,81190.0,ASK
1115,1712610265.275307,59915.24906587,81140.0,6.000104082294734e-10,81190.0,BID
915,1712610265.275307,59915.24906587,81140.0,6.000104082294733e-10,81190.0,BID
916,1712610269.9451842,59915.32301213,81140.0,1.4291628975789483e-11,81190.0,BID
917,1712610270.574521,59915.32301213,81140.0,0.0,81190.0,BID
918,1712610272.0954287,59917.2911253,81130.0,3.803587727683803e-10,81190.0,BID
919,1712610272.3749232,59919.90367779,81130.0,5.04903515731055e-10,81190.0,BID
920,1712610289.3649309,59922.39528185,80990.0,-4.815289470814646e-10,81190.0,ASK
921,1712610289.4049516,59924.9550402,81110.0,4.947004874687812e-10,81190.0,BID
922,1712610290.5248032,59926.85549373,81110.0,3.6728282874801007e-10,81190.0,BID
923,1712610292.616833,59939.18290991,81120.0,2.382404102114915e-09,81190.0,BID
924,1712610292.6213665,59942.88067893,81120.0,7.146331358727392e-10,81190.0,BID
925,1712610292.6255236,59950.74940307,81110.0,1.5207145111211751e-09,81190.0,BID
926,1712610292.8749323,59951.54990044,81120.0,-1.5470461856385558e-10,81190.0,ASK
927,1712610293.6578948,59954.4581117,81100.0,5.620427131261783e-10,81190.0,BID
928,1712610293.6642509,59955.0811117,81100.0,1.2040136667281898e-10,81190.0,BID
929,1712610293.723833,59956.71399468,81100.0,3.15571978185239e-10,81190.0,BID
930,1712610295.0459,59958.31755634,81100.0,3.0990532168228747e-10,81190.0,BID
931,1712610300.9102817,59958.31755634,81100.0,0.0,81190.0,BID
932,1712610310.1551125,59961.30755634,81100.0,5.795259697659869e-10,81190.0,BID
933,1712610311.77502,59961.3815026,80990.0,-1.433236723709593e-11,81190.0,ASK
934,1712610325.745218,59979.31595228,80990.0,-3.476080047834948e-09,81190.0,ASK
935,1712610325.8252306,59980.98596304,81100.0,3.2368381445214355e-10,81190.0,BID
936,1712610325.8362632,59987.74592008,81100.0,1.3102243007304023e-09,81190.0,BID
937,1712610327.505031,59995.38885893,81130.0,1.4813650665248602e-09,81190.0,BID
938,1712610327.511483,59995.49115113,81100.0,1.9826416858623315e-11,81190.0,BID
939,1712610330.9624794,59995.49115113,81100.0,0.0,81190.0,BID
940,1712610331.2047205,59995.56510651,81130.0,1.4325770858863472e-11,81190.0,BID
941,1712610360.619388,59995.56510651,81130.0,0.0,81190.0,BID
942,1712610376.6545382,59995.63906189,81080.0,-1.4325754207349248e-11,81190.0,ASK
943,1712610390.6236885,59995.63906189,81080.0,-0.0,81190.0,ASK
944,1712610396.8151348,59995.68467482,81140.0,8.835582548837289e-12,81190.0,BID
1145,1712610396.8233757,59995.71301164,81130.0,5.4890644453618785e-12,81190.0,BID
945,1712610396.8233757,59995.71301164,81130.0,5.489064445361879e-12,81190.0,BID
946,1712610409.364808,59995.95940809,81140.0,4.772892628688085e-11,81190.0,BID
947,1712610412.0158513,59996.03532625,81140.0,1.4705943460332196e-11,81190.0,BID
948,1712610420.924542,59996.03532625,81140.0,0.0,81190.0,BID
949,1712610443.6742682,59996.109276,81090.0,-1.432455777781226e-11,81190.0,ASK
950,1712610450.9160376,59996.109276,81090.0,-0.0,81190.0,ASK
951,1712610457.4950671,59996.18322226,81140.0,1.4323865101854968e-11,81190.0,BID
952,1712610480.609328,59996.18322226,81140.0,0.0,81190.0,BID
953,1712610509.5846388,59996.25716852,81090.0,-1.4323848455537451e-11,81190.0,ASK
954,1712610510.6513128,59996.25716852,81090.0,-0.0,81190.0,ASK
955,1712610525.7946196,60008.44124933,81090.0,-2.360129158299462e-09,81190.0,ASK
956,1712610526.754259,60017.84224933,81090.0,1.8210297980775398e-09,81190.0,BID
957,1712610531.4950953,60017.84257091,81090.0,6.229196402014712e-14,81190.0,BID
958,1712610531.5030136,60017.91619579,81140.0,1.4261578594166738e-11,81190.0,BID
959,1712610538.4845204,60023.77619579,81140.0,1.1351169680597203e-09,81190.0,BID
960,1712610540.9147892,60023.77619579,81140.0,0.0,81190.0,BID
961,1712610570.9487145,60023.77619579,81140.0,0.0,81190.0,BID
962,1712610577.344453,60023.85014225,81080.0,-1.4317680798468098e-11,81190.0,ASK
963,1712610590.8148506,60023.92408851,81140.0,1.4317642075129764e-11,81190.0,BID
964,1712610600.613874,60023.92408851,81140.0,0.0,81190.0,BID
965,1712610612.954489,60024.11008851,81140.0,3.605678838737759e-11,81190.0,BID
966,1712610613.6150906,60026.62056349,81140.0,4.8666486615576e-10,81190.0,BID
967,1712610613.6240537,60027.90261477,81140.0,2.485303855063605e-10,81190.0,BID
968,1712610613.6296437,60040.22547368,81150.0,2.388831806676847e-09,81190.0,BID
969,1712610613.6339877,60040.4773873,81160.0,4.883438757057422e-11,81190.0,BID
970,1712610613.6383898,60040.98991026,81160.0,9.935447264678447e-11,81190.0,BID
971,1712610613.6428006,60041.36008851,81150.0,7.176042379422509e-11,81190.0,BID
972,1712610613.8613038,60045.73832409,81160.0,8.487371710582971e-10,81190.0,BID
973,1712610622.5454624,60046.97045815,81160.0,2.3885374766548286e-10,81190.0,BID
974,1712610622.5531063,60047.16064594,81170.0,3.6868606977968485e-11,81190.0,BID
975,1712610622.559687,60048.80581141,81170.0,3.189214151263941e-10,81190.0,BID
976,1712610622.5637977,60069.45989489,81170.0,4.0038705234820255e-09,81190.0,BID
977,1712610622.6446383,60080.13455202,81170.0,2.069321791617883e-09,81190.0,BID
978,1712610622.6502223,60081.37186951,81170.0,2.3985857475686856e-10,81190.0,BID
979,1712610630.6935017,60081.37186951,81170.0,0.0,81190.0,BID
980,1712610641.6943512,60081.44581577,81080.0,-1.4321811805500747e-11,81190.0,ASK
1181,1712610649.745448,60084.35947712,81180.0,5.643139967053694e-10,81190.0,BID
981,1712610649.745448,60084.35947712,81180.0,5.643139967053693e-10,81190.0,BID
982,1712610651.9845378,60084.56940513,81080.0,-4.065857356553352e-11,81190.0,ASK
983,1712610652.104292,60086.73660231,81180.0,4.197398240159555e-10,81190.0,BID
984,1712610654.015132,60094.44351308,81180.0,1.4926640732866283e-09,81190.0,BID
985,1712610654.0216,60094.92711736,81180.0,9.366382406500314e-11,81190.0,BID
986,1712610657.0444708,60095.00102719,81180.0,1.4314756093797612e-11,81190.0,BID
987,1712610660.9294846,60095.00102719,81180.0,0.0,81190.0,BID
988,1712610678.1894405,60095.1059912,81180.0,2.0324932453139182e-11,81190.0,BID
989,1712610678.1973462,60104.29521269,81190.0,1.7793747217667167e-09,81190.0,BID
990,1712610678.215297,60106.38030249,81190.0,4.037508603715047e-10,81190.0,BID
991,1712610690.980358,60106.38030249,81190.0,0.0,81190.0,BID
992,1712610704.9145916,60106.45421232,81080.0,-1.430912946151206e-11,81190.0,ASK
993,1712610720.6247654,60106.45421232,81080.0,-0.0,81190.0,ASK
994,1712610737.034585,60107.31638747,81090.0,-1.6691908946383076e-10,81190.0,ASK
995,1712610748.2351613,60109.59420976,81190.0,4.409916275240351e-10,81190.0,BID
1196,1712610748.2422638,60117.77530482,81190.0,1.58387879567109e-09,81190.0,BID
996,1712610748.2422638,60117.77530482,81190.0,1.5838787956710902e-09,81190.0,BID
997,1712610750.6063616,60117.77530482,81190.0,0.0,81190.0,BID
998,1712610762.584763,60117.84920554,81190.0,1.4304803820825459e-11,81190.0,BID
1198,1712610762.584763,60117.84920554,81190.0,1.430480382082546e-11,81190.0,BID
999,1712610780.9481618,60117.84920554,81190.0,0.0,81190.0,BID
1000,1712610807.024677,60117.92310626,81090.0,-1.4304787208553536e-11,81190.0,ASK
1201,1712610810.9244893,60117.92310626,81090.0,-0.0,81190.0,ASK
1202,1712610818.887201,60118.00416374,81090.0,-1.569008607749512e-11,81190.0,ASK
1203,1712610821.7747114,60118.08422286,81190.0,1.5496836123640684e-11,81190.0,BID
1204,1712610823.149088,60135.33422286,81190.0,3.339037740175667e-09,81190.0,BID
1205,1712610840.6163044,60135.33422286,81190.0,0.0,81190.0,BID
1206,1712610858.2450557,60135.40812358,81190.0,1.4300857513637191e-11,81190.0,BID
1207,1712610870.5679069,60135.40812358,81190.0,0.0,81190.0,BID
1208,1712610899.4551728,60135.4820243,81090.0,-1.4300840910530138e-11,81190.0,ASK
1209,1712610900.6657844,60135.4820243,81090.0,-0.0,81190.0,ASK
1210,1712610918.3653543,60135.56043755,81190.0,1.518468803893229e-11,81190.0,BID
1211,1712610919.3847706,60139.93543755,81190.0,8.472166396930901e-10,81190.0,BID
1212,1712610925.4452913,60140.00934738,81180.0,1.4312602929373759e-11,81190.0,BID
1213,1712610930.6319163,60140.00934738,81180.0,0.0,81190.0,BID
1214,1712610960.9353366,60140.00934738,81180.0,0.0,81190.0,BID
1215,1712610970.0157382,60140.08325721,81090.0,-1.4311584225665634e-11,81190.0,ASK
1216,1712610990.9523633,60140.08325721,81090.0,-0.0,81190.0,ASK
1217,1712610991.1851592,60140.15716704,81180.0,1.4311567618122975e-11,81190.0,BID
1218,1712611006.9719665,60140.92603572,81100.0,-1.4888027888395819e-10,81190.0,ASK
1219,1712611006.974504,60154.93373225,81090.0,-2.712387459872245e-09,81190.0,ASK
1220,1712611006.987404,60156.16541102,81090.0,-2.38496746641639e-10,81190.0,ASK
1221,1712611006.9891217,60165.82860731,81090.0,-1.871137940712645e-09,81190.0,ASK
1222,1712611011.5053113,60174.06660459,81160.0,1.595168803726295e-09,81190.0,BID
1223,1712611018.066355,60175.25892585,81080.0,-2.3087573512459357e-10,81190.0,ASK
1224,1712611018.069252,60176.95520363,81080.0,-3.2845961283334195e-10,81190.0,ASK
1225,1712611018.0721776,60178.6580372,81060.0,-3.2972904657298407e-10,81190.0,ASK
1226,1712611018.075086,60180.68602431,81070.0,-3.9269031808067214e-10,81190.0,ASK
1227,1712611018.078125,60189.91995278,81060.0,-1.788016447510629e-09,81190.0,ASK
1228,1712611020.6472564,60189.91995278,81060.0,-0.0,81190.0,ASK
1229,1712611030.5854895,60189.99386261,81000.0,-1.430037659326125e-11,81190.0,ASK
1230,1712611038.8155727,60223.51044182,81000.0,-6.4849250071901714e-09,81190.0,ASK
1231,1712611050.6362114,60223.51044182,81000.0,-0.0,81190.0,ASK
1232,1712611053.3455982,60223.69562382,81000.0,3.581091954041951e-11,81190.0,BID
1233,1712611053.7355838,60239.61543282,81000.0,3.078609147727619e-09,81190.0,BID
1234,1712611056.5314152,60239.61543366,81000.0,1.6244151770380296e-16,81190.0,BID
1235,1712611056.5362575,60239.68940643,81110.0,1.4305023785129925e-11,81190.0,BID
1236,1712611056.6384325,60247.68940643,81000.0,1.5470583335404578e-09,81190.0,BID
1237,1712611073.0598357,60248.26580958,81000.0,-1.1146616208585914e-10,81190.0,ASK
1238,1712611073.0655897,60248.35652439,81000.0,-1.7542637848520388e-11,81190.0,ASK
1239,1712611080.913867,60248.35652439,81000.0,-0.0,81190.0,ASK
1240,1712611100.0527284,60248.430498,80990.0,-1.4299620960642234e-11,81190.0,ASK
1241,1712611106.0462763,60253.50201457,80990.0,-9.80359950611532e-10,81190.0,ASK
1242,1712611110.9357622,60253.50201457,80990.0,-0.0,81190.0,ASK
1243,1712611120.5359125,60253.57609779,80990.0,1.4319655792400996e-11,81190.0,BID
1244,1712611132.6427257,60253.99266346,81000.0,8.051859799156524e-11,81190.0,BID
1245,1712611132.6443868,60254.80823184,80990.0,1.576424253203742e-10,81190.0,BID
1246,1712611140.619074,60254.80823184,80990.0,0.0,81190.0,BID
1247,1712611167.439119,60254.87614984,80980.0,-1.3127702796285298e-11,81190.0,ASK
1248,1712611167.4408443,60254.88231506,80970.0,-1.191660176378074e-12,81190.0,ASK
1249,1712611170.6239424,60254.88231506,80970.0,-0.0,81190.0,ASK
1250,1712611171.8156395,60257.95947938,80970.0,-5.947768162466316e-10,81190.0,ASK
1251,1712611185.9058242,60258.03355345,81000.0,1.4317577788674184e-11,81190.0,BID
1252,1712611200.6682365,60258.03355345,81000.0,0.0,81190.0,BID
1253,1712611217.7357926,60258.1197922,80960.0,-1.669868529509771e-11,81190.0,ASK
1254,1712611230.630759,60258.1197922,80960.0,-0.0,81190.0,ASK
1255,1712611232.1256878,60258.19386627,80960.0,-1.4343179964407208e-11,81190.0,ASK
1256,1712611253.0474317,60258.26794034,81000.0,1.4343179965816072e-11,81190.0,BID
1257,1712611260.9358752,60258.26794034,81000.0,0.0,81190.0,BID
1258,1712611290.9510105,60258.26794034,81000.0,0.0,81190.0,BID
1259,1712611299.3857272,60258.34201441,80960.0,-1.434314664497022e-11,81190.0,ASK
1260,1712611314.361422,60258.34475055,81000.0,5.298056019607185e-13,81190.0,BID
1261,1712611314.364561,60258.41608848,81000.0,1.3813341043009498e-11,81190.0,BID
1262,1712611320.6266806,60258.41608848,81000.0,0.0,81190.0,BID
1263,1712611350.6306884,60258.41608848,81000.0,0.0,81190.0,BID
1264,1712611366.296374,60258.49016255,80960.0,-1.4343113325688036e-11,81190.0,ASK
1265,1712611380.9264524,60258.49016255,80960.0,-0.0,81190.0,ASK
1266,1712611410.9402304,60258.49016255,80960.0,-0.0,81190.0,ASK
1267,1712611425.017918,60258.51208527,81120.0,4.244936078636737e-12,81190.0,BID
1268,1712611425.02226,60258.56420414,81000.0,1.0091871430502882e-11,81190.0,BID
1269,1712611427.926103,60259.57700724,80960.0,-1.9611090320107163e-10,81190.0,ASK
1270,1712611427.930117,60260.19459618,80960.0,-1.1958486781024227e-10,81190.0,ASK
1271,1712611440.6595922,60260.19459618,80960.0,-0.0,81190.0,ASK
1272,1712611451.402798,60261.42420776,80960.0,2.3808556107283136e-10,81190.0,BID
1273,1712611465.3558383,60267.55278714,80960.0,-1.186656244948817e-09,81190.0,ASK
1274,1712611465.5407047,60273.77598642,80960.0,1.2049771784429847e-09,81190.0,BID
1275,1712611467.4258296,60273.85002801,80970.0,-1.4336424432417798e-11,81190.0,ASK
1276,1712611470.6067564,60273.85002801,80970.0,-0.0,81190.0,ASK
1277,1712611491.225982,60273.92410208,81000.0,1.4339643840147783e-11,81190.0,BID
1278,1712611497.7561257,60290.10692398,81000.0,3.132754854423325e-09,81190.0,BID
1279,1712611497.8591626,60306.28974588,81000.0,3.132754854423325e-09,81190.0,BID
1280,1712611500.9119022,60306.28974588,81000.0,0.0,81190.0,BID
1281,1712611515.1360693,60311.944772,81000.0,1.0949608662601341e-09,81190.0,BID
1282,1712611530.9562285,60311.944772,81000.0,0.0,81190.0,BID
1283,1712611534.3260815,60312.01884607,80930.0,-1.4341404112816427e-11,81190.0,ASK
1284,1712611554.7060902,60312.09281056,81120.0,1.4320188443037492e-11,81190.0,BID
1285,1712611560.6180725,60312.09281056,81120.0,0.0,81190.0,BID
1286,1712611590.6145823,60312.09281056,81120.0,0.0,81190.0,BID
1287,1712611598.2261126,60312.16677505,80930.0,-1.432015518588199e-11,81190.0,ASK
1288,1712611617.7159595,60312.24073954,81120.0,1.4320155187290676e-11,81190.0,BID
1289,1712611620.915165,60312.24073954,81120.0,0.0,81190.0,BID
1290,1712611650.9158852,60312.24073954,81120.0,0.0,81190.0,BID
1291,1712611665.0634418,60312.31470403,80970.0,-1.4320121956285627e-11,81190.0,ASK
1292,1712611680.6326008,60312.31470403,80970.0,-0.0,81190.0,ASK
1293,1712611686.7726717,60312.38866852,81120.0,1.4320105350710857e-11,81190.0,BID
1294,1712611710.635332,60312.38866852,81120.0,0.0,81190.0,BID
1295,1712611727.1659625,60312.46263301,80970.0,-1.4320088717232213e-11,81190.0,ASK
1296,1712611740.9571006,60312.46263301,80970.0,-0.0,81190.0,ASK
1297,1712611750.6463113,60312.5365975,81120.0,1.43200721131432e-11,81190.0,BID
1298,1712611770.9398737,60312.5365975,81120.0,0.0,81190.0,BID
1299,1712611794.9684043,60312.61056199,80970.0,-1.432005547692442e-11,81190.0,ASK
1300,1712611801.0584252,60312.61056199,80970.0,-0.0,81190.0,ASK
1301,1712611812.826179,60312.68452648,81120.0,1.432132057167032e-11,81190.0,BID
1302,1712611828.6061409,60316.68344153,81110.0,7.74287017570744e-10,81190.0,BID
1303,1712611830.9361646,60316.68344153,81110.0,0.0,81190.0,BID
1304,1712611856.266097,60316.75740602,80970.0,-1.4320404577532811e-11,81190.0,ASK
1305,1712611860.6457164,60316.75740602,80970.0,-0.0,81190.0,ASK
1306,1712611881.5169177,60316.83137963,81110.0,1.4322153712134053e-11,81190.0,BID
1307,1712611890.6209776,60316.83137963,81110.0,0.0,81190.0,BID
1308,1712611902.485983,60316.89364308,80980.0,-1.2054916147463749e-11,81190.0,ASK
1309,1712611920.9436328,60316.89364308,80980.0,-0.0,81190.0,ASK
1310,1712611925.025974,60316.96761669,80990.0,-1.43221230931803e-11,81190.0,ASK
1311,1712611944.2388153,60317.0415903,81110.0,1.43221230931803e-11,81190.0,BID
1312,1712611950.9321227,60317.0415903,81110.0,0.0,81190.0,BID
1313,1712611980.6370122,60317.0415903,81110.0,0.0,81190.0,BID
1314,1712611987.6766949,60317.6580371,81110.0,1.1935075836955102e-10,81190.0,BID
1315,1712611989.0174806,60317.73201071,80990.0,-1.4322089842785167e-11,81190.0,ASK
1316,1712612010.674633,60317.73201071,80990.0,-0.0,81190.0,ASK
1317,1712612011.376201,60317.80598432,81110.0,1.4321934586052824e-11,81190.0,BID
1318,1712612040.930592,60317.80598432,81110.0,0.0,81190.0,BID
1319,1712612052.9459138,60317.87995793,80990.0,-1.432191794896656e-11,81190.0,ASK
1320,1712612070.9302008,60317.87995793,80990.0,-0.0,81190.0,ASK
1321,1712612076.0059705,60317.95393154,81110.0,1.4321901336532967e-11,81190.0,BID
1322,1712612098.8073325,60318.57037834,81110.0,1.1934918748398858e-10,81190.0,BID
1323,1712612100.619707,60318.57037834,81110.0,0.0,81190.0,BID
1324,1712612102.6758485,60319.80327194,81110.0,2.4114666979542267e-10,81190.0,BID
1325,1712612106.6757889,60321.03616554,81110.0,2.4114666979542267e-10,81190.0,BID
1326,1712612116.9559216,60321.12246809,81110.0,1.6880266494573872e-11,81190.0,BID
1327,1712612122.6959016,60321.1964417,80990.0,-1.4468799014265894e-11,81190.0,ASK
1328,1712612130.6645012,60321.1964417,80990.0,-0.0,81190.0,ASK
1329,1712612140.265767,60321.27041531,81110.0,1.4468196272114096e-11,81190.0,BID
1330,1712612149.5559986,60321.37041531,81110.0,1.9558591600202465e-11,81190.0,BID
1331,1712612160.8957489,60321.37041531,81110.0,0.0,81190.0,BID
1332,1712612179.655927,60327.54325482,81000.0,-1.2073171378244095e-09,81190.0,ASK
1333,1712612189.5258636,60327.61722843,81000.0,-1.4468156341264734e-11,81190.0,ASK
1334,1712612190.8914094,60328.40222039,81000.0,-1.5353294781646411e-10,81190.0,ASK
1335,1712612190.9133887,60328.40222039,81000.0,-0.0,81190.0,ASK
1336,1712612212.4658952,60328.47629446,81000.0,1.4486191074829963e-11,81190.0,BID
1337,1712612220.5933971,60328.47629446,81000.0,0.0,81190.0,BID
1338,1712612250.5975976,60328.47629446,81000.0,0.0,81190.0,BID
1339,1712612251.1560493,60328.72320804,81000.0,4.8287249531600775e-11,81190.0,BID
1340,1712612254.4857364,60328.79728211,80990.0,-1.4486174077021628e-11,81190.0,ASK
1341,1712612274.1866145,60328.87135618,81000.0,1.4486174078444539e-11,81190.0,BID
1342,1712612280.9450247,60328.87135618,81000.0,0.0,81190.0,BID
1343,1712612310.9356997,60328.87135618,81000.0,0.0,81190.0,BID
1344,1712612318.328672,60331.37233218,81000.0,4.890962111322644e-10,81190.0,BID
1345,1712612318.3303907,60331.3723326,81000.0,8.213700754301651e-17,81190.0,BID
1346,1712612320.8357253,60331.44640667,80990.0,-1.4486083424812931e-11,81190.0,ASK
1347,1712612340.6292348,60331.44640667,80990.0,-0.0,81190.0,ASK
1348,1712612344.8457532,60331.52038028,81110.0,1.4465847190601716e-11,81190.0,BID
1349,1712612363.4857588,60332.14383956,80990.0,-1.219200560028192e-10,81190.0,ASK
1350,1712612370.6097722,60332.14383956,80990.0,-0.0,81190.0,ASK
1351,1712612385.545826,60332.21781317,80990.0,-1.4465687379036944e-11,81190.0,ASK
1352,1712612400.6694832,60332.21781317,80990.0,-0.0,81190.0,ASK
1353,1712612405.675571,60332.29178678,81110.0,1.4547964279400518e-11,81190.0,BID
1354,1712612430.628888,60332.29178678,81110.0,0.0,81190.0,BID
1355,1712612454.0662355,60332.36576039,80990.0,-1.4547947113035576e-11,81190.0,ASK
1356,1712612460.9117005,60332.36576039,80990.0,-0.0,81190.0,ASK
1357,1712612478.6958902,60332.43975225,81090.0,1.4551519086286682e-11,81190.0,BID
1358,1712612490.905842,60332.43975225,81090.0,0.0,81190.0,BID
1359,1712612520.6190257,60332.43975225,81090.0,0.0,81190.0,BID
1360,1712612524.2056916,60332.51374411,81000.0,-1.4551501915766412e-11,81190.0,ASK
1361,1712612544.0356483,60332.58773597,81090.0,1.4551501915766412e-11,81190.0,BID
1362,1712612550.641898,60332.58773597,81090.0,0.0,81190.0,BID
1363,1712612580.935974,60332.58773597,81090.0,0.0,81190.0,BID
1364,1712612585.5356264,60332.66172783,81000.0,-1.4551467592473598e-11,81190.0,ASK
1365,1712612588.6857717,60335.12812319,81090.0,4.85048925034433e-10,81190.0,BID
1366,1712612610.2460923,60335.20211505,81090.0,1.4551467593904512e-11,81190.0,BID
1367,1712612610.928586,60335.20211505,81090.0,0.0,81190.0,BID
1368,1712612640.7227151,60335.20211505,81090.0,0.0,81190.0,BID
1369,1712612652.105682,60335.27610691,81000.0,-1.4550860950108834e-11,81190.0,ASK
1370,1712612670.6239283,60335.27610691,81000.0,-0.0,81190.0,ASK
1371,1712612676.7964308,60335.35009877,81090.0,1.4550843800197144e-11,81190.0,BID
1372,1712612700.6517708,60335.35009877,81090.0,0.0,81190.0,BID
1373,1712612712.5959418,60335.96669761,81090.0,1.2208609813177768e-10,81190.0,BID
1374,1712612717.26183,60356.46669761,81080.0,4.058984301236464e-09,81190.0,BID
1375,1712612717.2687938,60359.27724546,81090.0,5.56486322001195e-10,81190.0,BID
1376,1712612717.2709525,60371.60922228,81080.0,2.4417219666145847e-09,81190.0,BID
1377,1712612717.2730849,60377.83992796,81090.0,1.233674953206712e-09,81190.0,BID
1378,1712612720.9658504,60377.91391982,81000.0,-1.4650331617746953e-11,81190.0,ASK
1379,1712612721.5255609,60378.00022237,81000.0,-1.7087838810132196e-11,81190.0,ASK
1380,1712612730.6037714,60378.00022237,81000.0,-0.0,81190.0,ASK
1381,1712612732.5858068,60384.96911163,81000.0,-1.3788905935458143e-09,81190.0,ASK
1382,1712612732.5900476,60390.9228894,81000.0,-1.1780368229162628e-09,81190.0,ASK
1383,1712612745.025641,60390.99696347,81000.0,1.4656573601017032e-11,81190.0,BID
1384,1712612745.0454135,60403.0431776,80990.0,-2.3835091550416707e-09,81190.0,ASK
1385,1712612760.9656975,60403.0431776,80990.0,-0.0,81190.0,ASK
1386,1712612779.495905,60449.09289763,80990.0,-9.107915139021483e-09,81190.0,ASK
1387,1712612788.4058738,60449.1669717,80990.0,-1.4650693709068532e-11,81190.0,ASK
1388,1712612790.936164,60449.1669717,80990.0,-0.0,81190.0,ASK
1389,1712612807.2554512,60449.24096356,81090.0,1.4623629383333886e-11,81190.0,BID
1390,1712612820.6065652,60449.24096356,81090.0,0.0,81190.0,BID
1391,1712612831.907268,60461.58352067,81000.0,-2.439359772586032e-09,81190.0,ASK
1392,1712612832.0475287,60475.63866636,81000.0,2.777832558395684e-09,81190.0,BID
1393,1712612837.1862545,60479.97825752,81000.0,8.576686346948754e-10,81190.0,BID
1394,1712612850.6682787,60479.97825752,81000.0,0.0,81190.0,BID
1395,1712612850.687051,60480.05224938,81000.0,-1.4616419832032516e-11,81190.0,ASK
1396,1712612872.9660804,60480.12624124,81090.0,1.4616419832032516e-11,81190.0,BID
1397,1712612874.7361112,60488.05833723,81000.0,-1.566913510973628e-09,81190.0,ASK
1398,1712612874.7409902,60494.23041475,81010.0,-1.219237849498926e-09,81190.0,ASK
1399,1712612874.7457747,60568.33866667,81000.0,-1.4639411998352395e-08,81190.0,ASK
1400,1712612880.9583342,60568.33866667,81000.0,-0.0,81190.0,ASK
1401,1712612898.2959492,60575.69685763,81000.0,-1.4514915911213066e-09,81190.0,ASK
1402,1712612909.8062844,60577.27982565,81000.0,-3.122594646620891e-10,81190.0,ASK
1403,1712612910.9688218,60577.27982565,81000.0,-0.0,81190.0,ASK
1404,1712612915.9170587,60577.35381751,81000.0,-1.4593698641066187e-11,81190.0,ASK
1405,1712612917.4058082,60579.22530846,81000.0,-3.6912134572815247e-10,81190.0,ASK
1406,1712612939.3557022,60579.29929119,81100.0,1.4591897897037118e-11,81190.0,BID
1407,1712612940.6536784,60579.29929119,81100.0,0.0,81190.0,BID
1408,1712612970.6540017,60579.29929119,81100.0,0.0,81190.0,BID
1409,1712612979.8361552,60579.37327392,81020.0,-1.4591427114541352e-11,81190.0,ASK
1410,1712613000.701483,60579.37327392,81020.0,-0.0,81190.0,ASK
1411,1712613002.5560598,60579.44725665,81100.0,1.4605990394123348e-11,81190.0,BID
1412,1712613002.5770502,60585.54458964,81020.0,-1.2037618385194372e-09,81190.0,ASK
1413,1712613002.5806584,60585.64458964,81000.0,-1.974243231386609e-11,81190.0,ASK
1414,1712613002.5842476,60591.42081654,81000.0,-1.140367686044686e-09,81190.0,ASK
1415,1712613002.5880177,60603.71498264,81010.0,-2.427167420882177e-09,81190.0,ASK
1416,1712613015.726653,60634.8315098,80990.0,-6.143159313078923e-09,81190.0,ASK
1417,1712613015.731311,60634.99941941,80990.0,-3.314944110278995e-11,81190.0,ASK
1418,1712613015.73623,60671.98932052,80990.0,-7.302706189713774e-09,81190.0,ASK
1419,1712613016.4505012,60679.44425665,80990.0,1.4717857195289003e-09,81190.0,BID
1420,1712613030.6217718,60679.44425665,80990.0,0.0,81190.0,BID
1421,1712613045.366614,60679.51823938,80990.0,-1.458265563065526e-11,81190.0,ASK
1422,1712613060.7346046,60691.74252955,80990.0,-2.409516570716743e-09,81190.0,ASK
1423,1712613060.908728,60691.74252955,80990.0,-0.0,81190.0,ASK
1424,1712613060.9590242,60704.04153925,80990.0,2.4237686030473278e-09,81190.0,BID
1425,1712613068.8861785,60704.11562247,80990.0,1.4599596799656617e-11,81190.0,BID
1426,1712613083.8565235,60708.9779403,80990.0,9.582180664824735e-10,81190.0,BID
1427,1712613089.0762165,60727.17304355,80990.0,3.5857130827821063e-09,81190.0,BID
1428,1712613090.945968,60727.17304355,80990.0,0.0,81190.0,BID
1429,1712613093.0860162,60729.79908695,81000.0,5.172224749972247e-10,81190.0,BID
1430,1712613095.8362331,60732.42561035,81000.0,5.173170152433048e-10,81190.0,BID
1431,1712613110.7961912,60732.49969357,80990.0,-1.459134544454835e-11,81190.0,ASK
1432,1712613120.6372943,60732.49969357,80990.0,-0.0,81190.0,ASK
1433,1712613132.9728637,60732.57376764,81000.0,1.458830356711813e-11,81190.0,BID
1434,1712613150.6610813,60732.57376764,81000.0,0.0,81190.0,BID
1435,1712613158.3163085,60754.29507789,80990.0,-4.277835595368069e-09,81190.0,ASK
1436,1712613175.0562675,60771.41810402,80990.0,-3.3722408932191243e-09,81190.0,ASK
1437,1712613178.1261964,60771.49217809,80990.0,-1.4588286327398882e-11,81190.0,ASK
1438,1712613180.9366114,60771.49217809,80990.0,-0.0,81190.0,ASK
1439,1712613188.7138605,60773.61753842,80990.0,-4.183127787685188e-10,81190.0,ASK
1440,1712613188.7168295,60773.88137736,80990.0,-5.1928700549371565e-11,81190.0,ASK
1441,1712613188.8567345,60776.99379904,80990.0,6.125858958028584e-10,81190.0,BID
1442,1712613188.8607025,60789.30379904,80990.0,2.422850485133364e-09,81190.0,BID
1443,1712613188.89528,60809.13466404,80990.0,3.903104864815753e-09,81190.0,BID
1444,1712613188.9062133,60811.32084126,80990.0,4.302827407037599e-10,81190.0,BID
1445,1712613189.819858,60814.25321693,80990.0,5.771492944485752e-10,81190.0,BID
1446,1712613190.7562194,60828.67977501,80990.0,2.8394308077120462e-09,81190.0,BID
1447,1712613210.9193316,60828.67977501,80990.0,0.0,81190.0,BID
1448,1712613215.4816842,60846.41282034,80970.0,-3.487033868724362e-09,81190.0,ASK
1449,1712613228.026188,60846.48690356,80990.0,1.4567757112252043e-11,81190.0,BID
1450,1712613240.6159763,60846.48690356,80990.0,0.0,81190.0,BID
1451,1712613243.8928115,60856.08690356,80980.0,-1.887213169523401e-09,81190.0,ASK
1452,1712613256.2490745,60858.12414482,80980.0,4.0049047243516276e-10,81190.0,BID
1453,1712613256.3663845,60859.68699036,80980.0,3.0723152968954115e-10,81190.0,BID
1454,1712613258.540208,60864.1764906,80980.0,8.82567080990544e-10,81190.0,BID
1455,1712613268.0065048,60864.25057382,80970.0,-1.4563627959998786e-11,81190.0,ASK
1456,1712613269.8611429,60869.98057382,80980.0,1.12643036056008e-09,81190.0,BID
1457,1712613270.62704,60869.98057382,80980.0,0.0,81190.0,BID
1458,1712613273.3878226,60870.11697382,80980.0,2.680412888636809e-11,81190.0,BID
1459,1712613285.1103718,60870.18527382,80980.0,1.3421715565717372e-11,81190.0,BID
1460,1712613290.306451,60870.25936618,80980.0,1.4559979229222243e-11,81190.0,BID
1461,1712613300.920046,60870.25936618,80980.0,0.0,81190.0,BID
1462,1712613319.7971077,60883.86458788,80980.0,2.678719936349655e-09,81190.0,BID
1463,1712613319.8022616,60884.4071035,80990.0,1.0681541536912124e-10,81190.0,BID
1464,1712613330.9370294,60884.4071035,80990.0,0.0,81190.0,BID
1465,1712613331.5167017,60884.48119586,81000.0,-1.4584688592427312e-11,81190.0,ASK
1466,1712613352.246631,60885.24611171,81000.0,-1.5056963325891207e-10,81190.0,ASK
1467,1712613354.2814453,60885.32010357,81090.0,1.4564905699530947e-11,81190.0,BID
1468,1712613355.4966092,60888.33366459,81000.0,-5.932035237356752e-10,81190.0,ASK
1469,1712613360.6588032,60888.33366459,81000.0,-0.0,81190.0,ASK
1470,1712613390.5945225,60888.33366459,81000.0,-0.0,81190.0,ASK
1471,1712613391.0165577,60928.78311845,81090.0,7.961762258208082e-09,81190.0,BID
1472,1712613391.0210738,60949.28311845,81090.0,4.035063782521157e-09,81190.0,BID
1473,1712613391.1769657,60950.33366445,81090.0,-2.0678146909593783e-10,81190.0,ASK
1474,1712613400.6864417,60950.40765617,80990.0,-1.4563966320336628e-11,81190.0,ASK
1475,1712613400.696243,60950.40765631,81090.0,-2.755731583558447e-17,81190.0,ASK
1476,1712613419.8167212,60950.48163904,81100.0,1.456219679751827e-11,81190.0,BID
1477,1712613420.9407556,60950.48163904,81100.0,0.0,81190.0,BID
1478,1712613450.9167385,60950.48163904,81100.0,0.0,81190.0,BID
1479,1712613463.9368646,60950.55562177,80970.0,-1.4547766125416808e-11,81190.0,ASK
1480,1712613480.664985,60950.55562177,80970.0,-0.0,81190.0,ASK
1481,1712613480.846372,61017.04131746,80970.0,-1.3073553953554729e-08,81190.0,ASK
1482,1712613484.3068893,61017.11530019,81100.0,1.4547748989148678e-11,81190.0,BID
1483,1712613498.0303,61019.5791873,81100.0,4.844915997899934e-10,81190.0,BID
1484,1712613501.167158,61024.78028769,81100.0,1.022729263202984e-09,81190.0,BID
1485,1712613501.170037,61025.74441541,81100.0,1.8958327253269548e-10,81190.0,BID
1486,1712613510.1472502,61029.67163776,81110.0,7.722375880630925e-10,81190.0,BID
1487,1712613510.1498454,61030.84505957,81110.0,2.3073825405665927e-10,81190.0,BID
1488,1712613510.152364,61037.97441541,81100.0,1.4018958102341891e-09,81190.0,BID
1489,1712613510.5763967,61037.97441541,81100.0,0.0,81190.0,BID
1490,1712613515.3886695,61040.4996744,81110.0,4.958691389973819e-10,81190.0,BID
1491,1712613515.5165503,61044.8434388,81120.0,8.52957546755138e-10,81190.0,BID
1492,1712613516.496808,61046.30497855,81120.0,2.8699331843146245e-10,81190.0,BID
1493,1712613516.5025768,61049.1872032,81120.0,5.659642283236757e-10,81190.0,BID
1494,1712613527.9371345,61051.3075224,81120.0,4.1635367313336655e-10,81190.0,BID
1495,1712613528.4079163,61051.38150513,81030.0,-1.4527520848457986e-11,81190.0,ASK
1496,1712613530.473997,61054.37150513,81120.0,5.87127392268796e-10,81190.0,BID
1497,1712613534.7767377,61054.7679601,81120.0,7.784935541312626e-11,81190.0,BID
1498,1712613534.7812004,61056.77541625,81120.0,3.9419146971294004e-10,81190.0,BID
1499,1712613536.61163,61060.74352001,81120.0,7.791914424274142e-10,81190.0,BID
1500,1712613537.1265838,61063.70415944,81120.0,5.813620428028215e-10,81190.0,BID
1501,1712613537.1472557,61067.40238429,81120.0,7.261970274915518e-10,81190.0,BID
1502,1712613537.1499052,61079.728281,81130.0,2.4203583922096502e-09,81190.0,BID
1503,1712613537.1525636,61084.73049902,81120.0,9.8225392027925e-10,81190.0,BID
1504,1712613537.1552167,61096.31646274,81130.0,2.275062430043821e-09,81190.0,BID
1505,1712613537.3466687,61119.60871775,81130.0,4.573752824100311e-09,81190.0,BID
1506,1712613537.886722,61131.93309537,81140.0,2.420060098110882e-09,81190.0,BID
