,time,acc_trade_volume,trade_price,dev,high,ask_bid
0,1712601588.4514914,16320430.11128204,6918.0,0.0,7455.0,BID
1,1712601589.320204,16320455.34903298,6918.0,2.1955625351631183e-10,7455.0,BID
2,1712601589.321985,16320505.01866036,6918.0,4.321017877915225e-10,7455.0,BID
3,1712601590.989747,16320539.70118796,6918.0,-3.017212524525365e-10,7455.0,ASK
4,1712601594.9999945,16320540.56849064,6918.0,-7.545114745534535e-12,7455.0,ASK
5,1712601596.550568,16320560.12082848,6918.0,-1.7009590331091466e-10,7455.0,ASK
6,1712601600.1210032,16320560.12082848,6918.0,-0.0,7455.0,ASK
7,1712601622.5896587,16320563.09914591,6918.0,2.591020331917341e-11,7455.0,BID
8,1712601630.0915425,16320563.09914591,6918.0,0.0,7455.0,BID
9,1712601642.4005296,16320563.96632324,6919.0,7.54410415672014e-12,7455.0,BID
10,1712601645.7400055,16320677.03674101,6913.0,-9.836684830667548e-10,7455.0,ASK
11,1712601646.2395234,16320739.33474101,6913.0,-5.419682739717014e-10,7455.0,ASK
12,1712601648.5694442,16320788.73874101,6913.0,-4.297955088201292e-10,7455.0,ASK
13,1712601650.840003,16320825.43174101,6913.0,-3.1921477218030885e-10,7455.0,ASK
14,1712601653.7491603,16320826.15453332,6919.0,6.288010851669232e-12,7455.0,BID
15,1712601660.1614904,16320826.15453332,6919.0,0.0,7455.0,BID
16,1712601660.5815978,16320827.02171065,6913.0,-7.543984808320211e-12,7455.0,ASK
17,1712601666.7413027,16320827.88888798,6919.0,7.543984808320211e-12,7455.0,BID
18,1712601671.3198886,16320871.24775487,6919.0,3.771992438350607e-10,7455.0,BID
19,1712601671.3215344,16321436.4545752,6919.0,4.9170008472602775e-09,7455.0,BID
20,1712601671.339679,16321702.06955466,6921.0,2.310710048212477e-09,7455.0,BID
21,1712601671.3413064,16322094.03555244,6921.0,3.409897180745508e-09,7455.0,BID
22,1712601671.719966,16322432.03555244,6922.0,2.9404214998762047e-09,7455.0,BID
23,1712601685.3895686,16322644.02585993,6922.0,1.8442037216190203e-09,7455.0,BID
24,1712601685.3912988,16322778.23026785,6922.0,1.1675074746427335e-09,7455.0,BID
25,1712601690.152877,16322778.23026785,6922.0,0.0,7455.0,BID
26,1712601693.6595852,16322779.09744518,6919.0,-7.543098283789385e-12,7455.0,ASK
27,1712601700.2200594,16322779.96499868,6921.0,-7.546370367725643e-12,7455.0,ASK
28,1712601713.6014807,16322782.04299868,6922.0,1.8075378246594743e-11,7455.0,BID
29,1712601715.8092258,16322789.79099868,6922.0,6.739558736295914e-11,7455.0,BID
30,1712601717.159528,16322797.74715297,6922.0,6.920620695167426e-11,7455.0,BID
31,1712601717.721338,16323427.3530302,6923.0,5.476594979979165e-09,7455.0,BID
32,1712601717.723895,16323556.78554292,6922.0,1.1258621862503503e-09,7455.0,BID
33,1712601717.7258835,16323954.27266369,6923.0,3.457521679741037e-09,7455.0,BID
34,1712601717.7278948,16324069.93586072,6924.0,1.00609048791981e-09,7455.0,BID
35,1712601717.72988,16324909.4103637,6924.0,7.302126640037027e-09,7455.0,BID
36,1712601718.7793484,16325069.56863105,6925.0,1.3931286137682911e-09,7455.0,BID
37,1712601720.101729,16325069.56863105,6925.0,0.0,7455.0,BID
38,1712601722.8991897,16325070.4318162,6937.0,7.507336554738017e-12,7455.0,BID
39,1712601723.0591278,16325077.63954288,6937.0,6.268739672477717e-11,7455.0,BID
40,1712601724.969628,16325078.63954288,6937.0,8.69724942553151e-12,7455.0,BID
41,1712601724.9716177,16325229.29878978,6937.0,1.3103210485611688e-09,7455.0,BID
42,1712601725.1098711,16325471.31748633,6937.0,-2.1048969695398063e-09,7455.0,ASK
43,1712601735.369377,16325472.18029909,6942.0,7.504097775639013e-12,7455.0,BID
44,1712601736.9290557,16325473.04460332,6942.0,7.517069464521941e-12,7455.0,BID
45,1712601749.2010534,16325611.27652495,6942.0,1.202237500986462e-09,7455.0,BID
46,1712601750.0996587,16325611.27652495,6942.0,0.0,7455.0,BID
47,1712601750.1233575,16325645.35671907,6942.0,2.963942599389147e-10,7455.0,BID
48,1712601752.249269,16325649.48171907,6940.0,-3.587498116841239e-11,7455.0,ASK
49,1712601754.2692022,16325654.42264126,6940.0,-4.297102801693721e-11,7455.0,ASK
50,1712601754.2788537,16325722.30774571,6940.0,-5.903943863612841e-10,7455.0,ASK
51,1712601759.7890282,16325730.30774571,6938.0,-6.95757210538907e-11,7455.0,ASK
52,1712601760.5591714,16325912.97130559,6940.0,1.5886186111161287e-09,7455.0,BID
53,1712601764.1288736,16325913.83560982,6940.0,-7.51682374819232e-12,7455.0,ASK
54,1712601780.1545866,16325913.83560982,6940.0,-0.0,7455.0,ASK
55,1712601802.7992918,16325961.85246375,6942.0,4.1759327828285244e-10,7455.0,BID
56,1712601803.6588926,16325962.71676798,6942.0,7.516686478512194e-12,7455.0,BID
57,1712601803.948809,16325963.57908473,6942.0,7.499401753148531e-12,7455.0,BID
58,1712601810.1608338,16325963.57908473,6942.0,0.0,7455.0,BID
59,1712601812.5590563,16326108.60812595,6942.0,1.261285693054098e-09,7455.0,BID
60,1712601817.7887745,16326123.83582311,6942.0,1.3243193504340383e-10,7455.0,BID
61,1712601819.0588813,16326128.68640651,6942.0,4.2184457641516445e-11,7455.0,BID
62,1712601819.6992576,16326135.76563111,6942.0,6.156646027731733e-11,7455.0,BID
63,1712601819.701465,16326143.92724044,6945.0,7.097972237223088e-11,7455.0,BID
64,1712601823.9986925,16326195.18543633,6945.0,4.4578126273423136e-10,7455.0,BID
65,1712601826.5738494,16326196.04762917,6946.0,7.49830160790301e-12,7455.0,BID
66,1712601833.7490027,16326196.76761189,6946.0,6.261531450160314e-12,7455.0,BID
67,1712601834.1087248,16326197.63191612,6945.0,-7.516663920859933e-12,7455.0,ASK
68,1712601839.1287994,16326198.49572262,6946.0,7.512335252352089e-12,7455.0,BID
69,1712601840.1018014,16326198.49572262,6946.0,0.0,7455.0,BID
70,1712601841.498707,16326217.03912889,6946.0,1.6126564092043183e-10,7455.0,BID
71,1712601851.1891134,16326218.48652889,6946.0,1.2587541105196755e-11,7455.0,BID
72,1712601851.1911843,16326270.60793242,6946.0,4.5328196035771726e-10,7455.0,BID
73,1712601857.840619,16326275.48011486,6951.0,4.237169872733909e-11,7455.0,BID
74,1712601857.8426046,16326285.84000599,6953.0,9.009641802180583e-11,7455.0,BID
75,1712601860.3788695,16326287.43787741,6953.0,1.3896139400829132e-11,7455.0,BID
76,1712601863.5686436,16326288.30168391,6946.0,-7.512228712909978e-12,7455.0,ASK
77,1712601864.3791275,16326443.64572914,6955.0,1.350973853007653e-09,7455.0,BID
78,1712601864.3805096,16326520.93383002,6953.0,6.721480909224201e-10,7455.0,BID
79,1712601865.019024,16326522.52983002,6953.0,-1.3879864318876923e-11,7455.0,ASK
80,1712601870.1004004,16326522.52983002,6953.0,-0.0,7455.0,ASK
81,1712601871.5192628,16326524.12770144,6953.0,-1.3895867171670507e-11,7455.0,ASK
82,1712601871.5213714,16326524.12957286,6953.0,-1.6274779298412156e-14,7455.0,ASK
83,1712601874.868454,16326524.99164182,6954.0,7.496971023156641e-12,7455.0,BID
84,1712601879.2096736,16326539.37364182,6953.0,-1.25072868232238e-10,7455.0,ASK
85,1712601880.4886415,16326540.23645458,6954.0,7.503439476516202e-12,7455.0,BID
86,1712601881.758692,16326540.2367356,6953.0,-2.44387911302926e-15,7455.0,ASK
87,1712601887.3385792,16326574.46570194,6953.0,2.9767174221108636e-10,7455.0,BID
88,1712601887.878824,16326736.18310751,6953.0,1.406373227380493e-09,7455.0,BID
89,1712601888.1787343,16326753.554756,6953.0,-1.510723058299843e-10,7455.0,ASK
90,1712601888.238522,16326829.07060141,6953.0,-6.567225268731932e-10,7455.0,ASK
91,1712601889.23858,16326846.441756,6946.0,-1.5106801064412611e-10,7455.0,ASK
92,1712601893.2789822,16326847.30456876,6946.0,-7.503439476516202e-12,7455.0,ASK
93,1712601898.7653031,16326848.16663772,6953.0,7.496971039355109e-12,7455.0,BID
94,1712601900.1207483,16326848.16663772,6953.0,0.0,7455.0,BID
95,1712601902.5688157,16326849.02957458,6953.0,7.504461477240867e-12,7455.0,BID
96,1712601906.7993047,16326850.62931742,6954.0,1.3912035824155478e-11,7455.0,BID
97,1712601908.4539428,16326851.49064386,6954.0,7.49045659893526e-12,7455.0,BID
98,1712601911.0388284,16327102.79427938,6954.0,2.185441993926701e-09,7455.0,BID
99,1712601911.4843557,16327199.53576032,6955.0,8.4130456197493e-10,7455.0,BID
100,1712601914.008633,16327205.07343106,6955.0,4.815791127153848e-11,7455.0,BID
101,1712601916.218474,16327205.93463387,6955.0,7.489381449999808e-12,7455.0,BID
102,1712601916.541211,16327210.08718599,6955.0,3.611233783833688e-11,7455.0,BID
103,1712601916.7608368,16327672.93794534,6954.0,-4.0251446594268045e-09,7455.0,ASK
104,1712601918.3985264,16327673.79989046,6955.0,7.495836895347404e-12,7455.0,BID
105,1712601919.18865,16327727.82689046,6954.0,-4.69841490193689e-10,7455.0,ASK
106,1712601920.6285343,16327728.68846426,6955.0,7.492607739120094e-12,7455.0,BID
107,1712601923.1989908,16327850.51770794,6954.0,-1.0594782868052992e-09,7455.0,ASK
108,1712601923.279949,16327972.89083218,6954.0,-1.0642081006496782e-09,7455.0,ASK
109,1712601923.4986842,16328077.97875262,6954.0,-9.138887064267358e-10,7455.0,ASK
110,1712601923.598794,16328201.63297049,6954.0,-1.075349029070212e-09,7455.0,ASK
111,1712601923.6986468,16328347.11477736,6954.0,-1.2651709133877542e-09,7455.0,ASK
112,1712601923.7987454,16328500.2219496,6954.0,-1.331484294258979e-09,7455.0,ASK
113,1712601923.9012334,16328642.14198451,6954.0,-1.2341962480187907e-09,7455.0,ASK
114,1712601925.108562,16328842.55583505,6954.0,-1.7428830435769783e-09,7455.0,ASK
115,1712601927.0789275,16328856.93398026,6955.0,1.2503839139767214e-10,7455.0,BID
116,1712601927.6012938,16328911.58469927,6954.0,-4.752656127502395e-10,7455.0,ASK
117,1712601929.2787597,16328912.44676823,6955.0,7.49691385849747e-12,7455.0,BID
118,1712601930.0984712,16328912.44676823,6955.0,0.0,7455.0,BID
119,1712601930.4495788,16328913.30970509,6946.0,-7.503524750574539e-12,7455.0,ASK
120,1712601934.6585958,16328914.1723938,6955.0,7.501367011659808e-12,7455.0,BID
121,1712601960.150732,16328914.1723938,6955.0,0.0,7455.0,BID
122,1712601964.2614613,16328928.25690084,6947.0,-1.2246948884486383e-10,7455.0,ASK
123,1712601964.4283578,16328929.11958955,6947.0,-7.501366229331143e-12,7455.0,ASK
124,1712601967.0281906,16328930.82240456,6955.0,1.4806544752277667e-11,7455.0,BID
125,1712601969.439074,16328931.68447352,6954.0,7.495977292178167e-12,7455.0,BID
126,1712601978.269062,16329879.29395773,6947.0,-8.239780692073673e-09,7455.0,ASK
127,1712601978.2716365,16330311.13504021,6947.0,-3.755002321895765e-09,7455.0,ASK
128,1712601978.274153,16331875.03422784,6947.0,-1.3598625325408536e-08,7455.0,ASK
129,1712601978.328894,16331876.63370955,6946.0,-1.3908027225588733e-11,7455.0,ASK
130,1712601978.3313358,16332010.29811987,6946.0,-1.1622566528899402e-09,7455.0,ASK
131,1712601978.333785,16332015.74471992,6946.0,-4.7360005034120097e-11,7455.0,ASK
132,1712601978.5083525,16332019.38203625,6942.0,-3.162767929339563e-11,7455.0,ASK
133,1712601978.6282527,16332072.19057371,6940.0,-4.5918785594870167e-10,7455.0,ASK
134,1712601979.759544,16332181.40170164,6947.0,9.496272022194301e-10,7455.0,BID
135,1712601979.762155,16332227.92202444,6947.0,4.0450973104514174e-10,7455.0,BID
136,1712601979.8782475,16332504.03165619,6947.0,-2.400865388647389e-09,7455.0,ASK
137,1712601980.441394,16332545.23265619,6937.0,-3.582564441850673e-10,7455.0,ASK
138,1712601980.4982903,16332777.92527014,6937.0,-2.023339930172354e-09,7455.0,ASK
139,1712601981.338049,16332789.97334893,6925.0,-1.0476206564738256e-10,7455.0,ASK
140,1712601990.1585476,16332789.97334893,6925.0,-0.0,7455.0,ASK
141,1712601999.4498336,16332790.83690678,6948.0,7.507166300948094e-12,7455.0,BID
142,1712602000.4882808,16332904.53168506,6928.0,-9.883826648206751e-10,7455.0,ASK
143,1712602009.582112,16332905.39424975,6947.0,7.49853247601795e-12,7455.0,BID
144,1712602013.7383091,16332906.11412883,6947.0,6.258123845400695e-12,7455.0,BID
145,1712602020.0997937,16332906.11412883,6947.0,0.0,7455.0,BID
146,1712602024.6283374,16332916.95739974,6927.0,-9.426313319572883e-11,7455.0,ASK
147,1712602027.238309,16332917.82046072,6939.0,7.502794378583007e-12,7455.0,BID
148,1712602029.7680058,16332918.68401857,6927.0,-7.507113803059962e-12,7455.0,ASK
149,1712602042.4082873,16332919.5488211,6938.0,7.517934078283987e-12,7455.0,BID
150,1712602050.0989296,16332919.5488211,6938.0,0.0,7455.0,BID
151,1712602061.9782696,16332920.41362363,6927.0,-7.517928011090715e-12,7455.0,ASK
152,1712602068.038231,16332921.27842616,6938.0,7.517928011090715e-12,7455.0,BID
153,1712602071.9980938,16332924.16567893,6928.0,-2.50995547810585e-11,7455.0,ASK
154,1712602080.1500125,16332924.16567893,6928.0,-0.0,7455.0,ASK
155,1712602085.5482397,16332970.2990948,6928.0,-4.010483213355681e-10,7455.0,ASK
156,1712602085.551145,16332989.02586918,6927.0,-1.627961269999263e-10,7455.0,ASK
157,1712602099.8379729,16332989.89067171,6928.0,-7.517925920161649e-12,7455.0,ASK
158,1712602102.427776,16333037.93520904,6938.0,4.1766213669721056e-10,7455.0,BID
159,1712602105.1398566,16333049.92965883,6927.0,-1.0427049164032112e-10,7455.0,ASK
160,1712602105.1427338,16333067.82929047,6928.0,-1.5560558623916688e-10,7455.0,ASK
161,1712602110.1502306,16333067.82929047,6928.0,-0.0,7455.0,ASK
162,1712602110.1583982,16333068.69309697,6938.0,7.509202194480828e-12,7455.0,BID
163,1712602111.930504,16333069.5578995,6938.0,7.517860843356702e-12,7455.0,BID
164,1712602126.2981777,16333083.93604471,6927.0,-1.2499141841465112e-10,7455.0,ASK
165,1712602130.3080876,16333084.80084724,6927.0,-7.517860843356702e-12,7455.0,ASK
166,1712602137.1179652,16333085.66564977,6938.0,7.517860843356702e-12,7455.0,BID
167,1712602140.0893204,16333085.66564977,6938.0,0.0,7455.0,BID
168,1712602148.267893,16333157.6965124,6938.0,6.26174648096805e-10,7455.0,BID
169,1712602164.9679744,16333158.56131493,6927.0,-7.517852766863878e-12,7455.0,ASK
170,1712602170.0987313,16333158.56131493,6927.0,-0.0,7455.0,ASK
171,1712602174.5179927,16333532.24862604,6927.0,-3.2485032560930077e-09,7455.0,ASK
172,1712602174.5212135,16333701.38406697,6927.0,-1.470312248346323e-09,7455.0,ASK
173,1712602174.5797138,16333853.27716246,6927.0,1.3204227187030271e-09,7455.0,BID
174,1712602193.727846,16333853.99797537,6938.0,6.266102736937264e-12,7455.0,BID
175,1712602199.827793,16334546.69977878,6938.0,6.021729924920426e-09,7455.0,BID
176,1712602199.8297043,16335464.61492964,6938.0,7.979533336364735e-09,7455.0,BID
177,1712602200.120123,16335464.61492964,6938.0,0.0,7455.0,BID
178,1712602203.647446,16335719.21982911,6938.0,-2.2130141756954236e-09,7455.0,ASK
179,1712602203.7272897,16335720.08375999,6945.0,7.509247804678767e-12,7455.0,BID
180,1712602230.1019466,16335720.08375999,6945.0,0.0,7455.0,BID
181,1712602232.4874785,16335720.94769087,6942.0,-7.509132134848143e-12,7455.0,ASK
182,1712602239.1078205,16335721.81162175,6945.0,7.509132118658366e-12,7455.0,BID
183,1712602260.1215456,16335721.81162175,6945.0,0.0,7455.0,BID
184,1712602264.9776683,16335722.67555263,6941.0,-7.509131351801048e-12,7455.0,ASK
185,1712602278.5972726,16335723.53948351,6945.0,7.509131335611272e-12,7455.0,BID
186,1712602288.4173677,16335730.33847559,6945.0,5.909561252481974e-11,7455.0,BID
187,1712602290.0999527,16335730.33847559,6945.0,0.0,7455.0,BID
188,1712602298.6679254,16335730.62562276,6941.0,-2.4958301108295e-12,7455.0,ASK
189,1712602298.6716192,16335731.20240647,6941.0,-5.013297359902747e-12,7455.0,ASK
190,1712602302.0877368,16335734.87789963,6945.0,3.1946706992378884e-11,7455.0,BID
191,1712602313.5271995,16335961.6494619,6945.0,1.971056491791183e-09,7455.0,BID
192,1712602314.446952,16336005.56255596,6945.0,3.816844945290683e-10,7455.0,BID
193,1712602314.7071328,16336232.33411823,6945.0,1.971056491791183e-09,7455.0,BID
194,1712602315.22705,16336233.19680694,6955.0,7.498330757796167e-12,7455.0,BID
195,1712602320.1492598,16336233.19680694,6955.0,0.0,7455.0,BID
196,1712602323.8574142,16336383.19680694,6955.0,1.3037326920213447e-09,7455.0,BID
197,1712602331.4073668,16336384.05949565,6942.0,-7.498103169700733e-12,7455.0,ASK
198,1712602336.947076,16336384.92156461,6954.0,7.492716576710505e-12,7455.0,BID
199,1712602350.1688552,16336384.92156461,6954.0,0.0,7455.0,BID
200,1712602352.1373434,16336385.78425332,6955.0,7.498034384411409e-12,7455.0,BID
201,1712602363.327101,16336386.64694203,6942.0,-7.498034400600537e-12,7455.0,ASK
202,1712602372.4171,16338471.65655358,6942.0,-1.8121801752140416e-08,7455.0,ASK
203,1712602373.7668366,16338472.37591491,6952.0,6.252308556285952e-12,7455.0,BID
204,1712602373.967174,16338473.23897589,6952.0,7.501269959592863e-12,7455.0,BID
205,1712602380.0903783,16338473.23897589,6952.0,0.0,7455.0,BID
206,1712602393.9076438,16338640.69522574,6950.0,1.455257869526004e-09,7455.0,BID
207,1712602393.9111438,16338734.3680877,6951.0,8.140524444457201e-10,7455.0,BID
208,1712602397.1770277,16338735.08755252,6951.0,6.252420210734053e-12,7455.0,BID
209,1712602402.2671812,16338783.04913525,6950.0,4.1680421462165246e-10,7455.0,BID
210,1712602402.42684,16338783.91219623,6943.0,-7.500324924619856e-12,7455.0,ASK
211,1712602403.7069724,16338784.63176457,6950.0,6.2533198405102485e-12,7455.0,BID
212,1712602408.9670465,16338785.49507392,6950.0,7.502483343275371e-12,7455.0,BID
213,1712602410.100496,16338785.49507392,6950.0,0.0,7455.0,BID
214,1712602414.4472146,16338992.36271923,6950.0,1.7977238311910702e-09,7455.0,BID
215,1712602428.0967884,16339006.75120843,6950.0,1.2503903106997731e-10,7455.0,BID
216,1712602436.4675784,16339006.89484589,6943.0,-1.2482400716283256e-12,7455.0,ASK
217,1712602436.4709706,16339007.61451778,6949.0,-6.254101774117381e-12,7455.0,ASK
218,1712602440.151837,16339007.61451778,6949.0,-0.0,7455.0,ASK
219,1712602449.8770225,16339009.05357375,6949.0,1.2505534649317164e-11,7455.0,BID
220,1712602451.5566573,16339009.9168831,6950.0,7.502241200717937e-12,7455.0,BID
221,1712602456.2781951,16339025.75045355,6943.0,-1.3759524857127708e-10,7455.0,ASK
222,1712602456.2821708,16339026.18405469,6943.0,-3.768035561115858e-12,7455.0,ASK
223,1712602456.2855709,16339027.62311066,6949.0,-1.2505534649317164e-11,7455.0,ASK
224,1712602466.28678,16339032.04966755,6943.0,-3.8467204703520806e-11,7455.0,ASK
225,1712602470.158702,16339032.04966755,6943.0,-0.0,7455.0,ASK
226,1712602471.4870222,16339038.68950289,6943.0,-5.770072199952446e-11,7455.0,ASK
227,1712602472.728639,16339392.81660307,6943.0,-3.077393988958124e-09,7455.0,ASK
228,1712602472.80677,16339393.67991242,6943.0,-7.502230138637729e-12,7455.0,ASK
229,1712602474.7169275,16339395.11876134,6950.0,1.2503716930102631e-11,7455.0,BID
230,1712602476.8084028,16339395.84024751,6944.0,-6.269774894559661e-12,7455.0,ASK
231,1712602478.6367552,16339396.56173368,6944.0,6.269774894559661e-12,7455.0,BID
232,1712602480.9766133,16339397.42578897,6944.0,7.508712427638557e-12,7455.0,BID
233,1712602481.1765718,16339399.0857478,6943.0,-1.4425180459414762e-11,7455.0,ASK
234,1712602485.816871,16339399.91572722,6943.0,-7.212590270173734e-12,7455.0,ASK
235,1712602489.989895,16339400.92861726,6944.0,8.802098783004352e-12,7455.0,BID
236,1712602496.9573088,16339403.8063151,6950.0,2.5007433860205263e-11,7455.0,BID
237,1712602500.1220183,16339403.8063151,6950.0,0.0,7455.0,BID
238,1712602508.4567578,16339404.67037039,6944.0,-7.508593318429249e-12,7455.0,ASK
239,1712602524.6409357,16339405.53392824,6948.0,7.504270576868285e-12,7455.0,BID
240,1712602530.100066,16339405.53392824,6948.0,0.0,7455.0,BID
241,1712602530.641581,16339545.53392824,6945.0,-1.216592232154388e-09,7455.0,ASK
242,1712602535.778002,16339590.4519268,6945.0,-3.9033491522672696e-10,7455.0,ASK
243,1712602536.7179377,16339592.89525796,6944.0,-2.1232412210089423e-11,7455.0,ASK
244,1712602536.721413,16339635.3339268,6944.0,-3.6878967753954734e-10,7455.0,ASK
245,1712602538.9675026,16339636.19748465,6944.0,-7.504269794327952e-12,7455.0,ASK
246,1712602548.0976253,16339637.06141553,6945.0,7.507511421224097e-12,7455.0,BID
247,1712602549.2587118,16339789.05317562,6944.0,-1.320799961978281e-09,7455.0,ASK
248,1712602549.2676296,16339794.81354428,6944.0,-5.0057284044385266e-11,7455.0,ASK
249,1712602549.7277534,16339807.44889853,6943.0,-1.0980052735440954e-10,7455.0,ASK
250,1712602549.7314868,16339895.08121113,6942.0,-7.61519934245438e-10,7455.0,ASK
251,1712602551.8275847,16339897.30288255,6944.0,1.930620138061668e-11,7455.0,BID
252,1712602553.757733,16339898.02307264,6944.0,6.258411915645635e-12,7455.0,BID
253,1712602560.1509764,16339898.02307264,6944.0,0.0,7455.0,BID
254,1712602572.7484217,16339909.53805247,6944.0,1.0006156216494192e-10,7455.0,BID
255,1712602574.5489037,16339910.40198335,6942.0,-7.507288317816243e-12,7455.0,ASK
256,1712602575.0101998,16339965.91314406,6944.0,4.823745712216688e-10,7455.0,BID
257,1712602575.0681958,16340025.34304915,6944.0,5.16427230481889e-10,7455.0,BID
258,1712602575.9782846,16340039.59446559,6945.0,1.2384033780518434e-10,7455.0,BID
259,1712602588.7619464,16340040.45740245,6953.0,7.498650586543072e-12,7455.0,BID
260,1712602590.1679184,16340040.45740245,6953.0,0.0,7455.0,BID
261,1712602609.3492217,16340041.32033931,6946.0,-7.498586153640212e-12,7455.0,ASK
262,1712602614.8492153,16340042.18327617,6953.0,7.498586137454549e-12,7455.0,BID
263,1712602620.1031785,16340042.18327617,6953.0,0.0,7455.0,BID
264,1712602621.7428794,16340062.91382413,6953.0,1.8014039098363802e-10,7455.0,BID
265,1712602626.1600225,16340068.65382413,6953.0,-4.9878365315384296e-11,7455.0,ASK
266,1712602630.8515022,16340286.87424208,6955.0,1.896250474804387e-09,7455.0,BID
267,1712602630.8540533,16340337.91693813,6955.0,4.435411568182576e-10,7455.0,BID
268,1712602630.856233,16340386.41036434,6956.0,4.213889943847892e-10,7455.0,BID
269,1712602630.8583562,16340419.77557483,6957.0,2.899306894765041e-10,7455.0,BID
270,1712602633.9605837,16340604.6307823,6957.0,1.606319785424997e-09,7455.0,BID
271,1712602634.3399785,16340618.8377823,6957.0,-1.2345329894342032e-10,7455.0,ASK
272,1712602636.6937535,16340627.3557823,6957.0,-7.401810379689129e-11,7455.0,ASK
273,1712602638.7605662,16340627.36015396,6957.0,-3.798802195774279e-14,7455.0,ASK
274,1712602638.764589,16340704.5817823,6957.0,-6.71025886487705e-10,7455.0,ASK
275,1712602644.9006152,16340704.58444264,6957.0,-2.3117316258614133e-14,7455.0,ASK
276,1712602644.904492,16340704.59735505,6953.0,-1.1220381047670069e-13,7455.0,ASK
277,1712602644.908303,16340705.44471916,6946.0,-7.363264229195306e-12,7455.0,ASK
278,1712602648.770428,16340738.43908006,6947.0,-2.8670815091140023e-10,7455.0,ASK
279,1712602650.1033404,16340738.43908006,6947.0,-0.0,7455.0,ASK
280,1712602654.110604,16340752.81621831,6959.0,1.2492647692411138e-10,7455.0,BID
281,1712602654.114182,16340765.44410951,6959.0,1.0972684072465758e-10,7455.0,BID
282,1712602660.2124972,16340766.30630235,6959.0,7.491804835126008e-12,7455.0,BID
283,1712602665.1305826,16340777.56752042,6959.0,9.78514830161657e-11,7455.0,BID
284,1712602665.590521,16341083.73909679,6959.0,2.6603998449768204e-09,7455.0,BID
285,1712602678.6012,16341084.60128963,6950.0,-7.491804835126008e-12,7455.0,ASK
286,1712602678.620981,16341408.65488532,6959.0,2.815781092272853e-09,7455.0,BID
287,1712602680.164461,16341408.65488532,6959.0,0.0,7455.0,BID
288,1712602683.7435029,16341409.51621176,6966.0,7.483973170724365e-12,7455.0,BID
289,1712602693.1515253,16341410.65488532,6966.0,9.893812600610462e-12,7455.0,BID
290,1712602693.1556482,16341563.13191037,6966.0,1.3248565381904975e-09,7455.0,BID
291,1712602702.581859,16341610.98333155,6966.0,4.1577587305345926e-10,7455.0,BID
292,1712602710.1516912,16341610.98333155,6966.0,0.0,7455.0,BID
293,1712602713.8423257,16341611.84465799,6960.0,-7.483881520873337e-12,7455.0,ASK
294,1712602721.831713,16341704.89663214,6965.0,8.085087349606564e-10,7455.0,BID
295,1712602723.3019197,16341911.84465799,6965.0,1.798127209096327e-09,7455.0,BID
296,1712602726.293802,16341939.75159166,6966.0,2.424773879829565e-10,7455.0,BID
297,1712602727.7622628,16341940.6129181,6966.0,7.483881520873337e-12,7455.0,BID
298,1712602733.812209,16341941.33083369,6966.0,6.237815279716772e-12,7455.0,BID
299,1712602740.0968745,16341941.33083369,6966.0,0.0,7455.0,BID
300,1712602740.1924942,16342004.83708379,6966.0,5.5178121607372e-10,7455.0,BID
301,1712602742.0424123,16342005.69841023,6966.0,-7.483731906179978e-12,7455.0,ASK
302,1712602750.6929457,16342043.22128951,6967.0,-3.2602176836323653e-10,7455.0,ASK
303,1712602750.6969042,16342102.95675896,6966.0,-5.190183631290562e-10,7455.0,ASK
304,1712602753.8823423,16342137.1857253,6966.0,-2.9740223430704956e-10,7455.0,ASK
305,1712602755.752273,16342138.04655743,6970.0,7.479437048687492e-12,7455.0,BID
306,1712602766.4525857,16342138.93234122,6970.0,7.69623235313769e-12,7455.0,BID
307,1712602768.9026992,16342153.27954351,6970.0,1.2465728513739808e-10,7455.0,BID
308,1712602770.1053867,16342153.27954351,6970.0,0.0,7455.0,BID
309,1712602775.1631403,16342288.63574521,6966.0,-1.176042536101894e-09,7455.0,ASK
310,1712602775.802658,16342289.49657734,6966.0,-7.479341079626639e-12,7455.0,ASK
311,1712602777.3808556,16342290.22121502,6970.0,6.296015447661363e-12,7455.0,BID
312,1712602777.3850584,16342312.07376113,6970.0,1.898658755435076e-10,7455.0,BID
313,1712602777.387584,16342324.79657733,6970.0,1.1054220525752667e-10,7455.0,BID
314,1712602781.1030948,16342326.23129755,6970.0,1.2465568514595186e-11,7455.0,BID
315,1712602781.7529402,16342327.09212968,6970.0,7.479341079626639e-12,7455.0,BID
316,1712602783.735509,16342333.33330559,6970.0,5.422646508812359e-11,7455.0,BID
317,1712602783.7388942,16342457.13944461,6970.0,1.0756898013445498e-09,7455.0,BID
318,1712602789.3531494,16342528.87545608,6970.0,6.23278429791841e-10,7455.0,BID
319,1712602800.1422343,16342528.87545608,6970.0,0.0,7455.0,BID
320,1712602805.804036,16342555.70113757,6970.0,2.3306966861594437e-10,7455.0,BID
321,1712602809.1438987,16342556.5619697,6967.0,-7.479170996367429e-12,7455.0,ASK
322,1712602817.4535294,16342557.42280183,6970.0,7.479171012550659e-12,7455.0,BID
323,1712602821.6443286,16342638.44882551,6970.0,7.039787039485079e-10,7455.0,BID
324,1712602821.6483097,16342844.36684774,6970.0,1.7890783210736463e-09,7455.0,BID
325,1712602824.0340858,16343057.67067021,6970.0,1.8532483968529302e-09,7455.0,BID
326,1712602824.038323,16343131.31089365,6970.0,6.39808628153041e-10,7455.0,BID
327,1712602824.1155682,16343713.06019116,6970.0,5.054414592777052e-09,7455.0,BID
328,1712602825.9836085,16343738.5445814,6970.0,2.2141612283683846e-10,7455.0,BID
329,1712602826.7241623,16345027.06961586,6970.0,1.1195096865945778e-08,7455.0,BID
330,1712602827.0638776,16345314.01366177,6970.0,2.4930570250221543e-09,7455.0,BID
331,1712602828.6137192,16345359.96890077,6970.0,3.992730745168033e-10,7455.0,BID
332,1712602828.6354835,16345359.96890093,6970.0,1.3917575049596358e-18,7455.0,BID
333,1712602830.1077826,16345359.96890093,6970.0,0.0,7455.0,BID
334,1712602840.754027,16345421.45352593,6970.0,-5.34105527755766e-10,7455.0,ASK
335,1712602840.8140128,16346084.70444095,6970.0,-5.761537620140229e-09,7455.0,ASK
336,1712602841.6339748,16346185.68844095,6970.0,-8.7722926853718e-10,7455.0,ASK
337,1712602846.4339604,16346186.54927308,6970.0,-7.477888958266345e-12,7455.0,ASK
338,1712602851.1992445,16346215.60841291,6972.0,2.5243135524421765e-10,7455.0,BID
339,1712602851.2027893,16347259.94395136,6978.0,9.071949026503445e-09,7455.0,BID
340,1712602851.2062366,16347330.80909956,6975.0,6.155923920555965e-10,7455.0,BID
341,1712602851.2085729,16347331.52578056,6978.0,6.225674852074517e-12,7455.0,BID
342,1712602851.2101676,16349344.11469825,6979.0,1.748298645440295e-08,7455.0,BID
343,1712602851.2118132,16349361.33492926,6972.0,1.4958895124444642e-10,7455.0,BID
344,1712602851.2134356,16349366.72687498,6976.0,4.6838831890691314e-11,7455.0,BID
345,1712602851.215084,16349603.72687498,6978.0,2.058775020211534e-09,7455.0,BID
346,1712602851.5941586,16349604.58647383,6980.0,7.467175702507195e-12,7455.0,BID
347,1712602860.1648202,16349604.58647383,6980.0,0.0,7455.0,BID
348,1712602866.074521,16349677.69003666,6980.0,6.34873763325116e-10,7455.0,BID
349,1712602867.2055647,16349714.20803666,6979.0,-3.171435042437533e-10,7455.0,ASK
350,1712602868.4945636,16349999.44059376,6979.0,-2.477125052998318e-09,7455.0,ASK
351,1712602868.5878928,16350020.9483545,6979.0,-1.867858757142452e-10,7455.0,ASK
352,1712602868.6042078,16350354.5015586,6979.0,-2.896769593144041e-09,7455.0,ASK
353,1712602868.6743443,16350646.4614802,6979.0,-2.5355493903558353e-09,7455.0,ASK
354,1712602868.6842194,16350662.76480838,6979.0,-1.4158756310798956e-10,7455.0,ASK
355,1712602869.0938246,16350679.09062695,6979.0,-1.4178288271954363e-10,7455.0,ASK
356,1712602869.145534,16350971.05054855,6979.0,-2.5355493903558353e-09,7455.0,ASK
357,1712602869.3051138,16356905.79495374,6979.0,-5.1540764485808463e-08,7455.0,ASK
358,1712602869.3093567,16357584.83220836,6979.0,-5.897153580341829e-09,7455.0,ASK
359,1712602869.5907807,16357602.99820836,6970.0,-1.5776408616499883e-10,7455.0,ASK
360,1712602869.704502,16357894.95812996,6970.0,-2.535549390339659e-09,7455.0,ASK
361,1712602869.7843406,16358247.62115304,6970.0,-3.0627303510426276e-09,7455.0,ASK
362,1712602869.864615,16359147.62115304,6970.0,-7.816122291073836e-09,7455.0,ASK
363,1712602869.869063,16359338.31895961,6970.0,-1.656130418662189e-09,7455.0,ASK
364,1712602870.0043736,16359589.66147304,6970.0,-2.182804246563266e-09,7455.0,ASK
365,1712602870.0259671,16359953.66147304,6975.0,3.161187237723196e-09,7455.0,BID
366,1712602870.030552,16360258.66147304,6976.0,2.648796998641689e-09,7455.0,BID
367,1712602870.0351071,16361070.39932569,6977.0,7.0496025828935825e-09,7455.0,BID
368,1712602870.0379446,16361408.39932569,6977.0,2.9353881493143963e-09,7455.0,BID
369,1712602870.0400095,16362225.93659638,6976.0,7.099968094703901e-09,7455.0,BID
370,1712602870.0421286,16362644.28440424,6977.0,3.633175140484928e-09,7455.0,BID
371,1712602870.0442314,16364611.94529352,6979.0,1.7088309042187243e-08,7455.0,BID
372,1712602870.0661714,16364626.34529352,6970.0,-1.2505795666041662e-10,7455.0,ASK
373,1712602877.4746864,16364628.06090683,6971.0,-1.489938158848408e-11,7455.0,ASK
374,1712602882.1046016,16364633.50949555,6971.0,-4.7318706400723583e-11,7455.0,ASK
375,1712602883.0545676,16364740.72677728,6971.0,-9.311370952336075e-10,7455.0,ASK
376,1712602883.194774,16364889.42160027,6971.0,1.2913521339275115e-09,7455.0,BID
377,1712602886.264731,16364890.28119912,6970.0,-7.465255265960751e-12,7455.0,ASK
378,1712602887.764927,16364891.71406915,6979.0,1.2443874872050674e-11,7455.0,BID
379,1712602888.104678,16364892.57379117,6979.0,7.466324939406696e-12,7455.0,BID
380,1712602890.158067,16364892.57379117,6979.0,0.0,7455.0,BID
381,1712602892.5652213,16364901.17837656,6979.0,7.465805306334948e-11,7455.0,BID
382,1712602892.567605,16365142.20546942,6979.0,2.09128187770736e-09,7455.0,BID
383,1712602895.235314,16365144.92976378,6979.0,-2.363745651371324e-11,7455.0,ASK
384,1712602899.4553025,16365145.67050452,6980.0,6.427068694905341e-12,7455.0,BID
385,1712602907.6060858,16365885.4440796,6979.0,-6.418677057457932e-09,7455.0,ASK
386,1712602908.5319924,16366043.05978385,6979.0,-1.3675593976869927e-09,7455.0,ASK
387,1712602908.535944,16366794.52105055,6979.0,-6.5200858135699996e-09,7455.0,ASK
388,1712602913.7853484,16366795.23762885,6979.0,6.217422254256551e-12,7455.0,BID
389,1712602915.2151475,16367164.93952023,6979.0,3.2077342692992277e-09,7455.0,BID
390,1712602916.735307,16367165.79924225,6970.0,-7.459414869793635e-12,7455.0,ASK
391,1712602920.1103954,16367165.79924225,6970.0,-0.0,7455.0,ASK
392,1712602921.7752948,16367178.12192458,6979.0,1.0690356467114328e-10,7455.0,BID
393,1712602932.0008235,16367590.87490468,6970.0,-3.580775980826421e-09,7455.0,ASK
394,1712602932.3159032,16368044.81807448,6970.0,-3.9381152346575315e-09,7455.0,ASK
395,1712602932.3206508,16369189.62788478,6970.0,-9.931624164994676e-09,7455.0,ASK
396,1712602933.0159948,16369193.6107996,6975.0,3.455317444056004e-11,7455.0,BID
397,1712602933.0207574,16369210.26064047,6976.0,1.4444317339770147e-10,7455.0,BID
398,1712602933.0614524,16369211.12073221,6976.0,7.461595659718231e-12,7455.0,BID
399,1712602933.1608632,16369257.14300551,6970.0,-3.9925926343770735e-10,7455.0,ASK
400,1712602936.2657566,16369268.00526936,6970.0,-9.423392528503144e-11,7455.0,ASK
401,1712602939.3155973,16369340.10041193,6978.0,6.254504928933504e-10,7455.0,BID
402,1712602950.1081555,16369340.10041193,6978.0,0.0,7455.0,BID
403,1712602953.01491,16369340.96050367,6971.0,-7.460614731309381e-12,7455.0,ASK
404,1712602958.619841,16369830.59401507,6978.0,4.2471829655809555e-09,7455.0,BID
405,1712602958.6247938,16369860.50362957,6978.0,2.594422200694001e-10,7455.0,BID
406,1712602958.7959597,16369860.50362958,6978.0,8.078485810865331e-20,7455.0,BID
407,1712602958.8008175,16370092.26568068,6979.0,2.0103522585401767e-09,7455.0,BID
408,1712602968.2960453,16370093.1254027,6979.0,7.457407701698241e-12,7455.0,BID
409,1712602973.0164804,16370096.95739326,6978.0,-3.323948351975197e-11,7455.0,ASK
410,1712602980.1579874,16370096.95739326,6978.0,-0.0,7455.0,ASK
411,1712602990.833784,16370097.6759819,6972.0,-6.232901835125722e-12,7455.0,ASK
412,1712602990.8381708,16370097.81711528,6972.0,-1.224164232445747e-12,7455.0,ASK
413,1712602991.4288795,16370113.61711528,6972.0,-1.3704620924443715e-10,7455.0,ASK
414,1712602991.876895,16370128.29811528,6972.0,-1.2734021506591874e-10,7455.0,ASK
415,1712602993.816289,16370128.30333416,6972.0,-4.52675794276993e-14,7455.0,ASK
416,1712602994.7939336,16370161.19257537,6971.0,-2.8527505273596403e-10,7455.0,ASK
417,1712602994.7984912,16370166.92511528,6971.0,-4.9722966070952655e-11,7455.0,ASK
418,1712603002.7371018,16370168.03652128,6977.0,9.6401252713712e-12,7455.0,BID
419,1712603002.7421725,16370214.6944061,6978.0,4.0470166115944077e-10,7455.0,BID
420,1712603003.4364996,16370215.55425132,6978.0,7.458134689188173e-12,7455.0,BID
421,1712603010.162695,16370215.55425132,6978.0,0.0,7455.0,BID
422,1712603012.843135,16370233.71925132,6971.0,-1.5755864122533435e-10,7455.0,ASK
423,1712603017.6776369,16370349.88722568,6971.0,-1.0076117916326563e-09,7455.0,ASK
424,1712603017.6831448,16370368.42330371,6971.0,-1.6077727873579334e-10,7455.0,ASK
425,1712603017.686909,16370373.71525132,6971.0,-4.590102255553942e-11,7455.0,ASK
426,1712603019.2887154,16370458.68025132,6971.0,-7.369650400572215e-10,7455.0,ASK
427,1712603020.7665749,16370479.78025132,6971.0,-1.8301609303382816e-10,7455.0,ASK
428,1712603021.2268293,16370496.94725132,6971.0,-1.4890224023997947e-10,7455.0,ASK
429,1712603021.346743,16370507.72026718,6978.0,9.344243000043388e-11,7455.0,BID
430,1712603021.3562834,16370542.74934361,6978.0,3.0383339861362515e-10,7455.0,BID
431,1712603022.196743,16370557.13162463,6971.0,-1.2474828821295615e-10,7455.0,ASK
432,1712603024.8265314,16370626.64262463,6971.0,-6.02920930952044e-10,7455.0,ASK
433,1712603024.906549,16370627.50246985,6971.0,-7.458081183498078e-12,7455.0,ASK
434,1712603026.756793,16370667.28946985,6972.0,-3.451024309673866e-10,7455.0,ASK
435,1712603028.202619,16370715.69464705,6972.0,-4.1985433241467024e-10,7455.0,ASK
436,1712603029.7070804,16370733.23664705,6972.0,-1.5215489593807384e-10,7455.0,ASK
437,1712603031.266829,16370812.79564705,6972.0,-6.900747557184813e-10,7455.0,ASK
438,1712603031.9794087,16370826.29564705,6972.0,-1.1709560454977728e-10,7455.0,ASK
439,1712603032.0971272,16370845.63302549,6972.0,-1.6772755695476832e-10,7455.0,ASK
440,1712603034.62828,16370900.34605259,6979.0,4.745670359363798e-10,7455.0,BID
441,1712603034.6329176,16371168.44143093,6979.0,2.325391881751149e-09,7455.0,BID
442,1712603034.6365051,16371243.30072211,6979.0,6.493106634655695e-10,7455.0,BID
443,1712603034.6399376,16371353.3006869,6978.0,9.54112027969504e-10,7455.0,BID
444,1712603034.726887,16371423.2806869,6979.0,-6.069889189959825e-10,7455.0,ASK
445,1712603034.827412,16371444.4327419,6979.0,-1.8346760502214256e-10,7455.0,ASK
446,1712603036.8165584,16371478.4327419,6979.0,-2.9490744849573554e-10,7455.0,ASK
447,1712603037.056468,16371621.6907419,6979.0,-1.2425838604835143e-09,7455.0,ASK
448,1712603037.1167374,16371703.22887293,6979.0,-7.07241240507346e-10,7455.0,ASK
449,1712603038.556635,16371704.08847178,6980.0,7.455944214095396e-12,7455.0,BID
450,1712603040.1098015,16371704.08847178,6980.0,0.0,7455.0,BID
451,1712603055.67957,16371704.94807063,6972.0,-7.455272755673849e-12,7455.0,ASK
452,1712603062.276902,16371705.80766948,6980.0,7.455272739519191e-12,7455.0,BID
453,1712603070.1513808,16371705.80766948,6980.0,0.0,7455.0,BID
454,1712603070.308948,16372588.53088681,6980.0,7.655828834670555e-09,7455.0,BID
455,1712603070.3158514,16372632.11959656,6980.0,3.780434165691031e-10,7455.0,BID
456,1712603070.3225205,16373105.63803556,6980.0,4.106809527463891e-09,7455.0,BID
457,1712603070.3931696,16373105.63803575,6983.0,1.6477752035420168e-18,7455.0,BID
458,1712603070.3957412,16373180.49732675,6983.0,6.492521181395496e-10,7455.0,BID
459,1712603087.299662,16373193.67332675,6980.0,-1.1427500572980574e-10,7455.0,ASK
460,1712603087.3772483,16373343.93157775,6983.0,-1.3031847673983586e-09,7455.0,ASK
461,1712603087.3978837,16373343.93157869,6983.0,-8.158102723418809e-18,7455.0,ASK
462,1712603087.404081,16373385.50966474,6980.0,-3.6060534471523827e-10,7455.0,ASK
463,1712603087.5024846,16373405.86701037,6980.0,-1.7655857533555235e-10,7455.0,ASK
464,1712603088.8479376,16373522.14601037,6980.0,-1.0084838640205935e-09,7455.0,ASK
465,1712603092.27772,16373525.55901037,6980.0,-2.960083442960113e-11,7455.0,ASK
466,1712603093.7677512,16373526.27507566,6984.0,6.210410220176215e-12,7455.0,BID
467,1712603094.6674404,16373567.45907566,6980.0,-3.5718744963250056e-10,7455.0,ASK
468,1712603096.637322,16373573.52607566,6980.0,-5.2618887355098354e-11,7455.0,ASK
469,1712603097.137458,16373574.38567451,6980.0,-7.45527198020654e-12,7455.0,ASK
470,1712603098.2881546,16373613.13779012,6980.0,-3.3609579793528384e-10,7455.0,ASK
471,1712603098.2932754,16373718.40940888,6980.0,-9.130172159975627e-10,7455.0,ASK
472,1712603098.2997608,16373753.99425218,6981.0,-3.086261515124775e-10,7455.0,ASK
473,1712603099.7478206,16373754.8533587,6984.0,7.451002013086442e-12,7455.0,BID
474,1712603100.1600456,16373754.8533587,6984.0,0.0,7455.0,BID
475,1712603127.947991,16373755.71246522,6981.0,-7.450175185209969e-12,7455.0,ASK
476,1712603130.1576376,16373755.71246522,6981.0,-0.0,7455.0,ASK
477,1712603139.818468,16373756.5283556,6981.0,-7.075404301324459e-12,7455.0,ASK
478,1712603141.5378091,16373757.38783131,6981.0,7.453376424872423e-12,7455.0,BID
479,1712603143.4279764,16373760.94359535,6980.0,-3.083559846440069e-11,7455.0,ASK
480,1712603143.507973,16373766.58502905,6975.0,-4.8922533219087935e-11,7455.0,ASK
481,1712603143.5137131,16373787.74359535,6975.0,-1.8348716258118127e-10,7455.0,ASK
482,1712603145.023197,16373837.74359535,6975.0,-4.336001787197911e-10,7455.0,ASK
483,1712603160.1010633,16373837.74359535,6975.0,-0.0,7455.0,ASK
484,1712603160.201756,16373838.37611678,6975.0,-5.485200884118264e-12,7455.0,ASK
485,1712603160.2064886,16373838.60307106,6975.0,-1.9681385567116588e-12,7455.0,ASK
486,1712603161.248443,16373850.83095057,6975.0,-1.0603968863511374e-10,7455.0,ASK
487,1712603166.528499,16373851.6899341,6985.0,7.449071277316303e-12,7455.0,BID
488,1712603188.7185645,16373852.83540947,6984.0,9.93351721916677e-12,7455.0,BID
489,1712603190.104522,16373852.83540947,6984.0,0.0,7455.0,BID
490,1712603199.0998628,16373853.694393,6976.0,-7.449064476161637e-12,7455.0,ASK
491,1712603201.553027,16373877.64671279,6974.0,-2.077133824937208e-10,7455.0,ASK
492,1712603201.555642,16375597.17345161,6975.0,-1.4911654417821498e-08,7455.0,ASK
493,1712603201.5582132,16375625.40771458,6974.0,-2.4484619089409293e-10,7455.0,ASK
494,1712603201.5607443,16375669.01018769,6975.0,-3.781185811766093e-10,7455.0,ASK
495,1712603201.563298,16375747.55459306,6976.0,-6.811333623972779e-10,7455.0,ASK
496,1712603205.9285965,16375969.23843147,6974.0,1.922431744596157e-09,7455.0,BID
497,1712603212.558776,16375970.09876986,6974.0,7.460813759126527e-12,7455.0,BID
498,1712603212.7628582,16375973.6545339,6974.0,3.083541730315974e-11,7455.0,BID
499,1712603220.1604905,16375973.6545339,6974.0,0.0,7455.0,BID
500,1712603221.8895702,16375984.01735403,6974.0,8.985435871971659e-11,7455.0,BID
501,1712603222.5102303,16376139.51754105,6984.0,1.3483172930223392e-09,7455.0,BID
502,1712603222.5391092,16376567.25573736,6984.0,3.7088496034640702e-09,7455.0,BID
503,1712603222.5449488,16376589.05009224,6984.0,1.889753712730716e-10,7455.0,BID
504,1712603222.5501225,16376694.87535182,6984.0,9.17593928747948e-10,7455.0,BID
505,1712603222.6225786,16376711.74905529,6985.0,1.463091885767824e-10,7455.0,BID
506,1712603222.626467,16376715.18988493,6985.0,2.9834884415153617e-11,7455.0,BID
507,1712603222.6297455,16376727.78963382,6985.0,1.0925041082098342e-10,7455.0,BID
508,1712603228.399008,16376728.64997221,6981.0,-7.459856808806655e-12,7455.0,ASK
509,1712603232.179349,16376766.24522627,6987.0,3.2598244513842317e-10,7455.0,BID
510,1712603232.184155,16376766.24522643,6985.0,1.3889600865997434e-18,7455.0,BID
511,1712603232.1878898,16376912.83747628,6986.0,1.271077992138867e-09,7455.0,BID
512,1712603236.1573691,16377149.83747628,6980.0,-2.0549891583323672e-09,7455.0,ASK
513,1712603236.1608088,16377199.61694288,6980.0,-4.3162980663630935e-10,7455.0,ASK
514,1712603238.4388924,16377250.03642573,6988.0,4.3717928533555264e-10,7455.0,BID
515,1712603238.4500358,16377731.85578699,6988.0,4.1777787496382136e-09,7455.0,BID
516,1712603238.4649231,16377732.73180597,6989.0,7.595820706573119e-12,7455.0,BID
517,1712603238.4676533,16377751.526952,6990.0,1.6296971021003406e-10,7455.0,BID
518,1712603238.499247,16377919.90261518,6990.0,1.4599584909777447e-09,7455.0,BID
519,1712603238.50827,16377953.526952,6990.0,2.9155125578655126e-10,7455.0,BID
520,1712603238.538572,16378291.526952,6990.0,2.930744031714515e-09,7455.0,BID
521,1712603238.5585887,16378385.30875066,6990.0,8.131670020798863e-10,7455.0,BID
522,1712603238.568961,16378555.47996006,6990.0,1.4755273855627639e-09,7455.0,BID
523,1712603238.5742152,16378819.4543148,6990.0,2.288879481303627e-09,7455.0,BID
524,1712603238.6186814,16379573.27135157,6990.0,6.536227164258082e-09,7455.0,BID
525,1712603238.62877,16379704.93794157,6990.0,1.14165997874984e-09,7455.0,BID
526,1712603238.7487886,16379833.21922657,6990.0,1.112306539636825e-09,7455.0,BID
527,1712603238.7548456,16379956.62313557,6990.0,1.070015591097416e-09,7455.0,BID
528,1712603238.7888513,16380291.95104981,6990.0,2.9075748027387102e-09,7455.0,BID
529,1712603238.7952726,16380321.42303883,6990.0,2.5554691100511424e-10,7455.0,BID
530,1712603238.816723,16380322.13906172,6990.0,6.208520152714985e-12,7455.0,BID
531,1712603238.819489,16380389.10479343,6990.0,5.806491672752989e-10,7455.0,BID
532,1712603239.3688092,16380444.82603883,6995.0,4.83150021886185e-10,7455.0,BID
533,1712603239.768983,16380466.26992732,6990.0,-1.859365331548768e-10,7455.0,ASK
534,1712603240.108858,16380494.86177864,6985.0,-2.4791537755060287e-10,7455.0,ASK
535,1712603250.173047,16380494.86177864,6985.0,-0.0,7455.0,ASK
536,1712603273.7797763,16380495.57671788,6995.0,6.197426228375412e-12,7455.0,BID
537,1712603276.6289592,16380524.20950241,6995.0,2.4820230842270216e-10,7455.0,BID
538,1712603280.1065538,16380524.20950241,6995.0,0.0,7455.0,BID
539,1712603288.1792266,16380525.63991293,6995.0,1.2399442349152243e-11,7455.0,BID
540,1712603292.3091776,16380527.50531129,6991.0,-1.6170112787227864e-11,7455.0,ASK
541,1712603295.8693511,16380536.00273306,6991.0,7.365947742207091e-11,7455.0,BID
542,1712603302.3695374,16380583.65577094,6995.0,4.1307798567250296e-10,7455.0,BID
543,1712603310.1122868,16380583.65577094,6995.0,0.0,7455.0,BID
544,1712603313.8696852,16380584.37163124,6995.0,6.205376991948116e-12,7455.0,BID
545,1712603313.875876,16380748.66295561,6995.0,1.424146030381931e-09,7455.0,BID
546,1712603313.9492197,16380749.52058854,6996.0,7.434321542544581e-12,7455.0,BID
547,1712603316.6993833,16380766.40544891,6995.0,-1.4636504369414942e-10,7455.0,ASK
548,1712603316.7045524,16380827.02349654,6995.0,-5.25462633122011e-10,7455.0,ASK
549,1712603318.3392491,16380842.21684988,6996.0,1.3170235208960244e-10,7455.0,BID
550,1712603319.9121237,16380842.21685012,6995.0,-2.082858318934932e-18,7455.0,ASK
551,1712603319.9186158,16381322.99933188,6995.0,-4.167623978336071e-09,7455.0,ASK
552,1712603319.9695096,16381435.7394691,6996.0,9.77278742513224e-10,7455.0,BID
553,1712603320.9697096,16381442.78627438,6996.0,6.108466045872248e-11,7455.0,BID
554,1712603320.9762945,16381464.59038336,6996.0,1.8900715159802795e-10,7455.0,BID
555,1712603320.9833813,16381482.12433115,6996.0,1.5199160538711228e-10,7455.0,BID
556,1712603321.169312,16381486.16805227,6997.0,3.505266879799993e-11,7455.0,BID
557,1712603321.1791816,16381493.4151292,6996.0,6.282069903578049e-11,7455.0,BID
558,1712603329.899475,16381505.72037505,6996.0,-1.0666702637968328e-10,7455.0,ASK
559,1712603329.9093149,16381519.3955852,6995.0,-1.1854245088369984e-10,7455.0,ASK
560,1712603331.4496706,16381519.39558638,6995.0,-1.0236683520967026e-17,7455.0,ASK
561,1712603331.4568608,16381520.25321813,6991.0,-7.434311305861059e-12,7455.0,ASK
562,1712603335.1593652,16381955.4877293,6991.0,-3.772795086697817e-09,7455.0,ASK
563,1712603337.889437,16381956.34548483,6995.0,7.435384300819084e-12,7455.0,BID
564,1712603340.1699102,16381956.34548483,6995.0,0.0,7455.0,BID
565,1712603341.7726307,16382269.68645551,6995.0,2.715944787511006e-09,7455.0,BID
566,1712603342.3496974,16382276.83441834,6995.0,6.195638044036757e-11,7455.0,BID
567,1712603343.7696176,16382285.1398079,6995.0,7.198860537398348e-11,7455.0,BID
568,1712603349.0094805,16382317.59384649,6995.0,2.81301793223519e-10,7455.0,BID
569,1712603353.0096085,16382325.06827107,6995.0,6.478605218442218e-11,7455.0,BID
570,1712603357.700223,16382439.42756739,6992.0,-9.912318011576763e-10,7455.0,ASK
571,1712603357.705301,16382596.71786665,6991.0,-1.363344753390006e-09,7455.0,ASK
572,1712603357.7102995,16382818.15304067,6992.0,-1.919333132037789e-09,7455.0,ASK
573,1712603357.714271,16383337.35802017,6991.0,-4.500311767916927e-09,7455.0,ASK
574,1712603366.090125,16383338.2157757,6991.0,-7.434765575994647e-12,7455.0,ASK
575,1712603368.1195793,16383539.36259868,6991.0,-1.743479839901793e-09,7455.0,ASK
576,1712603369.7001257,16383563.94957636,6991.0,-2.1311248804698287e-10,7455.0,ASK
577,1712603369.7070084,16383850.03168192,6991.0,-2.479673187039684e-09,7455.0,ASK
578,1712603370.163523,16383850.03168192,6991.0,-0.0,7455.0,ASK
579,1712603373.6615174,16383850.88992823,6991.0,7.438165857388188e-12,7455.0,BID
580,1712603374.0993557,16383860.63159608,6991.0,8.442814187252295e-11,7455.0,BID
581,1712603378.069865,16383968.16052208,6991.0,9.319212643634758e-10,7455.0,BID
582,1712603381.7200909,16383968.1605224,6991.0,2.7765946725393097e-18,7455.0,BID
583,1712603389.8308291,16384027.37790435,6995.0,5.13219461148299e-10,7455.0,BID
584,1712603389.8385832,16384066.8883916,6995.0,3.4242565795322887e-10,7455.0,BID
585,1712603390.2499592,16384168.65491693,6995.0,8.81980249237277e-10,7455.0,BID
586,1712603390.8398,16384225.01491693,6995.0,4.884553804685665e-10,7455.0,BID
587,1712603396.5996442,16384240.01391693,6995.0,1.2999187812993818e-10,7455.0,BID
588,1712603398.659931,16384247.80665884,6995.0,6.753737960029762e-11,7455.0,BID
589,1712603400.1328957,16384247.80665884,6995.0,0.0,7455.0,BID
590,1712603400.576431,16384287.19682055,6994.0,-3.4139724181149456e-10,7455.0,ASK
591,1712603400.578941,16384516.40407864,6995.0,-1.9865550766612536e-09,7455.0,ASK
592,1712603402.7000675,16384912.65693137,6994.0,-3.4343507391149e-09,7455.0,ASK
593,1712603402.8596811,16384913.51517768,6991.0,-7.438479818356106e-12,7455.0,ASK
594,1712603402.9197006,16384922.27711648,6994.0,7.594032644476017e-11,7455.0,BID
595,1712603411.6910625,16384933.71283975,6994.0,9.911420043591956e-11,7455.0,BID
596,1712603411.696847,16384935.44741375,6993.0,1.5033672201747373e-11,7455.0,BID
597,1712603411.7012222,16385063.01336248,6994.0,1.1056228549247455e-09,7455.0,BID
598,1712603411.7899666,16385063.01336313,6994.0,5.6341421105509074e-18,7455.0,BID
599,1712603411.9301972,16385096.10736313,6997.0,2.868279750639981e-10,7455.0,BID
600,1712603413.9039805,16385131.77447325,6997.0,3.09129297506046e-10,7455.0,BID
601,1712603413.9070823,16385259.52048313,6997.0,1.1071834573040155e-09,7455.0,BID
602,1712603413.9396544,16385286.89338953,6997.0,2.372428631829585e-10,7455.0,BID
603,1712603414.899939,16385340.2307778,6997.0,4.6227881405506524e-10,7455.0,BID
604,1712603417.4901664,16385341.08828816,6997.0,7.432101291452667e-12,7455.0,BID
605,1712603418.669986,16385735.06551706,6997.0,3.414627750803834e-09,7455.0,BID
606,1712603423.4899378,16385890.06551706,6997.0,1.343395664901163e-09,7455.0,BID
607,1712603425.800937,16386835.07081296,6997.0,8.190425921413176e-09,7455.0,BID
608,1712603425.807836,16386843.0758197,6997.0,6.937994420545527e-11,7455.0,BID
609,1712603425.813886,16386844.6694807,6996.0,1.3812369548394402e-11,7455.0,BID
610,1712603425.816714,16386850.27298542,6997.0,4.8565960955119256e-11,7455.0,BID
611,1712603430.0702078,16386886.67540104,6998.0,3.1550224087779e-10,7455.0,BID
612,1712603430.0858157,16386887.39060442,6998.0,6.198716906449751e-12,7455.0,BID
613,1712603430.1140175,16386887.39060442,6998.0,0.0,7455.0,BID
614,1712603431.1015656,16386905.59181223,6999.0,1.5772587569216924e-10,7455.0,BID
615,1712603431.109039,16388407.54955899,7000.0,1.3015487945633577e-08,7455.0,BID
616,1712603431.114839,16388407.54955996,6998.0,8.409508001061881e-18,7455.0,BID
617,1712603431.1178503,16388441.00234031,7000.0,2.89891150614724e-10,7455.0,BID
618,1712603431.3399734,16388441.85985067,7000.0,-7.430911939680063e-12,7455.0,ASK
619,1712603431.4470346,16388446.41015262,7001.0,3.9431468902865946e-11,7455.0,BID
620,1712603431.4608865,16388447.83842536,7005.0,1.2376957129835816e-11,7455.0,BID
621,1712603431.466201,16388474.75707842,7003.0,2.332684825308093e-10,7455.0,BID
622,1712603431.470555,16388481.15696129,7002.0,5.5459348656793956e-11,7455.0,BID
623,1712603431.4739988,16388495.7108704,7002.0,1.261195456334016e-10,7455.0,BID
624,1712603431.4770696,16388537.43763132,7003.0,3.615908336557901e-10,7455.0,BID
625,1712603433.1312556,16388551.71424449,7008.0,1.2371658724969128e-10,7455.0,BID
626,1712603433.138366,16388552.42785751,7008.0,6.1839433785890784e-12,7455.0,BID
627,1712603433.145237,16388608.01369468,7008.0,4.816891787916399e-10,7455.0,BID
628,1712603433.1482854,16388608.75315884,7009.0,6.407961130857864e-12,7455.0,BID
629,1712603433.1518824,16388616.08825628,7016.0,6.356362057137968e-11,7455.0,BID
630,1712603433.589926,16388637.46795981,7001.0,-1.8526970826289804e-10,7455.0,ASK
631,1712603434.5508904,16388744.91659725,7020.0,9.311157044219031e-10,7455.0,BID
632,1712603434.557841,16388745.6297634,7018.0,6.180070937353856e-12,7455.0,BID
633,1712603434.5626662,16388749.79921712,7020.0,3.6131159311792406e-11,7455.0,BID
634,1712603441.6004524,16388779.05161841,7019.0,-2.534920021541151e-10,7455.0,ASK
635,1712603442.3800776,16388835.68347828,7026.0,4.907536787073186e-10,7455.0,BID
636,1712603442.3842046,16388837.68347828,7022.0,1.7331363646838345e-11,7455.0,BID
637,1712603443.0800655,16388866.51854171,7019.0,-2.498754850385846e-10,7455.0,ASK
638,1712603443.400066,16388947.65637771,7019.0,-7.031146706163392e-10,7455.0,ASK
639,1712603443.52007,16388976.14640571,7022.0,-2.4688551778401717e-10,7455.0,ASK
640,1712603446.23027,16388977.00013365,7028.0,7.398134695875793e-12,7455.0,BID
641,1712603446.8507917,16389019.68653,7009.0,-3.69906728950715e-10,7455.0,ASK
642,1712603446.8601036,16389019.68653049,7022.0,-4.245106726063867e-18,7455.0,ASK
643,1712603446.865971,16389019.68653092,7019.0,-3.728591839242408e-18,7455.0,ASK
644,1712603448.9700532,16389021.9616819,7022.0,1.971573449985625e-11,7455.0,BID
645,1712603449.0201397,16389086.0821279,7022.0,-5.556473834138814e-10,7455.0,ASK
646,1712603450.2600963,16389086.08212833,7022.0,-3.712450749029237e-18,7455.0,ASK
647,1712603451.9914126,16389104.47712833,7019.0,-1.5940521715406287e-10,7455.0,ASK
648,1712603452.049944,16389104.47728502,7019.0,-1.3578207909123369e-15,7455.0,ASK
649,1712603452.450357,16389130.40713381,7019.0,2.2469981934497303e-10,7455.0,BID
650,1712603452.8000853,16389529.84268857,7020.0,3.461381426507419e-09,7455.0,BID
651,1712603453.8200512,16389530.55427081,7028.0,6.166345280585636e-12,7455.0,BID
652,1712603458.4501762,16389551.46064641,7022.0,1.811679990307112e-10,7455.0,BID
653,1712603459.960888,16389968.28491045,7020.0,-3.6120664484533795e-09,7455.0,ASK
654,1712603459.9675057,16390067.01824815,7020.0,-8.555916898755771e-10,7455.0,ASK
655,1712603459.9729974,16390326.18908985,7021.0,-2.245892052075311e-09,7455.0,ASK
656,1712603459.9782565,16390459.75847614,7022.0,-1.1574698029418547e-09,7455.0,ASK
657,1712603460.160184,16390459.75847614,7022.0,-0.0,7455.0,ASK
658,1712603462.8903306,16390460.61220408,7019.0,-7.396529448697987e-12,7455.0,ASK
659,1712603467.2005374,16392548.34163117,7013.0,-1.808767343362697e-08,7455.0,ASK
660,1712603467.2101135,16392565.35068803,7019.0,-1.4736309307252067e-10,7455.0,ASK
661,1712603468.670225,16392666.26863674,7020.0,8.74333079853393e-10,7455.0,BID
662,1712603470.0905485,16392866.26863674,7020.0,1.732760308776159e-09,7455.0,BID
663,1712603471.42038,16393060.2118476,7020.0,1.680285489664118e-09,7455.0,BID
664,1712603479.231197,16393060.35485567,7028.0,1.2389935382301729e-12,7455.0,BID
665,1712603479.238617,16393061.06547443,7029.0,6.156659913782774e-12,7455.0,BID
666,1712603490.1635602,16393061.06547443,7029.0,0.0,7455.0,BID
667,1712603492.390516,16393062.2109498,7019.0,-9.922602676471802e-12,7455.0,ASK
668,1712603492.840394,16393085.57832594,7020.0,2.0241831027668884e-10,7455.0,BID
669,1712603494.180591,16393086.43195277,7019.0,-7.394484498671733e-12,7455.0,ASK
670,1712603494.5406723,16393151.40006457,7020.0,5.627818602304473e-10,7455.0,BID
671,1712603497.720542,16393161.19958804,7025.0,-8.488770713030555e-11,7455.0,ASK
672,1712603499.0804317,16393242.06521583,7025.0,-7.00493013809045e-10,7455.0,ASK
673,1712603501.2107337,16393308.21425599,7026.0,-5.730115720260254e-10,7455.0,ASK
674,1712603510.5105133,16393309.06786247,7029.0,7.394308207255061e-12,7455.0,BID
675,1712603512.1205332,16393337.4929585,7029.0,2.4623046564601445e-10,7455.0,BID
676,1712603520.1128469,16393337.4929585,7029.0,0.0,7455.0,BID
677,1712603520.537501,16393520.91645413,7029.0,1.5888668616321959e-09,7455.0,BID
678,1712603522.6407964,16394303.88712661,7029.0,-6.7823162504206295e-09,7455.0,ASK
679,1712603522.647684,16394335.32738422,7029.0,-2.72344517625044e-10,7455.0,ASK
680,1712603527.2215588,16394469.17834406,7026.0,-1.1594553563268287e-09,7455.0,ASK
681,1712603527.2288556,16394661.52037495,7026.0,-1.666121768796199e-09,7455.0,ASK
682,1712603527.2327523,16394683.58719522,7026.0,-1.9114911831214103e-10,7455.0,ASK
683,1712603529.3508065,16394683.58719563,7026.0,-3.5496484860256135e-18,7455.0,ASK
684,1712603529.358285,16394684.4408017,7026.0,-7.39418030903166e-12,7455.0,ASK
685,1712603529.7514002,16394698.66757649,7029.0,1.2323639854821595e-10,7455.0,BID
686,1712603530.990758,16394912.15608049,7029.0,1.8492985763732623e-09,7455.0,BID
687,1712603531.270631,16394947.0487406,7026.0,-3.022502170236328e-10,7455.0,ASK
688,1712603532.700518,16395003.0947406,7026.0,-4.854865066250934e-10,7455.0,ASK
689,1712603533.3604624,16395039.96580537,7026.0,-3.1938772492551923e-10,7455.0,ASK
690,1712603537.3042123,16395152.86586737,7025.0,-9.779726777688503e-10,7455.0,ASK
691,1712603537.7004845,16395153.57750984,7026.0,6.164450913960828e-12,7455.0,BID
692,1712603540.53063,16395200.71350984,7025.0,-4.083055343310718e-10,7455.0,ASK
693,1712603542.110628,16395296.96950984,7025.0,-8.337970449488563e-10,7455.0,ASK
694,1712603542.3507204,16395297.8234808,7026.0,7.397341077391275e-12,7455.0,BID
695,1712603545.5607145,16395307.4364808,7025.0,-8.3270559685418e-11,7455.0,ASK
696,1712603545.684062,16395332.87323002,7025.0,-2.203404082119224e-10,7455.0,ASK
697,1712603546.3709445,16395692.55823922,7025.0,-3.115694583051513e-09,7455.0,ASK
698,1712603546.470642,16396592.55823922,7025.0,-7.796057808976323e-09,7455.0,ASK
699,1712603549.6408062,16396615.45131352,7025.0,-1.9830636741009192e-10,7455.0,ASK
700,1712603550.1209252,16396615.45131352,7025.0,-0.0,7455.0,ASK
701,1712603552.5307603,16396823.20580583,7025.0,-1.7992699364562243e-09,7455.0,ASK
702,1712603553.3510046,16396874.715223,7025.0,-4.4610032122696865e-10,7455.0,ASK
703,1712603554.6530485,16398073.02188859,7025.0,-1.0378004990744994e-08,7455.0,ASK
704,1712603555.640705,16400177.76037255,7025.0,-1.8228210789424847e-08,7455.0,ASK
705,1712603555.7007024,16400314.84056634,7025.0,-1.187191038948611e-09,7455.0,ASK
706,1712603555.8015442,16400447.63700407,7025.0,-1.150091318926015e-09,7455.0,ASK
707,1712603555.8205466,16400469.77402701,7025.0,-1.9171898242176808e-10,7455.0,ASK
708,1712603555.9212954,16400499.74030213,7025.0,-2.595246790168424e-10,7455.0,ASK
709,1712603555.980724,16400757.03340023,7025.0,-2.2283019304131047e-09,7455.0,ASK
710,1712603556.0006497,16400793.95345205,7025.0,-3.197482689991059e-10,7455.0,ASK
711,1712603556.0439026,16401131.95345205,7025.0,-2.9272687765152526e-09,7455.0,ASK
712,1712603556.1005309,16401297.78689419,7025.0,-1.436210228621607e-09,7455.0,ASK
713,1712603556.1037922,16401325.47693306,7025.0,-2.398112017977241e-10,7455.0,ASK
714,1712603556.6008008,16401356.54380593,7025.0,-2.6905647023055766e-10,7455.0,ASK
715,1712603556.720551,16401380.16888264,7025.0,-2.046063591537161e-10,7455.0,ASK
716,1712603557.3011642,16401397.24991964,7025.0,-1.4793132035526543e-10,7455.0,ASK
717,1712603557.5006082,16401815.66135658,7025.0,-3.623676731036115e-09,7455.0,ASK
718,1712603557.511472,16401849.56135658,7025.0,-2.9359293350579155e-10,7455.0,ASK
719,1712603557.5205376,16402187.56135658,7025.0,-2.9272687765152526e-09,7455.0,ASK
720,1712603557.5353134,16402217.5471765,7025.0,-2.5969394790725526e-10,7455.0,ASK
721,1712603557.5427892,16402245.75837314,7025.0,-2.4432471913737834e-10,7455.0,ASK
722,1712603557.5462644,16402275.85831167,7025.0,-2.6068227880262597e-10,7455.0,ASK
723,1712603557.5519066,16402469.80152253,7025.0,-1.679656525354091e-09,7455.0,ASK
724,1712603557.5554552,16402499.84031325,7025.0,-2.6015270460861916e-10,7455.0,ASK
725,1712603557.6005657,16402528.1295682,7025.0,-2.4500074771321537e-10,7455.0,ASK
726,1712603557.6104014,16403049.48822757,7025.0,-4.515257174376552e-09,7455.0,ASK
727,1712603557.6710265,16405710.24963964,7025.0,-2.3043679891440265e-08,7455.0,ASK
728,1712603557.678816,16405854.1644438,7025.0,-1.246382581945612e-09,7455.0,ASK
729,1712603557.9905183,16405855.1644438,7024.0,8.660558510400156e-12,7455.0,BID
730,1712603561.4405842,16405856.55791076,7025.0,1.2068202144921466e-11,7455.0,BID
731,1712603563.3308036,16405857.41188172,7023.0,-7.39586546337979e-12,7455.0,ASK
732,1712603564.290932,16406237.06749933,7023.0,-3.288029690110222e-09,7455.0,ASK
733,1712603567.2606788,16406237.92159185,7025.0,7.396918240419618e-12,7455.0,BID
734,1712603580.1352897,16406237.92159185,7025.0,0.0,7455.0,BID
735,1712603589.4012766,16406948.27467657,7019.0,-6.148454972078862e-09,7455.0,ASK
736,1712603592.390792,16407121.28537306,7019.0,1.49749258493211e-09,7455.0,BID
737,1712603593.4911244,16407699.02266555,7013.0,-5.0006001310691994e-09,7455.0,ASK
738,1712603593.4992335,16407811.54630394,7015.0,-9.739473774615612e-10,7455.0,ASK
739,1712603598.470928,16407812.40039646,7013.0,-7.392590422928425e-12,7455.0,ASK
740,1712603602.6809397,16407859.91757393,7015.0,4.112845180219544e-10,7455.0,BID
741,1712603608.1409638,16408024.91757393,7013.0,-1.428156070853042e-09,7455.0,ASK
742,1712603610.1086662,16408024.91757393,7013.0,-0.0,7455.0,ASK
743,1712603617.7036192,16408039.26477622,7003.0,-1.24168610247419e-10,7455.0,ASK
744,1712603617.7107134,16408217.32703555,7003.0,-1.5410491071210311e-09,7455.0,ASK
745,1712603617.717646,16408227.32703555,7003.0,-8.654552137685189e-11,7455.0,ASK
746,1712603617.7221105,16408245.04151811,7003.0,-1.53310912914159e-10,7455.0,ASK
747,1712603617.7263978,16408271.89692233,7003.0,-2.3242149598899343e-10,7455.0,ASK
748,1712603628.8985689,16408272.75259727,7005.0,-7.405483390597732e-12,7455.0,ASK
749,1712603628.9025242,16409238.29109044,7003.0,-8.356303230077188e-09,7455.0,ASK
750,1712603633.8108933,16409239.00399136,7015.0,6.169838179756759e-12,7455.0,BID
751,1712603640.165247,16409239.00399136,7015.0,0.0,7455.0,BID
752,1712603668.3112764,16409239.8593014,7015.0,7.401780548882726e-12,7455.0,BID
753,1712603668.5314722,16409321.21437378,7015.0,7.040398971438997e-10,7455.0,BID
754,1712603668.5362258,16409434.48929011,7015.0,9.80271519749209e-10,7455.0,BID
755,1712603670.1660986,16409434.48929011,7015.0,0.0,7455.0,BID
756,1712603694.3470438,16409435.34460015,7015.0,-7.401692710270919e-12,7455.0,ASK
757,1712603700.1471772,16409435.34460015,7015.0,-0.0,7455.0,ASK
758,1712603700.9613316,16409436.19954457,7018.0,7.398553900739579e-12,7455.0,BID
759,1712603709.8316803,16409436.98034815,7018.0,6.756950793701539e-12,7455.0,BID
760,1712603709.8411665,16409449.02371099,7018.0,1.0422135887796278e-10,7455.0,BID
761,1712603710.601931,16409465.61313268,7018.0,1.435622337635479e-10,7455.0,BID
762,1712603710.609104,16409486.41435448,7018.0,1.8001048635988508e-10,7455.0,BID
763,1712603726.8818655,16409539.68012631,7015.0,-4.6095357209994525e-10,7455.0,ASK
764,1712603726.889726,16409549.83609993,7018.0,-8.788819081952129e-11,7455.0,ASK
765,1712603726.8940363,16409629.93019401,7015.0,-6.9312163331877e-10,7455.0,ASK
766,1712603730.109571,16409629.93019401,7015.0,-0.0,7455.0,ASK
767,1712603731.8116472,16409630.78513843,7015.0,-7.398466509606538e-12,7455.0,ASK
768,1712603733.5016365,16409647.04164376,7015.0,-1.4067956616805536e-10,7455.0,ASK
769,1712603735.4913323,16409661.17791743,7015.0,-1.2233163321353855e-10,7455.0,ASK
770,1712603745.6816564,16409662.03274005,7019.0,7.397412482125146e-12,7455.0,BID
771,1712603754.2323225,16409729.64660372,7019.0,5.85112778875372e-10,7455.0,BID
772,1712603759.7520812,16409730.50142634,7018.0,-7.3974124660063e-12,7455.0,ASK
773,1712603760.172752,16409730.50142634,7018.0,-0.0,7455.0,ASK
774,1712603760.195947,16409869.84434926,7019.0,1.205830024476363e-09,7455.0,BID
775,1712603763.5619533,16409870.41443402,7018.0,-4.933335010172942e-12,7455.0,ASK
776,1712603763.570494,16409958.48026877,7015.0,-7.62094159130329e-10,7455.0,ASK
777,1712603765.9317997,16410140.3862436,7015.0,1.5741573485328743e-09,7455.0,BID
778,1712603765.9717886,16410174.18624359,7015.0,2.9249461659432257e-10,7455.0,BID
779,1712603766.0120394,16410447.04520582,7015.0,2.3612360226784204e-09,7455.0,BID
780,1712603766.032684,16410686.10416806,7015.0,2.0687414060679795e-09,7455.0,BID
781,1712603767.8217535,16410686.95850381,7023.0,7.393154086424481e-12,7455.0,BID
782,1712603776.5132408,16410705.02128677,7023.0,1.563096679924785e-10,7455.0,BID
783,1712603776.5200117,16410728.11927081,7023.0,1.9988272153882108e-10,7455.0,BID
784,1712603776.9926736,16410728.11927155,7023.0,6.3991429154039924e-18,7455.0,BID
785,1712603777.5121584,16410766.75133443,7025.0,3.3430977585546635e-10,7455.0,BID
786,1712603777.5162218,16410782.16900642,7025.0,1.3341970588110187e-10,7455.0,BID
787,1712603777.5198362,16410899.04026799,7025.0,1.0113673033886862e-09,7455.0,BID
788,1712603778.3317046,16411559.98130574,7025.0,5.719576789578764e-09,7455.0,BID
789,1712603778.7415018,16411685.65832271,7025.0,1.087569553391578e-09,7455.0,BID
790,1712603779.3615148,16411799.19608236,7025.0,9.82520221528243e-10,7455.0,BID
791,1712603779.5016408,16411964.77198184,7025.0,1.432841989662198e-09,7455.0,BID
792,1712603779.5419705,16411998.57198183,7025.0,2.9249461661044127e-10,7455.0,BID
793,1712603779.5617423,16411999.57198183,7025.0,8.653686884159395e-12,7455.0,BID
794,1712603779.5672965,16412291.19304083,7025.0,2.523597333401113e-09,7455.0,BID
795,1712603779.581385,16412319.45609552,7026.0,2.4457962568799376e-10,7455.0,BID
796,1712603780.6819935,16412350.85948962,7030.0,2.717551396354168e-10,7455.0,BID
797,1712603780.685902,16412610.03033132,7030.0,2.24278331357122e-09,7455.0,BID
798,1712603784.5867343,16412712.43214785,7030.0,8.86153256621083e-10,7455.0,BID
799,1712603789.4719796,16412722.86383808,7035.0,9.027258093132083e-11,7455.0,BID
800,1712603790.1719415,16412722.86383808,7035.0,0.0,7455.0,BID
801,1712603794.0117204,16412751.83788524,7035.0,-2.506867440738559e-10,7455.0,ASK
802,1712603796.9018247,16412752.54922692,7036.0,6.154608932376693e-12,7455.0,BID
803,1712603802.5418615,16412796.43089162,7036.0,-3.79669142792641e-10,7455.0,ASK
804,1712603802.5484452,16412887.11089235,7036.0,-7.84573656908442e-10,7455.0,ASK
805,1712603804.4218986,16412887.9652281,7036.0,-7.391809857024658e-12,7455.0,ASK
806,1712603805.9516518,16412904.26312963,7036.0,-1.4101129356269592e-10,7455.0,ASK
807,1712603806.332156,16412905.11540235,7040.0,7.373960300200552e-12,7455.0,BID
808,1712603808.2020078,16412906.26312963,7040.0,9.930266664810928e-12,7455.0,BID
809,1712603808.2095733,16412982.80309043,7040.0,6.622324268019964e-10,7455.0,BID
810,1712603808.7618735,16412993.37856854,7045.0,9.150023672736048e-11,7455.0,BID
811,1712603808.7688675,16412996.99755458,7045.0,3.1311877912744955e-11,7455.0,BID
812,1712603813.6661592,16412998.46559617,7045.0,1.2701662429250372e-11,7455.0,BID
813,1712603813.6730344,16413022.91244846,7045.0,2.1151694031181222e-10,7455.0,BID
814,1712603813.6774104,16413405.29745892,7049.0,3.308438504512452e-09,7455.0,BID
815,1712603813.680599,16413419.92831372,7047.0,1.2658781606252013e-10,7455.0,BID
816,1712603813.6837835,16413420.63844426,7048.0,6.144130025132111e-12,7455.0,BID
817,1712603813.8216195,16413421.48999123,7046.0,7.367681029878224e-12,7455.0,BID
818,1712603813.9615357,16413501.49246588,7046.0,6.921904895433808e-10,7455.0,BID
819,1712603818.0125463,16413539.72912032,7051.0,3.3082787340572686e-10,7455.0,BID
820,1712603818.0195563,16413553.91150579,7051.0,1.2270760854529398e-10,7455.0,BID
821,1712603818.025614,16413592.68112813,7050.0,3.354391721503616e-10,7455.0,BID
822,1712603818.029527,16413673.45109295,7053.0,6.98830901598681e-10,7455.0,BID
823,1712603818.5815978,16413701.80782058,7053.0,-2.453456254625165e-10,7455.0,ASK
824,1712603818.741582,16413730.16454821,7053.0,-2.4534562544640057e-10,7455.0,ASK
825,1712603818.9218018,16413751.43209394,7053.0,-1.8400921914926367e-10,7455.0,ASK
826,1712603819.0017488,16413772.69963967,7053.0,-1.8400921914926367e-10,7455.0,ASK
827,1712603820.1119535,16413772.69963967,7053.0,-0.0,7455.0,ASK
828,1712603820.721955,16413818.73490867,7053.0,-3.982768798199443e-10,7455.0,ASK
829,1712603821.4919536,16413882.13305267,7053.0,-5.484928301083184e-10,7455.0,ASK
830,1712603821.6719575,16413914.73363667,7053.0,-2.8204589998311136e-10,7455.0,ASK
831,1712603821.8716748,16413944.43064467,7053.0,-2.5692543876728325e-10,7455.0,ASK
832,1712603822.191462,16413979.03064467,7054.0,-2.9934396694261987e-10,7455.0,ASK
833,1712603822.5518303,16414015.24424067,7054.0,-3.133040891282062e-10,7455.0,ASK
834,1712603826.2817247,16414065.00157967,7054.0,-4.3047859078437016e-10,7455.0,ASK
835,1712603826.388006,16414163.80157967,7054.0,-8.54774102136263e-10,7455.0,ASK
836,1712603826.7249758,16414180.81166467,7054.0,-1.4716376654512415e-10,7455.0,ASK
837,1712603826.9916852,16414192.95987967,7054.0,-1.0510100778286608e-10,7455.0,ASK
838,1712603827.3361218,16414225.85987967,7054.0,-2.8463631539392324e-10,7455.0,ASK
839,1712603827.7955391,16414256.85987967,7054.0,-2.6819835188789376e-10,7455.0,ASK
840,1712603829.8518703,16414256.86798993,7054.0,-7.01663878808156e-14,7455.0,ASK
841,1712603835.2118096,16414265.13981833,7054.0,7.156421754747518e-11,7455.0,BID
842,1712603835.3718743,16414265.87698872,7054.0,6.3776736731942586e-12,7455.0,BID
843,1712603836.4439516,16414268.69968823,7055.0,2.442075343029172e-11,7455.0,BID
844,1712603836.452872,16414269.40864769,7054.0,6.13360512247278e-12,7455.0,BID
845,1712603836.4579935,16414362.39711172,7055.0,8.04495251525812e-10,7455.0,BID
846,1712603836.46172,16414365.60342882,7054.0,2.773964393647465e-11,7455.0,BID
847,1712603836.465499,16414375.67537126,7055.0,8.713801169454015e-11,7455.0,BID
848,1712603836.505822,16414423.55705826,7055.0,-4.1425127545540727e-10,7455.0,ASK
849,1712603836.6217108,16414424.40933098,7055.0,-7.373488359135911e-12,7455.0,ASK
850,1712603838.1619165,16415422.009509,7055.0,-8.630797535098506e-09,7455.0,ASK
851,1712603840.1920042,16415468.57445155,7055.0,-4.0285938218198166e-10,7455.0,ASK
852,1712603840.7940376,16415608.53945155,7055.0,-1.2109155587725515e-09,7455.0,ASK
853,1712603841.392132,16415649.70021855,7055.0,-3.5610483457699407e-10,7455.0,ASK
854,1712603845.2152865,16415651.70021855,7055.0,-1.7303119476638315e-11,7455.0,ASK
855,1712603846.9322543,16415679.05606355,7055.0,-2.36670727198731e-10,7455.0,ASK
856,1712603847.0538137,16415742.24685965,7055.0,-5.466989473676621e-10,7455.0,ASK
857,1712603847.0631292,16415745.89974854,7055.0,-3.1603186452355806e-11,7455.0,ASK
858,1712603847.1516647,16415830.87849854,7055.0,-7.351987321107554e-10,7455.0,ASK
859,1712603847.1917458,16415833.74565154,7055.0,-2.4805345459149745e-11,7455.0,ASK
860,1712603848.062159,16415847.0799986,7057.0,1.1536290016063988e-10,7455.0,BID
861,1712603848.0683548,16415883.23047409,7057.0,3.1275799827763005e-10,7455.0,BID
862,1712603850.137591,16415883.23047409,7057.0,0.0,7455.0,BID
863,1712603850.165669,16415883.9392326,7056.0,6.131076820133591e-12,7455.0,BID
864,1712603850.1707337,16415884.08079416,7057.0,1.224570536674337e-12,7455.0,BID
865,1712603865.702258,16415884.93111423,7055.0,-7.355647372920637e-12,7455.0,ASK
1066,1712603868.81393,16415899.10658959,7058.0,1.22624176051311e-10,7455.0,BID
866,1712603868.81393,16415899.10658959,7058.0,1.2262417605131101e-10,7455.0,BID
867,1712603868.823019,16415899.81524766,7057.0,6.130207974460357e-12,7455.0,BID
1068,1712603868.83003,16415900.52380533,7058.0,6.1293394510413266e-12,7455.0,BID
868,1712603868.83003,16415900.52380533,7058.0,6.129339451041327e-12,7455.0,BID
869,1712603868.834936,16415903.38067429,7060.0,2.4713189041703884e-11,7455.0,BID
870,1712603873.14219,16415903.38975433,7060.0,7.85464009112364e-14,7455.0,BID
871,1712603873.1591356,16415903.52215694,7061.0,1.1453415530200188e-12,7455.0,BID
872,1712603873.1640894,16415904.23051389,7060.0,6.127603129275229e-12,7455.0,BID
873,1712603873.9323094,16415904.80636791,7061.0,4.981393777908141e-12,7455.0,BID
874,1712603875.092219,16415933.59339891,7061.0,-2.4902064079039433e-10,7455.0,ASK
875,1712603875.6517825,16415933.59339936,7061.0,-3.899275873422597e-18,7455.0,ASK
876,1712603875.6640348,16416046.94754534,7059.0,-9.805638541742784e-10,7455.0,ASK
877,1712603876.9232748,16416325.80005756,7059.0,2.412198440257973e-09,7455.0,BID
878,1712603876.9321804,16416513.77466998,7059.0,1.6260641271578023e-09,7455.0,BID
879,1712603880.1846938,16416513.77466998,7059.0,0.0,7455.0,BID
880,1712603881.0525138,16416584.64639216,7059.0,-6.13048360749246e-10,7455.0,ASK
881,1712603881.060052,16416585.58322117,7056.0,-8.103676208843667e-12,7455.0,ASK
882,1712603888.6818924,16416586.29197968,7059.0,-6.130840760804577e-12,7455.0,ASK
1083,1712603897.9323328,16416587.00033663,7060.0,-6.1273672198026945e-12,7455.0,ASK
883,1712603897.9323328,16416587.00033663,7060.0,-6.127367219802695e-12,7455.0,ASK
884,1712603901.822554,16416587.85017623,7060.0,-7.351208035366233e-12,7455.0,ASK
885,1712603902.4124134,16416634.33580556,7063.0,4.021059173224519e-10,7455.0,BID
1085,1712603902.4124134,16416634.33580556,7063.0,4.0210591732245187e-10,7455.0,BID
886,1712603902.4218023,16416635.04442796,7063.0,6.129663385951055e-12,7455.0,BID
887,1712603902.7019866,16416636.46082796,7060.0,-1.2252019165775916e-11,7455.0,ASK
888,1712603902.7124166,16416663.36100732,7060.0,-2.3268957425648167e-10,7455.0,ASK
889,1712603905.1730552,16416672.56573618,7063.0,7.962193898434201e-11,7455.0,BID
890,1712603908.442062,16416673.41523356,7063.0,7.348247793322716e-12,7455.0,BID
891,1712603908.992251,16416720.75262414,7063.0,4.094737478464479e-10,7455.0,BID
892,1712603909.000326,16416721.46068021,7063.0,6.124764569481256e-12,7455.0,BID
893,1712603910.153516,16416785.40511147,7063.0,-5.53126515881384e-10,7455.0,ASK
894,1712603910.1647837,16416785.40511147,7063.0,-0.0,7455.0,ASK
895,1712603911.6825645,16416817.46068021,7063.0,2.772807542821478e-10,7455.0,BID
896,1712603914.9521036,16416916.36047051,7064.0,-8.55483447365003e-10,7455.0,ASK
897,1712603921.5923333,16416917.79241851,7065.0,1.2386353987751774e-11,7455.0,BID
898,1712603921.600333,16417051.78950896,7065.0,1.159075186376828e-09,7455.0,BID
1098,1712603921.600333,16417051.78950896,7065.0,1.1590751863768281e-09,7455.0,BID
899,1712603934.0906696,16417054.62036529,7065.0,-2.4486914738935647e-11,7455.0,ASK
900,1712603934.101315,16417717.95882207,7065.0,-5.7378794035256095e-09,7455.0,ASK
901,1712603934.462647,16417721.75658363,7064.0,3.285064752233209e-11,7455.0,BID
902,1712603937.9324872,16417722.60608101,7063.0,-7.34815459498886e-12,7455.0,ASK
903,1712603937.9519832,16417762.51576942,7064.0,3.452189101732856e-10,7455.0,BID
904,1712603939.0327487,16417763.99889711,7063.0,-1.2829058427822724e-11,7455.0,ASK
905,1712603940.1099596,16417763.99889711,7063.0,-0.0,7455.0,ASK
906,1712603943.7928991,16417826.49120711,7063.0,-5.405242103697653e-10,7455.0,ASK
907,1712603944.292643,16418000.10041995,7063.0,-1.5016244827942551e-09,7455.0,ASK
908,1712603945.532258,16418077.78810803,7063.0,-6.719558975308092e-10,7455.0,ASK
909,1712603947.4436424,16418210.21522618,7063.0,-1.145421948223447e-09,7455.0,ASK
910,1712603947.44981,16418213.04688411,7063.0,-2.449228819166263e-11,7455.0,ASK
911,1712603947.4533763,16418336.78266561,7062.0,-1.0702466525755167e-09,7455.0,ASK
912,1712603947.456843,16418578.12873949,7060.0,-2.087511183504546e-09,7455.0,ASK
913,1712603949.9125226,16418578.83679556,7063.0,6.124296702783636e-12,7455.0,BID
914,1712603952.3227894,16418605.58033986,7060.0,-2.3131699189326936e-10,7455.0,ASK
915,1712603952.3299787,16418607.36028101,7064.0,-1.5395514809568417e-11,7455.0,ASK
916,1712603967.812405,16418626.40640218,7064.0,-1.6473850312666155e-10,7455.0,ASK
917,1712603968.8124871,16418628.66412218,7064.0,1.95280398465186e-11,7455.0,BID
1117,1712603968.8124871,16418628.66412218,7064.0,1.9528039846518598e-11,7455.0,BID
918,1712603968.8198493,16418713.49524717,7064.0,7.33742709306272e-10,7455.0,BID
919,1712603970.1052265,16418713.49524717,7064.0,0.0,7455.0,BID
1120,1712603971.2645187,16418714.20320301,7064.0,-6.1230746312175595e-12,7455.0,ASK
920,1712603971.2645187,16418714.20320301,7064.0,-6.12307463121756e-12,7455.0,ASK
921,1712603973.0921488,16418715.15274331,7064.0,-8.212526548750498e-12,7455.0,ASK
922,1712603975.654764,16418716.5675707,7068.0,1.2236771304738003e-11,7455.0,BID
923,1712603976.0620694,16418737.78998157,7064.0,-1.83551569796609e-10,7455.0,ASK
924,1712603976.141996,16418765.00971347,7064.0,-2.3542209930514616e-10,7455.0,ASK
925,1712603983.0253534,16418921.93549746,7064.0,-1.357243254252819e-09,7455.0,ASK
926,1712603983.2226756,16418943.10204142,7063.0,-1.8306837966985559e-10,7455.0,ASK
927,1712603984.432381,16418953.10204142,7064.0,8.648949966843073e-11,7455.0,BID
928,1712603985.8131368,16418955.9349026,7060.0,-2.450127460438575e-11,7455.0,ASK
929,1712603985.822301,16419286.97196872,7060.0,-2.863123022048061e-09,7455.0,ASK
930,1712603986.0930777,16419286.97196873,7060.0,-9.665954821008896e-20,7455.0,ASK
931,1712603986.0980184,16419571.43285092,7059.0,-2.4602879375745604e-09,7455.0,ASK
932,1712603986.1024892,16419603.95587443,7058.0,-2.8129000311149345e-10,7455.0,ASK
933,1712603986.6922,16419647.78998156,7056.0,-3.791189994152335e-10,7455.0,ASK
934,1712603988.7227762,16419648.63935868,7064.0,7.346220213114835e-12,7455.0,BID
935,1712603993.3064022,16419651.4738258,7056.0,-2.4515164291484893e-11,7455.0,ASK
936,1712603993.3160458,16419729.99443107,7056.0,-6.791207863449034e-10,7455.0,ASK
937,1712603993.8829618,16419730.70258739,7062.0,6.1248085907429766e-12,7455.0,BID
1137,1712603993.8829618,16419730.70258739,7062.0,6.124808590742977e-12,7455.0,BID
938,1712603996.5951133,16419892.42775008,7056.0,-1.398752840489737e-09,7455.0,ASK
939,1712603996.6043618,16419906.74663536,7056.0,-1.2384332236612348e-10,7455.0,ASK
940,1712603996.6120205,16419947.97418224,7061.0,3.5657499022098475e-10,7455.0,BID
941,1712603996.715088,16419971.78303224,7061.0,-2.0592155241531367e-10,7455.0,ASK
942,1712603996.8582077,16419983.90516024,7061.0,-1.048436785678442e-10,7455.0,ASK
1142,1712603996.8582077,16419983.90516024,7061.0,-1.0484367856784419e-10,7455.0,ASK
943,1712603997.0322988,16420121.46253577,7061.0,-1.1897268585273191e-09,7455.0,ASK
944,1712603997.134433,16420322.06704172,7061.0,-1.7350183350737731e-09,7455.0,ASK
945,1712603997.3323593,16420472.99805098,7061.0,-1.3053947475429775e-09,7455.0,ASK
946,1712603997.3921533,16420526.21589298,7056.0,-4.602784527979461e-10,7455.0,ASK
947,1712603999.162787,16420534.37359019,7061.0,-7.055551501470965e-11,7455.0,ASK
948,1712603999.171464,16420708.54663016,7056.0,-1.506413908281441e-09,7455.0,ASK
949,1712603999.9421732,16420748.74040816,7056.0,-3.4763397489096487e-10,7455.0,ASK
950,1712604000.154507,16420748.74040816,7056.0,-0.0,7455.0,ASK
951,1712604001.2642117,16420748.74040861,7056.0,-3.8981240777773095e-18,7455.0,ASK
952,1712604001.271885,16420749.44916667,7056.0,-6.129261881238973e-12,7455.0,ASK
953,1712604003.5569837,16420763.94578467,7056.0,-1.2536516074556795e-10,7455.0,ASK
954,1712604003.8324726,16420764.66108212,7060.0,6.1858138196496226e-12,7455.0,BID
1154,1712604003.8324726,16420764.66108212,7060.0,6.185813819649623e-12,7455.0,BID
955,1712604005.4905849,16420821.65316212,7057.0,-4.92861250180192e-10,7455.0,ASK
956,1712604006.542303,16421019.05316212,7057.0,-1.7070935257487027e-09,7455.0,ASK
957,1712604006.866668,16421128.13537512,7057.0,-9.43331000939073e-10,7455.0,ASK
958,1712604007.0422666,16421226.67101212,7057.0,-8.52125369700555e-10,7455.0,ASK
959,1712604007.2323833,16421261.89724111,7057.0,-3.0463256051001836e-10,7455.0,ASK
960,1712604007.892198,16421262.74661823,7057.0,-7.345320072548206e-12,7455.0,ASK
961,1712604007.972242,16421361.83781123,7057.0,-8.56929756983018e-10,7455.0,ASK
962,1712604008.372527,16421410.42305823,7057.0,-4.201598814670963e-10,7455.0,ASK
963,1712604013.4726512,16421411.27303698,7059.0,7.350522892311635e-12,7455.0,BID
964,1712604015.3864603,16421425.57875498,7058.0,-1.2371427852386285e-10,7455.0,ASK
965,1712604019.6358595,16421441.09249959,7058.0,-1.3416115999406048e-10,7455.0,ASK
966,1712604019.6450522,16421670.21172625,7058.0,-1.9813979151777435e-09,7455.0,ASK
967,1712604024.612466,16421675.40342131,7058.0,-4.489720884276882e-11,7455.0,ASK
968,1712604024.7126856,16421813.89364516,7058.0,-1.19764824980749e-09,7455.0,ASK
969,1712604024.722097,16421937.65864746,7058.0,-1.0703061506679235e-09,7455.0,ASK
970,1712604030.1160138,16421937.65864746,7058.0,-0.0,7455.0,ASK
971,1712604031.9826005,16422017.06203636,7057.0,-6.86621966184417e-10,7455.0,ASK
972,1712604032.8424804,16422020.33074745,7057.0,-2.8265403614257048e-11,7455.0,ASK
973,1712604034.8025053,16422026.2788487,7057.0,-5.1434794311555664e-11,7455.0,ASK
974,1712604037.0725276,16422105.59170006,7058.0,6.85839064299075e-10,7455.0,BID
975,1712604037.7823217,16422228.61932598,7057.0,-1.0638522055022682e-09,7455.0,ASK
976,1712604041.1332805,16422242.66765497,7057.0,-1.2147959182309998e-10,7455.0,ASK
977,1712604041.1414552,16422378.61932598,7057.0,-1.17560981904452e-09,7455.0,ASK
978,1712604041.473032,16422563.32989704,7057.0,-1.5972408386478767e-09,7455.0,ASK
979,1712604041.4805286,16422579.49614931,7057.0,-1.3979383088849219e-10,7455.0,ASK
980,1712604042.3725953,16422580.34612806,7056.0,-7.349989562752708e-12,7455.0,ASK
981,1712604042.9749782,16422730.69670195,7057.0,1.3001209154031566e-09,7455.0,BID
1182,1712604043.9463112,16422737.1064265,7056.0,-5.5426572272003276e-11,7455.0,ASK
982,1712604043.9463112,16422737.1064265,7056.0,-5.542657227200328e-11,7455.0,ASK
983,1712604043.9563515,16423000.27998467,7055.0,-2.275730903484196e-09,7455.0,ASK
1183,1712604043.9563515,16423000.27998467,7055.0,-2.2757309034841962e-09,7455.0,ASK
984,1712604043.963461,16423036.86827832,7056.0,-3.1638858837720844e-10,7455.0,ASK
985,1712604049.1825535,16423104.48214199,7056.0,5.84674843955616e-10,7455.0,BID
986,1712604049.1927986,16423106.97013921,7056.0,2.151436564659676e-11,7455.0,BID
987,1712604050.9906244,16423187.28685271,7055.0,-6.945197239835635e-10,7455.0,ASK
988,1712604050.9953754,16423256.97013921,7056.0,-6.02569686884056e-10,7455.0,ASK
989,1712604056.6547403,16423257.82047934,7056.0,7.353114536168277e-12,7455.0,BID
990,1712604060.1774778,16423257.82047934,7056.0,0.0,7455.0,BID
991,1712604064.272715,16423267.82047934,7056.0,8.646566220566404e-11,7455.0,BID
992,1712604065.002766,16423309.53318307,7056.0,3.606716550320839e-10,7455.0,BID
993,1712604066.3926277,16423338.32258856,7055.0,-2.4892950101431987e-10,7455.0,ASK
994,1712604067.1326704,16423895.77887872,7055.0,-4.8200827279504166e-09,7455.0,ASK
995,1712604073.6513844,16424094.18166508,7055.0,-1.715502830599633e-09,7455.0,ASK
996,1712604073.7924104,16424193.38305824,7055.0,-8.577514151387616e-10,7455.0,ASK
997,1712604073.931448,16424325.65158249,7055.0,-1.1436685538243531e-09,7455.0,ASK
998,1712604074.2129347,16424369.30301062,7055.0,-3.7743496394422415e-10,7455.0,ASK
999,1712604074.2246175,16424424.85297565,7055.0,-4.803164511784321e-10,7455.0,ASK
1000,1712604074.7028513,16424424.85297614,7053.0,-4.235742457227715e-18,7455.0,ASK
1201,1712604074.7168963,16424425.70331578,7053.0,-7.352518006643913e-12,7455.0,ASK
1202,1712604075.0638993,16424660.05368203,7053.0,-2.026325960591852e-09,7455.0,ASK
1203,1712604075.1227138,16424768.21538953,7053.0,-9.352273664282475e-10,7455.0,ASK
1204,1712604075.2027202,16424769.5666209,7053.0,-1.168351152105998e-11,7455.0,ASK
1205,1712604075.2043552,16425002.56575578,7053.0,-2.014642449086898e-09,7455.0,ASK
1206,1712604076.1500914,16425036.67996556,7053.0,2.9497077391301835e-10,7455.0,BID
1207,1712604079.9548874,16425106.21538953,7053.0,6.01242648030468e-10,7455.0,BID
1208,1712604081.042508,16425107.06572966,7056.0,7.352522258491855e-12,7455.0,BID
1209,1712604090.162572,16425107.06572966,7056.0,0.0,7455.0,BID
1210,1712604095.6117108,16425141.45427421,7053.0,-2.973092925299461e-10,7455.0,ASK
1211,1712604095.6133,16425177.73170969,7053.0,-3.1363987105270407e-10,7455.0,ASK
1212,1712604096.973214,16425192.22236321,7055.0,1.2528026418380054e-10,7455.0,BID
1213,1712604096.976658,16425476.5960302,7055.0,2.45857842655568e-09,7455.0,BID
1214,1712604096.980001,16425481.36661109,7056.0,4.1244491381966376e-11,7455.0,BID
1215,1712604100.7034242,16425496.27129669,7053.0,-1.2885981623364508e-10,7455.0,ASK
1216,1712604100.8091354,16425510.15278652,7053.0,1.2001368405834003e-10,7455.0,BID
1217,1712604100.8139622,16425741.57683769,7056.0,2.000797702603258e-09,7455.0,BID
1218,1712604100.8627253,16426665.95971801,7057.0,7.991836345047411e-09,7455.0,BID
1219,1712604100.865548,16426665.95971969,7056.0,1.4525508723361437e-17,7455.0,BID
1220,1712604110.902474,16426666.81005982,7047.0,-7.351693004855426e-12,7455.0,ASK
1221,1712604112.2925992,16426716.32486412,7047.0,-4.2808474826523847e-10,7455.0,ASK
1222,1712604113.7526753,16426793.5491528,7047.0,-6.676496180808766e-10,7455.0,ASK
1223,1712604119.0128217,16426851.48663894,7047.0,-5.009038108917035e-10,7455.0,ASK
1224,1712604119.1126163,16426937.20667327,7047.0,7.411003605071451e-10,7455.0,BID
1225,1712604120.1230886,16426937.20667327,7047.0,0.0,7455.0,BID
1226,1712604123.133445,16426945.10929293,7040.0,-6.831519192723509e-11,7455.0,ASK
1227,1712604123.2125964,16427659.08785257,7041.0,6.1720776695335845e-09,7455.0,BID
1228,1712604123.2532957,16427678.02985257,7041.0,1.637465070017958e-10,7455.0,BID
1229,1712604123.2727084,16427938.47076721,7041.0,2.251414320194396e-09,7455.0,BID
1230,1712604123.7130177,16427939.32231418,7046.0,7.361305145786891e-12,7455.0,BID
1231,1712604128.6925693,16428029.86210962,7046.0,7.826826759612519e-10,7455.0,BID
1232,1712604139.2427266,16428030.71365659,7046.0,-7.361305129685021e-12,7455.0,ASK
1233,1712604139.7029364,16428038.6553637,7046.0,-6.865308831762419e-11,7455.0,ASK
1234,1712604139.70568,16428089.71365659,7046.0,-4.413798497673063e-10,7455.0,ASK
1235,1712604142.152769,16428089.8371245,7046.0,-1.067333922445751e-12,7455.0,ASK
1236,1712604147.85412,16428246.63944058,7046.0,1.3554973892923992e-09,7455.0,BID
1237,1712604147.8572617,16428253.17686276,7058.0,5.6513570204349917e-11,7455.0,BID
1238,1712604147.859727,16429060.91117318,7059.0,6.982561076875173e-09,7455.0,BID
1239,1712604147.8620758,16430617.11016915,7057.0,1.3452758409482961e-08,7455.0,BID
1240,1712604147.864281,16430878.8199704,7058.0,2.2623833704534882e-09,7455.0,BID
1241,1712604147.866098,16431108.79310838,7067.0,1.988031783808768e-09,7455.0,BID
1242,1712604150.1106346,16431108.79310838,7067.0,0.0,7455.0,BID
1243,1712604157.4025557,16431109.64212493,7067.0,7.337564252500362e-12,7455.0,BID
1244,1712604163.9928615,16431159.01951278,7067.0,4.2674051003011327e-10,7455.0,BID
1245,1712604167.5027742,16431263.06696549,7067.0,8.99222599062403e-10,7455.0,BID
1246,1712604173.443088,16431263.91598204,7050.0,-7.337564236402585e-12,7455.0,ASK
1247,1712604173.8466637,16431264.62353721,7068.0,6.114994489182837e-12,7455.0,BID
1248,1712604180.165558,16431264.62353721,7068.0,0.0,7455.0,BID
1249,1712604201.0573742,16431272.37698164,7068.0,6.700794603484352e-11,7455.0,BID
1250,1712604201.0623274,16431307.06835894,7068.0,2.9981487054693787e-10,7455.0,BID
1251,1712604202.4028718,16431354.22922481,7068.0,4.0758049973737285e-10,7455.0,BID
1252,1712604204.3739583,16431362.63980771,7068.0,7.268716377776846e-11,7455.0,BID
1253,1712604210.1731172,16431362.63980771,7068.0,0.0,7455.0,BID
1254,1712604219.4037,16431364.63980771,7047.0,-1.7284587631803007e-11,7455.0,ASK
1255,1712604219.4083507,16431925.65622259,7047.0,-4.848468692927062e-09,7455.0,ASK
1256,1712604221.2327611,16431926.50511902,7068.0,7.336412374289723e-12,7455.0,BID
1257,1712604224.6630237,16432119.75186491,7068.0,1.6700951569482915e-09,7455.0,BID
1258,1712604230.483167,16432252.31393387,7051.0,-1.1456403487935071e-09,7455.0,ASK
1259,1712604231.643033,16432296.75117739,7067.0,3.840397148629953e-10,7455.0,BID
1260,1712604237.7049267,16432297.60007382,7052.0,-7.336412374289723e-12,7455.0,ASK
1261,1712604240.1048925,16432297.60007382,7052.0,-0.0,7455.0,ASK
1262,1712604242.1633687,16432311.37308149,7067.0,1.1902359601582963e-10,7455.0,BID
1263,1712604242.1665127,16432337.59130064,7067.0,2.2657264114139424e-10,7455.0,BID
1264,1712604246.0330906,16432539.09798305,7067.0,1.741380716214242e-09,7455.0,BID
1265,1712604249.2627642,16432680.60074236,7067.0,-1.222838733733794e-09,7455.0,ASK
1266,1712604250.2958314,16432720.99013499,7068.0,3.4903710697525224e-10,7455.0,BID
1267,1712604250.2995656,16432747.97256957,7068.0,2.331768390635293e-10,7455.0,BID
1268,1712604250.3036177,16432754.53966975,7070.0,5.675157507796303e-11,7455.0,BID
1269,1712604250.307511,16432912.53910993,7068.0,1.3653997724200787e-09,7455.0,BID
1270,1712604250.309806,16432924.08812104,7070.0,9.980425957502672e-11,7455.0,BID
1271,1712604250.3115375,16433997.45561552,7068.0,9.275828642279426e-09,7455.0,BID
1272,1712604250.3132565,16435496.98130423,7072.0,1.2958603092314382e-08,7455.0,BID
1273,1712604250.3149576,16435579.23468943,7069.0,7.10817413680516e-10,7455.0,BID
1274,1712604250.31668,16435618.22583543,7070.0,3.369537373945089e-10,7455.0,BID
1275,1712604250.318526,16435618.93355602,7072.0,6.115980743049663e-12,7455.0,BID
1276,1712604250.4536295,16435620.34306631,7073.0,1.2180707902111253e-11,7455.0,BID
1277,1712604250.457351,16435627.41177073,7074.0,6.108633925400171e-11,7455.0,BID
1278,1712604250.460305,16435640.52976956,7073.0,1.1336313975541884e-10,7455.0,BID
1279,1712604250.4633229,16435647.05899634,7074.0,5.6424280676196925e-11,7455.0,BID
1280,1712604250.5534835,16435679.77440437,7075.0,2.827200566441596e-10,7455.0,BID
1281,1712604250.556392,16436099.04626473,7078.0,3.6232641208506894e-09,7455.0,BID
1282,1712604250.794187,16436121.113085,7079.0,1.9069707677185954e-10,7455.0,BID
1283,1712604251.052873,16436323.113085,7072.0,-1.7456438688288995e-09,7455.0,ASK
1284,1712604251.0749924,16436455.93286637,7072.0,-1.147802163408614e-09,7455.0,ASK
1285,1712604251.0784216,16436475.67909182,7072.0,-1.7064295737442435e-10,7455.0,ASK
1286,1712604251.0814338,16436508.86606683,7072.0,-2.8679524480559136e-10,7455.0,ASK
1287,1712604251.0982175,16436528.74530258,7072.0,-1.7179240596091056e-10,7455.0,ASK
1288,1712604251.1012218,16436548.90924987,7072.0,-1.7425282652398615e-10,7455.0,ASK
1289,1712604251.1135292,16436807.71778687,7072.0,-2.236571959485182e-09,7455.0,ASK
1290,1712604251.1178703,16437977.40620987,7072.0,-1.0108214970531313e-08,7455.0,ASK
1291,1712604251.197832,16438754.50620987,7072.0,-6.715543814205638e-09,7455.0,ASK
1292,1712604251.37959,16438769.50620987,7072.0,-1.2962701996254204e-10,7455.0,ASK
1293,1712604252.8628354,16438770.35402674,7077.0,7.326664952157269e-12,7455.0,BID
1294,1712604253.443295,16438776.22595824,7057.0,-5.074406544151558e-11,7455.0,ASK
1295,1712604253.4478114,16438791.54944853,7067.0,-1.32422558780928e-10,7455.0,ASK
1296,1712604254.442925,16438977.67010244,7077.0,1.608417714660389e-09,7455.0,BID
1297,1712604254.5829968,16439163.79075635,7077.0,-1.608417714660389e-09,7455.0,ASK
1298,1712604254.7230587,16439168.32375635,7077.0,-3.9173285431134925e-11,7455.0,ASK
1299,1712604254.7846873,16439308.82091606,7077.0,-1.2141485417619054e-09,7455.0,ASK
1300,1712604254.80295,16439336.10359299,7077.0,-2.3577147379905856e-10,7455.0,ASK
1301,1712604254.883036,16439587.71071472,7077.0,-2.1743387594160924e-09,7455.0,ASK
1302,1712604255.0926986,16439825.96566026,7077.0,-2.058951905436686e-09,7455.0,ASK
1303,1712604255.333205,16439860.00208105,7077.0,-2.9413598648405656e-10,7455.0,ASK
1304,1712604260.9446275,16439901.64976513,7078.0,3.5991101171333435e-10,7455.0,BID
1305,1712604260.9535248,16439902.38693552,7078.0,6.370480064136564e-12,7455.0,BID
1306,1712604261.172732,16439903.1004139,7078.0,6.165738404746309e-12,7455.0,BID
1307,1712604261.7531438,16440047.70772222,7078.0,1.2496676294944664e-09,7455.0,BID
1308,1712604261.8127227,16440406.70772222,7078.0,-3.102406677770172e-09,7455.0,ASK
1309,1712604263.6530836,16440889.40240277,7078.0,-4.171351532757637e-09,7455.0,ASK
1310,1712604268.6769369,16440903.53867644,7074.0,-1.2216286862260687e-10,7455.0,ASK
1311,1712604270.1131668,16440903.53867644,7074.0,-0.0,7455.0,ASK
1312,1712604270.665387,16440947.30180884,7076.0,3.7799346802939657e-10,7455.0,BID
1313,1712604270.7029378,16440948.03689507,7074.0,-6.349129469469596e-12,7455.0,ASK
1314,1712604270.706092,16441247.48542422,7076.0,-2.586414221861286e-09,7455.0,ASK
1315,1712604273.1128397,16441248.33324109,7056.0,-7.322813090222806e-12,7455.0,ASK
1316,1712604274.1534142,16441249.25859101,7073.0,7.992486046984912e-12,7455.0,BID
1317,1712604276.253622,16441257.53688346,7056.0,-7.150174819320374e-11,7455.0,ASK
1318,1712604278.6330895,16441258.38529974,7072.0,7.327990352400779e-12,7455.0,BID
1319,1712604279.5931098,16441261.21335403,7072.0,2.4426634711785788e-11,7455.0,BID
1320,1712604280.4929328,16441263.07180991,7072.0,1.605196302474254e-11,7455.0,BID
1321,1712604283.9230938,16441264.07336533,7072.0,8.650692627563824e-12,7455.0,BID
1322,1712604300.1768625,16441264.07336533,7072.0,0.0,7455.0,BID
1323,1712604302.8930483,16441560.95462766,7070.0,-2.5642095193413216e-09,7455.0,ASK
1324,1712604302.9131148,16441704.55462766,7058.0,-1.240295477367742e-09,7455.0,ASK
1325,1712604305.0430746,16441705.40304394,7058.0,-7.327903029247796e-12,7455.0,ASK
1326,1712604305.403201,16441711.2197601,7071.0,5.023987983823276e-11,7455.0,BID
1327,1712604309.9233367,16441724.30858612,7070.0,1.1305022087711536e-10,7455.0,BID
1328,1712604312.1030824,16441748.51801115,7060.0,-2.091005597103996e-10,7455.0,ASK
1329,1712604313.192917,16441886.8178695,7060.0,1.1945173316740575e-09,7455.0,BID
1330,1712604315.1929328,16441903.74818696,7058.0,-1.46229778396024e-10,7455.0,ASK
1331,1712604322.7829678,16441905.26233923,7066.0,1.307796805203691e-11,7455.0,BID
1332,1712604322.882985,16441906.11147594,7066.0,7.334125496351249e-12,7455.0,BID
1333,1712604330.1667993,16441906.11147594,7066.0,0.0,7455.0,BID
1334,1712604338.8232317,16441907.11147594,7066.0,8.636816786947403e-12,7455.0,BID
1335,1712604339.3232534,16441963.72059,7067.0,4.889225465930817e-10,7455.0,BID
1336,1712604341.2333646,16441964.15449886,7060.0,-3.747591335816924e-12,7455.0,ASK
1337,1712604341.2376878,16441964.56972671,7066.0,-3.586246856966118e-12,7455.0,ASK
1338,1712604344.1331155,16441973.34217544,7066.0,7.576603246760033e-11,7455.0,BID
1339,1712604347.2531192,16441974.19131215,7066.0,7.333838176695717e-12,7455.0,BID
1340,1712604351.3305042,16441974.89892607,7066.0,6.111531789782111e-12,7455.0,BID
1341,1712604353.8333666,16441975.60668151,7066.0,6.112754072552831e-12,7455.0,BID
1342,1712604359.9946318,16441977.60668151,7060.0,-1.7273633573894806e-11,7455.0,ASK
1343,1712604359.9996738,16442186.83352058,7058.0,-1.8070538759534742e-09,7455.0,ASK
1344,1712604360.0035264,16442314.95655222,7060.0,-1.1065751504666184e-09,7455.0,ASK
1345,1712604360.007132,16442369.65745899,7058.0,-4.724417098550051e-10,7455.0,ASK
1346,1712604360.158032,16442766.37093783,7058.0,3.426341633645193e-09,7455.0,BID
1347,1712604360.160282,16442766.37093783,7058.0,0.0,7455.0,BID
1348,1712604360.2237575,16442960.22573632,7058.0,1.6742410559852268e-09,7455.0,BID
1349,1712604360.3172371,16443212.64083854,7058.0,2.1800013751401248e-09,7455.0,BID
1350,1712604360.3994734,16443359.29401292,7058.0,1.2665807988902791e-09,7455.0,BID
1351,1712604360.4159684,16443659.66238844,7058.0,2.594153305106114e-09,7455.0,BID
1352,1712604360.6707838,16443800.26319648,7058.0,1.214309097105115e-09,7455.0,BID
1353,1712604372.0131493,16443801.74154535,7057.0,-1.2767867456552671e-11,7455.0,ASK
1354,1712604375.7830937,16443802.59068206,7057.0,-7.333630910238773e-12,7455.0,ASK
1355,1712604380.3838131,16443806.83696657,7065.0,3.6673344786822476e-11,7455.0,BID
1356,1712604380.388522,16444172.90786947,7066.0,3.161597957896175e-09,7455.0,BID
1357,1712604384.1731114,16444592.16885973,7066.0,3.6209780130985475e-09,7455.0,BID
1358,1712604390.121048,16444592.16885973,7066.0,0.0,7455.0,BID
1359,1712604391.683441,16444593.01751602,7070.0,7.328488491940251e-12,7455.0,BID
1360,1712604405.4132016,16445123.85315958,7070.0,4.5839793395080195e-09,7455.0,BID
1361,1712604407.5534413,16445150.18780539,7070.0,2.2741026110263247e-10,7455.0,BID
1362,1712604408.9431458,16445985.30206737,7070.0,-7.21154762210466e-09,7455.0,ASK
1363,1712604412.2334533,16445986.15072366,7066.0,-7.328488491940251e-12,7455.0,ASK
1364,1712604413.5734751,16446156.3475947,7066.0,-1.469718452337347e-09,7455.0,ASK
1365,1712604417.973342,16446157.19673141,7066.0,7.332637103494172e-12,7455.0,BID
1366,1712604420.1366282,16446157.19673141,7066.0,0.0,7455.0,BID
1367,1712604447.1734283,16446158.04586812,7061.0,-7.33193657509178e-12,7455.0,ASK
1368,1712604450.10894,16446158.04586812,7061.0,-0.0,7455.0,ASK
1369,1712604453.7533066,16446159.54378998,7064.0,-1.2933921469702524e-11,7455.0,ASK
1370,1712604457.4336865,16446173.69807166,7065.0,1.2221623345973614e-10,7455.0,BID
1371,1712604457.4382188,16446376.15065623,7065.0,1.7480924074639491e-09,7455.0,BID
1372,1712604457.5129442,16446452.19261423,7065.0,6.56590132984884e-10,7455.0,BID
1373,1712604457.5736349,16446591.37876594,7065.0,1.201813528570394e-09,7455.0,BID
1374,1712604458.5335932,16446654.64519794,7065.0,5.462788714631384e-10,7455.0,BID
1375,1712604459.0930777,16446654.64519853,7065.0,5.098359423150113e-18,7455.0,BID
1376,1712604460.523579,16446660.30290715,7070.0,4.885192008982754e-11,7455.0,BID
1377,1712604462.1831648,16446661.15156344,7070.0,7.32778798050367e-12,7455.0,BID
1378,1712604464.6933951,16446695.16455639,7070.0,2.9368780278848237e-10,7455.0,BID
1379,1712604465.443053,16446696.57998455,7070.0,1.2221623273599423e-11,7455.0,BID
1380,1712604467.9738102,16446777.88176117,7070.0,7.02006441296012e-10,7455.0,BID
1381,1712604467.98019,16446876.78155147,7070.0,8.53957843447725e-10,7455.0,BID
1382,1712604474.7336578,16446888.3801827,7071.0,1.0014927315016431e-10,7455.0,BID
1383,1712604474.7430408,16446890.92582304,7071.0,2.198052724327764e-11,7455.0,BID
1384,1712604474.9534914,16446952.36718985,7071.0,5.30520205772436e-10,7455.0,BID
1385,1712604474.963045,16446964.61809104,7071.0,1.0578134825009516e-10,7455.0,BID
1386,1712604475.0134346,16446976.2167223,7071.0,1.0014927340749476e-10,7455.0,BID
1387,1712604475.0232008,16447747.07769604,7072.0,6.656058347022033e-09,7455.0,BID
1388,1712604475.6432223,16447854.9812986,7070.0,-9.317019526916935e-10,7455.0,ASK
1389,1712604477.7931304,16447855.82995489,7064.0,-7.327787996586822e-12,7455.0,ASK
1390,1712604478.7332714,16447880.18516846,7070.0,2.1029696416736872e-10,7455.0,BID
1391,1712604480.1763594,16447880.18516846,7070.0,0.0,7455.0,BID
1392,1712604482.0435815,16447952.78211372,7070.0,6.267780167155159e-10,7455.0,BID
1393,1712604485.673989,16447953.63077001,7070.0,7.327017757182769e-12,7455.0,BID
1394,1712604486.1135006,16447957.83303392,7065.0,-3.628095684794063e-11,7455.0,ASK
1395,1712604488.2643738,16448409.48859861,7070.0,3.899444777768072e-09,7455.0,BID
1396,1712604488.269556,16448591.76506852,7070.0,1.573714760251883e-09,7455.0,BID
1397,1712604499.303975,16449225.71274472,7070.0,5.4732945824205765e-09,7455.0,BID
1398,1712604499.783346,16449431.0485303,7070.0,1.7728012657482495e-09,7455.0,BID
1399,1712604499.9434717,16449452.8560931,7070.0,1.8827928520078976e-10,7455.0,BID
1400,1712604499.9474037,16449460.38221395,7070.0,6.497803844996332e-11,7455.0,BID
1401,1712604501.313629,16449467.15572272,7070.0,-5.848023464517064e-11,7455.0,ASK
1402,1712604502.7733092,16449514.28991389,7072.0,4.069410187376573e-10,7455.0,BID
1403,1712604509.273672,16449562.6487652,7072.0,4.1751432937296876e-10,7455.0,BID
1404,1712604509.2783668,16449584.11334441,7072.0,1.8531807830961528e-10,7455.0,BID
1405,1712604509.4736693,16449603.4314657,7075.0,1.6678627048830266e-10,7455.0,BID
1406,1712604509.483423,16449632.87533293,7078.0,2.5420861222407697e-10,7455.0,BID
1407,1712604509.4873433,16449635.79109558,7080.0,2.517373045814684e-11,7455.0,BID
1408,1712604510.1663442,16449635.79109558,7080.0,0.0,7455.0,BID
1409,1712604510.504063,16449724.68553463,7072.0,-7.674029478832844e-10,7455.0,ASK
1410,1712604512.349709,16449990.10335641,7066.0,-2.291284145931702e-09,7455.0,ASK
1411,1712604514.5753326,16449990.9520127,7066.0,-7.326232609143136e-12,7455.0,ASK
1412,1712604518.5933783,16449991.66619739,7071.0,6.165373700613428e-12,7455.0,BID
1413,1712604527.7836976,16449992.51473366,7071.0,7.32519651116073e-12,7455.0,BID
1414,1712604530.5470023,16450037.23628648,7071.0,3.8606972309838064e-10,7455.0,BID
1415,1712604533.8484197,16450037.94354146,7071.0,6.105551282830738e-12,7455.0,BID
1416,1712604534.4573314,16450179.02254146,7071.0,1.2178989106911506e-09,7455.0,BID
1417,1712604535.3533547,16450217.52254146,7071.0,3.3236064943499043e-10,7455.0,BID
1418,1712604536.1336472,16450278.11280918,7071.0,5.23060278669084e-10,7455.0,BID
1419,1712604536.9893546,16450382.00434704,7071.0,8.96869064778218e-10,7455.0,BID
1420,1712604536.9934204,16450419.19580918,7071.0,3.2106437689515647e-10,7455.0,BID
1421,1712604540.1136534,16450419.19580918,7071.0,0.0,7455.0,BID
1422,1712604540.2714758,16450439.42761523,7071.0,1.746476552528004e-10,7455.0,BID
