,time,acc_trade_volume,trade_price,dev,high,ask_bid
0,1712601588.4866817,29576361.67089701,103.1,0.0,103.2,BID
1,1712601600.308016,29576361.67089701,103.1,0.0,103.2,BID
2,1712601608.2390225,29576419.86682329,102.9,-1.823236740391104e-08,103.2,ASK
3,1712601608.7763803,29586049.58503811,102.9,-3.016921831393232e-06,103.2,ASK
4,1712601630.316336,29586049.58503811,102.9,-0.0,103.2,ASK
5,1712601660.4875343,29586049.58503811,102.9,-0.0,103.2,ASK
6,1712601672.7958355,29586107.78096439,103.1,1.8226674896797083e-08,103.2,BID
7,1712601690.477397,29586107.78096439,103.1,0.0,103.2,BID
8,1712601699.416865,29586662.49406363,103.1,1.7373305947511241e-07,103.2,BID
9,1712601699.4184103,29587077.71306914,103.1,1.3004428465484725e-07,103.2,BID
10,1712601708.9561691,29587135.90899542,102.9,-1.8226640645837456e-08,103.2,ASK
11,1712601720.3182356,29587135.90899542,102.9,-0.0,103.2,ASK
12,1712601750.3057866,29587135.90899542,102.9,-0.0,103.2,ASK
13,1712601780.475834,29587135.90899542,102.9,-0.0,103.2,ASK
14,1712601808.2160425,29587194.1049217,103.1,1.822603563321337e-08,103.2,BID
15,1712601810.497185,29587194.1049217,103.1,0.0,103.2,BID
16,1712601840.30786,29587194.1049217,103.1,0.0,103.2,BID
17,1712601845.6056418,29587252.30084798,102.9,-1.8226001385822972e-08,103.2,ASK
18,1712601870.3169477,29587252.30084798,102.9,-0.0,103.2,ASK
19,1712601871.4953003,29587310.49677426,103.1,1.8225967202665067e-08,103.2,BID
20,1712601900.316959,29587310.49677426,103.1,0.0,103.2,BID
21,1712601930.3158357,29587310.49677426,103.1,0.0,103.2,BID
22,1712601945.1751351,29587368.69270054,102.8,-1.822810472402828e-08,103.2,ASK
23,1712601946.155454,29591854.38294105,102.8,-1.405006100801749e-06,103.2,ASK
24,1712601946.1675837,29592343.90838053,102.8,-1.5332896212020986e-07,103.2,ASK
25,1712601960.4771128,29592343.90838053,102.8,-0.0,103.2,ASK
26,1712601969.924817,29592402.10430681,103.1,1.8225150961170423e-08,103.2,BID
27,1712601977.9947655,29597265.91753639,102.8,-1.5231947667833671e-06,103.2,ASK
28,1712601990.496569,29597265.91753639,102.8,-0.0,103.2,ASK
29,1712602007.7353408,29597324.11346267,102.8,-1.8222263399883613e-08,103.2,ASK
30,1712602011.2250292,29598721.91738873,102.8,-4.376792835696777e-07,103.2,ASK
31,1712602011.226923,29623587.85537812,102.8,-7.786003259538977e-06,103.2,ASK
32,1712602014.3748956,29630721.91738812,102.8,-2.233811975534269e-06,103.2,ASK
33,1712602014.4351668,29630721.91738873,102.8,-1.9129944250259843e-16,103.2,ASK
34,1712602020.5803125,29630721.91738873,102.8,-0.0,103.2,ASK
35,1712602035.25474,29630780.16981591,103.0,1.822033337281229e-08,103.2,BID
36,1712602041.1556623,29641972.16981591,102.9,3.5006605043359736e-06,103.2,BID
37,1712602046.5966218,29642023.86111591,102.6,-1.616812833553133e-08,103.2,ASK
38,1712602046.5986784,29642065.11395934,102.6,-1.2903162945082798e-08,103.2,ASK
39,1712602050.2862017,29642065.11395934,102.6,-0.0,103.2,ASK
40,1712602076.514745,29642123.36638652,102.6,-1.821368397004975e-08,103.2,ASK
41,1712602080.4767847,29642123.36638652,102.6,-0.0,103.2,ASK
42,1712602104.4046028,29642181.6188137,103.0,1.8213649932600663e-08,103.2,BID
43,1712602110.484771,29642181.6188137,103.0,0.0,103.2,BID
44,1712602140.3047545,29642181.6188137,103.0,0.0,103.2,BID
45,1712602143.1944685,29642239.87124088,102.6,-1.8213615763749253e-08,103.2,ASK
46,1712602170.306004,29642239.87124088,102.6,-0.0,103.2,ASK
47,1712602200.334808,29642239.87124088,102.6,-0.0,103.2,ASK
48,1712602209.464691,29642298.18027878,102.9,1.8235085261140937e-08,103.2,BID
49,1712602230.3162506,29642298.18027878,102.9,0.0,103.2,BID
50,1712602247.134158,29642356.48931668,102.5,-1.8235051043903508e-08,103.2,ASK
51,1712602260.3170247,29642356.48931668,102.5,-0.0,103.2,ASK
52,1712602271.324891,29642414.79835458,102.9,1.823501696213085e-08,103.2,BID
53,1712602290.3259835,29642414.79835458,102.9,0.0,103.2,BID
54,1712602311.6038897,29642473.10739248,102.5,-1.823498274514973e-08,103.2,ASK
55,1712602320.4741857,29642473.10739248,102.5,-0.0,103.2,ASK
56,1712602350.5139809,29642473.10739248,102.5,-0.0,103.2,ASK
57,1712602378.4539075,29642531.41643038,102.9,1.8234948663632385e-08,103.2,BID
58,1712602380.295757,29642531.41643038,102.9,0.0,103.2,BID
59,1712602410.3140075,29642531.41643038,102.9,0.0,103.2,BID
60,1712602416.6837904,29642589.72546828,102.6,-1.8234914448072587e-08,103.2,ASK
61,1712602440.4741106,29642589.72546828,102.6,-0.0,103.2,ASK
62,1712602443.496146,29642648.03450618,102.9,1.8234880331229444e-08,103.2,BID
63,1712602470.4850118,29642648.03450618,102.9,0.0,103.2,BID
64,1712602489.263441,29642706.34354408,102.6,-1.8234846117091083e-08,103.2,ASK
65,1712602500.3252375,29642706.34354408,102.6,-0.0,103.2,ASK
66,1712602516.5834522,29642764.65258198,102.9,1.823481200050362e-08,103.2,BID
67,1712602530.2956553,29642764.65258198,102.9,0.0,103.2,BID
68,1712602554.6346576,29642822.96161988,102.6,-1.8234777786621683e-08,103.2,ASK
69,1712602560.4847648,29642822.96161988,102.6,-0.0,103.2,ASK
70,1712602578.855831,29652569.55031383,102.6,-3.0480102725349723e-06,103.2,ASK
71,1712602578.8651168,29673333.21189407,102.6,-6.493333799064406e-06,103.2,ASK
72,1712602578.9553168,29675568.48993982,102.6,6.990292357007243e-07,103.2,BID
73,1712602578.994927,29676767.12452144,102.6,3.748440231264089e-07,103.2,BID
74,1712602579.005093,29679108.6680861,102.6,7.322612108478066e-07,103.2,BID
75,1712602579.0150754,29687305.5383189,102.6,2.5633732433700106e-06,103.2,BID
76,1712602580.8261616,29687363.8473568,102.9,1.8234743671454897e-08,103.2,BID
77,1712602590.475922,29687363.8473568,102.9,0.0,103.2,BID
78,1712602620.3379135,29687363.8473568,102.9,0.0,103.2,BID
79,1712602624.0763905,29687422.1563947,102.6,-1.8208721046530112e-08,103.2,ASK
80,1712602650.3173285,29687422.1563947,102.6,-0.0,103.2,ASK
81,1712602680.47943,29687422.1563947,102.6,-0.0,103.2,ASK
82,1712602688.497979,29687480.4654326,102.9,1.820868702762856e-08,103.2,BID
83,1712602694.078801,29687869.19235193,102.9,1.2139124685473488e-07,103.2,BID
84,1712602710.4799576,29687869.19235193,102.9,0.0,103.2,BID
85,1712602725.318637,29687927.50138983,102.7,-1.820842546779728e-08,103.2,ASK
86,1712602740.2909498,29687927.50138983,102.7,-0.0,103.2,ASK
87,1712602748.3097625,29687985.81042773,102.9,1.8208391416845592e-08,103.2,BID
88,1712602770.3259456,29687985.81042773,102.9,0.0,103.2,BID
89,1712602790.6121595,29688044.11946563,102.7,-1.8208357302039023e-08,103.2,ASK
90,1712602800.4034388,29688044.11946563,102.7,-0.0,103.2,ASK
91,1712602818.272569,29718232.42913847,102.9,9.427193538971146e-06,103.2,BID
92,1712602822.03042,29718290.73817637,102.9,1.8208723551942e-08,103.2,BID
93,1712602830.3206675,29718290.73817637,102.9,0.0,103.2,BID
94,1712602860.4813795,29718290.73817637,102.9,0.0,103.2,BID
95,1712602864.0508382,29718349.04721427,102.7,-1.8191043098154682e-08,103.2,ASK
96,1712602866.361292,29718869.47935304,102.7,-1.623625394410349e-07,103.2,ASK
97,1712602875.7212691,29718966.66108287,102.9,3.031840516204153e-08,103.2,BID
98,1712602890.4837885,29718966.66108287,102.9,0.0,103.2,BID
99,1712602892.5620797,29719024.97012077,102.9,1.819064903993265e-08,103.2,BID
100,1712602920.3158405,29719024.97012077,102.9,0.0,103.2,BID
101,1712602924.7020154,29723314.77811644,102.7,-1.3382873126614015e-06,103.2,ASK
102,1712602924.703918,29723372.32276789,102.7,-1.7952150079462747e-08,103.2,ASK
103,1712602932.0519357,29723430.63180579,102.6,-1.819061499041597e-08,103.2,ASK
104,1712602950.3389845,29723430.63180579,102.6,-0.0,103.2,ASK
105,1712602980.4847703,29723430.63180579,102.6,-0.0,103.2,ASK
106,1712602986.472964,29724607.58238728,102.9,3.67120331570312e-07,103.2,BID
107,1712602986.5932596,29736172.20823705,102.9,3.607296128844395e-06,103.2,BID
108,1712602986.6727774,29738345.89806613,102.9,6.780282395310132e-07,103.2,BID
109,1712602995.8131654,29738404.20710403,102.9,1.818804770954108e-08,103.2,BID
110,1712603010.495142,29738404.20710403,102.9,0.0,103.2,BID
111,1712603034.823718,29738462.51614193,102.7,-1.817931058428289e-08,103.2,ASK
112,1712603040.316008,29738462.51614193,102.7,-0.0,103.2,ASK
113,1712603053.1437998,29740011.85582142,102.9,4.830447502374892e-07,103.2,BID
114,1712603053.2633643,29741154.0205856,102.9,3.560979561467757e-07,103.2,BID
115,1712603066.7736702,29741212.3296235,102.9,1.817927664445857e-08,103.2,BID
116,1712603070.3736248,29741212.3296235,102.9,0.0,103.2,BID
117,1712603074.8262286,29742500.3296235,102.8,-4.015302552811924e-07,103.2,ASK
118,1712603091.6745236,29762637.3296235,102.9,6.277651203879946e-06,103.2,BID
119,1712603100.466447,29762637.3296235,102.9,0.0,103.2,BID
120,1712603111.750499,29762695.6386614,102.8,-1.816563786760941e-08,103.2,ASK
121,1712603130.486308,29762695.6386614,102.8,-0.0,103.2,ASK
122,1712603134.114304,29762753.9476993,102.9,1.816560394582031e-08,103.2,BID
123,1712603135.8242807,29772718.2476993,102.9,3.104279094833342e-06,103.2,BID
124,1712603160.3166783,29772718.2476993,102.9,0.0,103.2,BID
125,1712603178.314742,29772776.5567372,102.8,-1.8159769218809023e-08,103.2,ASK
126,1712603190.307819,29772776.5567372,102.8,-0.0,103.2,ASK
127,1712603204.4851563,29772834.8657751,102.9,1.8159735318934494e-08,103.2,BID
128,1712603220.476998,29772834.8657751,102.9,0.0,103.2,BID
129,1712603244.9753883,29772893.174813,102.8,-1.8159701383888665e-08,103.2,ASK
130,1712603250.507541,29772893.174813,102.8,-0.0,103.2,ASK
131,1712603272.1156852,29772951.4838509,102.9,1.8159667484267392e-08,103.2,BID
132,1712603280.285621,29784470.23370823,102.9,3.587379843190698e-06,103.2,BID
133,1712603280.3078,29784470.23370823,102.9,0.0,103.2,BID
134,1712603283.428573,29784765.23370823,102.9,9.184022407588417e-08,103.2,BID
135,1712603310.308381,29784765.23370823,102.9,0.0,103.2,BID
136,1712603312.2988925,29784823.54274613,102.8,-1.8152761014363115e-08,103.2,ASK
137,1712603340.48833,29784823.54274613,102.8,-0.0,103.2,ASK
138,1712603341.8361018,29784881.3816817,103.0,1.8006375224293722e-08,103.2,BID
139,1712603341.8381865,29784881.79557515,102.9,1.2885300690957456e-10,103.2,BID
140,1712603370.488472,29784881.79557515,102.9,0.0,103.2,BID
141,1712603400.34666,29784881.79557515,102.9,0.0,103.2,BID
142,1712603415.1170845,29784940.04840417,102.8,-1.813530840257122e-08,103.2,ASK
143,1712603430.3365912,29784940.04840417,102.8,-0.0,103.2,ASK
144,1712603460.4698014,29784940.04840417,102.8,-0.0,103.2,ASK
145,1712603470.706858,29784968.73493286,103.0,8.930692013959502e-09,103.2,BID
146,1712603470.709047,29784998.27215444,103.1,9.195529781063788e-09,103.2,BID
147,1712603490.4893236,29784998.27215444,103.1,0.0,103.2,BID
148,1712603512.667243,29785056.49590471,102.9,-1.812618793674711e-08,103.2,ASK
149,1712603519.5070355,29785981.28851976,102.9,-2.879059604524253e-07,103.2,ASK
150,1712603520.3191383,29785981.28851976,102.9,-0.0,103.2,ASK
151,1712603536.9973643,29786813.6018733,102.9,-2.591072049373695e-07,103.2,ASK
152,1712603550.3379278,29786813.6018733,102.9,-0.0,103.2,ASK
153,1712603570.4874098,29786870.59011598,103.1,1.7740518673150962e-08,103.2,BID
154,1712603570.4975133,29786871.79779958,103.1,3.759535732062439e-10,103.2,BID
155,1712603577.6179175,29786936.71775328,103.2,2.020967127163848e-08,103.2,BID
156,1712603577.6201131,29786995.26456968,103.1,1.8225704826189173e-08,103.2,BID
157,1712603580.3391428,29786995.26456968,103.1,0.0,103.2,BID
158,1712603610.3092625,29786995.26456968,103.1,0.0,103.2,BID
159,1712603610.506359,29787053.46049596,102.9,-1.8116366582349623e-08,103.2,ASK
160,1712603617.4778385,29787538.89738916,103.1,-1.511162940795505e-07,103.2,ASK
161,1712603617.597432,29787602.74919596,103.1,-1.9877039733100523e-08,103.2,ASK
162,1712603618.277765,29788701.32659596,103.1,3.41986667625302e-07,103.2,BID
163,1712603619.2683623,29788977.74499596,103.1,8.604892790137423e-08,103.2,BID
164,1712603620.7104394,29789269.00713188,103.1,-9.066977644773029e-08,103.2,ASK
165,1712603620.7875326,29789793.44749596,103.1,-1.6325805763033305e-07,103.2,ASK
166,1712603621.3282716,29790069.86589596,103.1,8.604892790137423e-08,103.2,BID
167,1712603622.5175433,29791159.61169596,103.1,3.392373943801618e-07,103.2,BID
168,1712603624.657503,29792686.14189596,103.1,-4.7520818845190004e-07,103.2,ASK
169,1712603624.667338,29794119.16889596,103.1,-4.461006828896857e-07,103.2,ASK
170,1712603625.487568,29795737.11799596,103.1,5.03666852327874e-07,103.2,BID
171,1712603626.7680256,29797129.52519596,103.1,4.334557567872381e-07,103.2,BID
172,1712603635.5776825,29797187.66473084,103.2,1.8098811964215543e-08,103.2,BID
173,1712603640.4875307,29797187.66473084,103.2,0.0,103.2,BID
174,1712603670.4980085,29797187.66473084,103.2,0.0,103.2,BID
175,1712603673.9711776,29797245.80426572,103.1,-1.809289336050253e-08,103.2,ASK
176,1712603700.3680918,29797245.80426572,103.1,-0.0,103.2,ASK
177,1712603705.1382256,29797303.9438006,103.2,1.8092859610492823e-08,103.2,BID
178,1712603730.3007076,29797303.9438006,103.2,0.0,103.2,BID
179,1712603734.949484,29797521.85426572,103.1,-6.781299677892574e-08,103.2,ASK
180,1712603734.952752,29802594.04026572,103.1,-1.5784470593862556e-06,103.2,ASK
181,1712603734.9556322,29805048.75786572,103.1,-7.638997815422851e-07,103.2,ASK
182,1712603760.480883,29805048.75786572,103.1,-0.0,103.2,ASK
183,1712603775.6682444,29805106.8974006,102.9,-1.8088331104073783e-08,103.2,ASK
184,1712603790.5006814,29805106.8974006,102.9,-0.0,103.2,ASK
185,1712603810.2288342,29805165.09332688,103.1,1.8105841857435325e-08,103.2,BID
186,1712603820.3183086,29805165.09332688,103.1,0.0,103.2,BID
187,1712603844.6688268,29805223.28925316,102.9,-1.81058080579418e-08,103.2,ASK
188,1712603850.3400729,29805223.28925316,102.9,-0.0,103.2,ASK
189,1712603878.038695,29805281.48517944,103.1,1.810577432529728e-08,103.2,BID
190,1712603880.5085182,29805281.48517944,103.1,0.0,103.2,BID
191,1712603910.500423,29805281.48517944,103.1,0.0,103.2,BID
192,1712603940.3009968,29805281.48517944,103.1,0.0,103.2,BID
193,1712603951.698804,29805339.68110572,102.9,-1.8105740528373875e-08,103.2,ASK
194,1712603970.3091204,29805339.68110572,102.9,-0.0,103.2,ASK
195,1712603979.568957,29805397.877032,103.1,1.810570679482198e-08,103.2,BID
196,1712604000.341908,29805397.877032,103.1,0.0,103.2,BID
197,1712604021.6253488,29805456.07295828,102.9,-1.8108019987241893e-08,103.2,ASK
198,1712604030.3219094,29805456.07295828,102.9,-0.0,103.2,ASK
199,1712604049.1612897,29805514.26888456,103.1,1.8107986246354852e-08,103.2,BID
200,1712604060.5089836,29805514.26888456,103.1,0.0,103.2,BID
201,1712604089.2590656,29805572.46481084,102.9,-1.8107952441173104e-08,103.2,ASK
202,1712604090.5835652,29805572.46481084,102.9,-0.0,103.2,ASK
203,1712604116.0991266,29805630.66073712,103.1,1.8107918699378643e-08,103.2,BID
204,1712604120.3326082,29805630.66073712,103.1,0.0,103.2,BID
205,1712604132.7992446,29816013.81867271,103.0,3.230759277301896e-06,103.2,BID
206,1712604136.699221,29821844.72246251,102.9,-1.8143080005919608e-06,103.2,ASK
207,1712604143.2894037,29831562.89544598,102.9,-3.0238466678000927e-06,103.2,ASK
208,1712604143.2910862,29849159.89554299,102.9,-5.475373837975846e-06,103.2,ASK
209,1712604150.3128712,29849159.89554299,102.9,-0.0,103.2,ASK
210,1712604151.569213,29849218.09146927,102.8,-1.8082677093717512e-08,103.2,ASK
211,1712604180.482309,29849218.09146927,102.8,-0.0,103.2,ASK
212,1712604181.8495553,29849276.34389645,103.0,1.810019944483385e-08,103.2,BID
213,1712604210.5223165,29849276.34389645,103.0,0.0,103.2,BID
214,1712604219.199641,29849334.59632363,102.8,-1.8100165701480635e-08,103.2,ASK
215,1712604240.3016546,29849334.59632363,102.8,-0.0,103.2,ASK
216,1712604241.4593582,29858945.77442931,102.8,-2.9863750064679858e-06,103.2,ASK
217,1712604261.979682,29883241.206888,102.8,7.54905085185136e-06,103.2,BID
218,1712604270.3254,29883241.206888,102.8,0.0,103.2,BID
219,1712604283.1095684,29883299.62947806,102.7,1.8133365657062653e-08,103.2,BID
220,1712604300.506569,29883299.62947806,102.7,0.0,103.2,BID
221,1712604319.0071714,29883358.05206812,102.6,-1.8134722549254373e-08,103.2,ASK
222,1712604330.4823775,29883358.05206812,102.6,-0.0,103.2,ASK
223,1712604352.0497675,29883416.36110602,102.9,1.8099441599804376e-08,103.2,BID
224,1712604360.3520565,29883416.36110602,102.9,0.0,103.2,BID
225,1712604377.0597727,29894549.93851596,102.6,-3.455916374072541e-06,103.2,ASK
226,1712604377.0623643,29899389.93851596,102.6,-1.5023594514711045e-06,103.2,ASK
227,1712604377.2399378,29900563.96965077,102.6,3.644249528313221e-07,103.2,BID
228,1712604390.3301246,29900563.96965077,102.6,0.0,103.2,BID
229,1712604402.7900622,29900629.80155077,102.5,-2.0423387339630355e-08,103.2,ASK
230,1712604402.7919388,29910385.89911174,102.5,-3.0266870532446584e-06,103.2,ASK
231,1712604402.7940238,29914593.76205396,102.5,1.3054281396272465e-06,103.2,BID
232,1712604402.8497548,29916913.00739747,102.5,7.195120600865041e-07,103.2,BID
233,1712604402.8698244,29918640.08747448,102.5,5.358014181733555e-07,103.2,BID
234,1712604402.8724864,29925567.51592227,102.5,2.149133694509424e-06,103.2,BID
235,1712604402.898773,29927304.35384812,102.5,5.388286485342987e-07,103.2,BID
236,1712604402.905496,29929408.80672941,102.5,6.528758297220071e-07,103.2,BID
237,1712604402.9118688,29931534.69315627,102.5,6.595252747964979e-07,103.2,BID
238,1712604402.9303432,29933255.32050061,102.5,5.337995519239188e-07,103.2,BID
239,1712604402.970309,29943020.94550061,102.5,3.0296428023212214e-06,103.2,BID
240,1712604403.050266,29952786.57050061,102.5,3.0296428023212214e-06,103.2,BID
241,1712604403.0529678,29953920.83565761,102.5,3.518892307289861e-07,103.2,BID
242,1712604403.055648,29956396.15090021,102.5,7.679304712415413e-07,103.2,BID
243,1712604403.109869,29957512.01646993,102.5,3.4618102698544735e-07,103.2,BID
244,1712604403.129997,29958632.18238136,102.5,3.475151453160066e-07,103.2,BID
245,1712604403.1334069,29968397.80738136,102.5,3.0296428023212214e-06,103.2,BID
246,1712604403.350449,29978163.43238136,102.5,3.0296428023212214e-06,103.2,BID
247,1712604403.4499042,29987929.05738136,102.5,3.0296428023212214e-06,103.2,BID
248,1712604403.5298362,30007831.4964058,102.5,6.174441588635977e-06,103.2,BID
249,1712604403.5899167,30015318.09152178,102.5,2.322607002319674e-06,103.2,BID
250,1712604420.3401954,30015318.09152178,102.5,0.0,103.2,BID
251,1712604450.3197763,30015318.09152178,102.5,0.0,103.2,BID
252,1712604458.2261918,30022580.48593648,102.8,2.244860325013331e-06,103.2,BID
253,1712604461.4300802,30022638.79497438,102.5,-1.8023758872330922e-08,103.2,ASK
254,1712604480.5032935,30022638.79497438,102.5,-0.0,103.2,ASK
255,1712604510.5147269,30022638.79497438,102.5,-0.0,103.2,ASK
256,1712604540.3405151,30022638.79497438,102.5,-0.0,103.2,ASK
257,1712604557.4702294,30022697.16073313,102.8,1.8037095938746745e-08,103.2,BID
258,1712604570.3219116,30022697.16073313,102.8,0.0,103.2,BID
259,1712604598.1700902,30022755.52649188,102.4,-1.803706249418264e-08,103.2,ASK
260,1712604600.4235067,30022755.52649188,102.4,-0.0,103.2,ASK
261,1712604625.5910425,30022813.89225063,102.8,1.8037084920679506e-08,103.2,BID
262,1712604627.833965,30023014.32026619,102.8,6.193934962082538e-08,103.2,BID
263,1712604630.3203049,30023014.32026619,102.8,0.0,103.2,BID
264,1712604660.502211,30023014.32026619,102.8,0.0,103.2,BID
265,1712604667.2326646,30023072.68602494,102.4,-1.8036936628607672e-08,103.2,ASK
266,1712604690.5040026,30023072.68602494,102.4,-0.0,103.2,ASK
267,1712604692.820674,30023131.05178369,102.8,1.803690331361508e-08,103.2,BID
268,1712604720.312096,30023131.05178369,102.8,0.0,103.2,BID
269,1712604734.5608692,30023189.41754244,102.4,-1.8036869870916536e-08,103.2,ASK
270,1712604750.3447602,30023189.41754244,102.4,-0.0,103.2,ASK
271,1712604764.0205386,30023247.78330119,102.8,1.803683655732177e-08,103.2,BID
272,1712604780.3806598,30023247.78330119,102.8,0.0,103.2,BID
273,1712604781.2704377,30034439.78330119,102.7,3.458670027941968e-06,103.2,BID
274,1712604804.90023,30034498.14905994,102.4,-1.803680311371956e-08,103.2,ASK
275,1712604810.3332772,30034498.14905994,102.4,-0.0,103.2,ASK
276,1712604833.8403838,30034556.51481869,102.8,1.8030365328857452e-08,103.2,BID
277,1712604840.5205555,30034556.51481869,102.8,0.0,103.2,BID
278,1712604870.4904497,30034556.51481869,102.8,0.0,103.2,BID
279,1712604898.6305006,30034614.88057744,102.4,-1.80303319092486e-08,103.2,ASK
280,1712604900.323449,30034614.88057744,102.4,-0.0,103.2,ASK
281,1712604929.4709475,30034718.96979676,102.4,-3.2155200158926645e-08,103.2,ASK
282,1712604930.327927,30034718.96979676,102.4,-0.0,103.2,ASK
283,1712604930.576589,30034777.33555551,102.8,1.8030267570343612e-08,103.2,BID
284,1712604960.4934382,30034777.33555551,102.8,0.0,103.2,BID
285,1712604964.9809566,30034835.70131426,102.4,-1.803023415109716e-08,103.2,ASK
286,1712604990.500666,30034835.70131426,102.4,-0.0,103.2,ASK
287,1712604996.0410852,30034894.12390432,102.7,1.8047757045332908e-08,103.2,BID
288,1712605020.4053884,30034894.12390432,102.7,0.0,103.2,BID
289,1712605041.1511807,30034952.54649438,102.4,-1.8047723592642525e-08,103.2,ASK
290,1712605050.3413794,30034952.54649438,102.4,-0.0,103.2,ASK
291,1712605068.2609596,30034996.59594884,102.7,1.3607594400169421e-08,103.2,BID
292,1712605068.2647252,30035010.95510279,102.8,4.435776679898552e-09,103.2,BID
293,1712605080.490579,30035010.95510279,102.8,0.0,103.2,BID
294,1712605110.5049138,30035010.95510279,102.8,0.0,103.2,BID
295,1712605112.021261,30035067.41590279,102.5,-1.7441628988564333e-08,103.2,ASK
296,1712605112.0252953,30035069.3637112,102.4,-6.01708648217252e-10,103.2,ASK
297,1712605140.3182852,30035069.3637112,102.4,-0.0,103.2,ASK
298,1712605145.4607625,30035127.72946995,102.8,1.8030067358523405e-08,103.2,BID
299,1712605170.3029122,30035127.72946995,102.8,0.0,103.2,BID
300,1712605184.1513412,30035186.0952287,102.5,-1.8030033940019133e-08,103.2,ASK
301,1712605200.3659892,30035186.0952287,102.5,-0.0,103.2,ASK
302,1712605219.1614528,30035244.46098745,102.8,1.8030037435717608e-08,103.2,BID
303,1712605228.110843,30035444.88900301,102.8,6.191514856141683e-08,103.2,BID
304,1712605230.3272233,30035444.88900301,102.8,0.0,103.2,BID
305,1712605260.494189,30035444.88900301,102.8,0.0,103.2,BID
306,1712605262.161054,30035503.25476176,102.5,-1.802988926065537e-08,103.2,ASK
307,1712605290.4841387,30035503.25476176,102.5,-0.0,103.2,ASK
308,1712605294.3811784,30035561.62052051,102.8,1.802985594033401e-08,103.2,BID
309,1712605295.8696756,30036961.05042265,102.5,-4.32300034717304e-07,103.2,ASK
310,1712605320.312984,30036961.05042265,102.5,-0.0,103.2,ASK
311,1712605335.2213037,30037019.4161814,102.5,-1.8029023644470543e-08,103.2,ASK
312,1712605350.336229,30037019.4161814,102.5,-0.0,103.2,ASK
313,1712605359.8911836,30037077.78194015,102.8,1.802899032734852e-08,103.2,BID
314,1712605380.491237,30037077.78194015,102.8,0.0,103.2,BID
315,1712605406.411527,30037136.1476989,102.5,-1.8028956912836645e-08,103.2,ASK
316,1712605410.5011988,30037136.1476989,102.5,-0.0,103.2,ASK
317,1712605435.8212404,30037194.51345765,102.8,1.802892359481053e-08,103.2,BID
318,1712605440.321322,30037194.51345765,102.8,0.0,103.2,BID
319,1712605470.3193195,30037194.51345765,102.8,0.0,103.2,BID
320,1712605473.881415,30037252.8792164,102.5,-1.8028890181696743e-08,103.2,ASK
321,1712605500.341877,30037252.8792164,102.5,-0.0,103.2,ASK
322,1712605509.3361518,30037311.24497515,102.8,1.8028856865067992e-08,103.2,BID
323,1712605530.3412504,30037311.24497515,102.8,0.0,103.2,BID
324,1712605558.1416774,30037369.6107339,102.5,-1.802882345105083e-08,103.2,ASK
325,1712605560.4941368,30037369.6107339,102.5,-0.0,103.2,ASK
326,1712605580.9937017,30037427.97649265,102.8,1.8028790134668708e-08,103.2,BID
327,1712605588.2013123,30047155.60295179,102.8,3.004798355997138e-06,103.2,BID
328,1712605590.4935908,30047155.60295179,102.8,0.0,103.2,BID
329,1712605604.241348,30049100.15548097,102.8,6.004725965265665e-07,103.2,BID
330,1712605620.3276007,30049100.15548097,102.8,0.0,103.2,BID
331,1712605623.061475,30049158.52123972,102.5,-1.8022077011986574e-08,103.2,ASK
332,1712605650.3264887,30049158.52123972,102.5,-0.0,103.2,ASK
333,1712605654.8013208,30049216.88699847,102.8,1.802204372053394e-08,103.2,BID
334,1712605680.5037313,30049216.88699847,102.8,0.0,103.2,BID
335,1712605694.69173,30049275.25275722,102.6,-1.8022010331766445e-08,103.2,ASK
336,1712605710.5115497,30049275.25275722,102.6,-0.0,103.2,ASK
337,1712605721.3816192,30049333.61851597,102.8,1.8021977006930715e-08,103.2,BID
338,1712605740.3355055,30049333.61851597,102.8,0.0,103.2,BID
339,1712605761.271613,30049391.98427472,102.6,-1.802194361956069e-08,103.2,ASK
340,1712605770.325249,30049391.98427472,102.6,-0.0,103.2,ASK
341,1712605787.371724,30049450.35003347,102.8,1.8021910296121963e-08,103.2,BID
342,1712605800.355066,30049450.35003347,102.8,0.0,103.2,BID
343,1712605820.4616427,30049650.77804903,102.8,6.192666441261534e-08,103.2,BID
344,1712605826.6675465,30049709.14380778,102.7,-1.8033390917124052e-08,103.2,ASK
345,1712605830.3420863,30049709.14380778,102.7,-0.0,103.2,ASK
346,1712605841.8619246,30053107.32174278,102.8,1.0499335366087291e-06,103.2,BID
347,1712605841.9619691,30053654.03119855,102.8,1.689165792295183e-07,103.2,BID
348,1712605841.9663403,30065859.02863878,102.8,3.7709726717766352e-06,103.2,BID
349,1712605851.5317411,30065917.3376763,102.9,1.801571758518613e-08,103.2,BID
350,1712605851.542916,30065917.33767668,102.8,1.1740213251419615e-16,103.2,BID
351,1712605860.49169,30065917.33767668,102.8,0.0,103.2,BID
352,1712605885.943522,30066024.32322264,102.9,3.30382685594918e-08,103.2,BID
353,1712605890.505052,30066024.32322264,102.9,0.0,103.2,BID
354,1712605911.0618927,30066131.3087686,102.9,-3.303815624172585e-08,103.2,ASK
355,1712605911.1718066,30070762.29129316,102.9,-1.4300915401903909e-06,103.2,ASK
356,1712605920.332034,30070762.29129316,102.9,-0.0,103.2,ASK
357,1712605926.3520243,30070820.60033106,102.7,-1.800367606891802e-08,103.2,ASK
358,1712605950.3743622,30070820.60033106,102.7,-0.0,103.2,ASK
359,1712605980.491969,30070820.60033106,102.7,-0.0,103.2,ASK
360,1712605983.8063731,30070872.36793106,103.0,1.5983892232652413e-08,103.2,BID
361,1712605983.8102367,30070878.8464684,103.1,2.0003292148649803e-09,103.2,BID
362,1712606006.9822872,30077146.95381975,103.1,1.935356331119924e-06,103.2,BID
363,1712606006.986144,30078878.8464684,103.1,5.347434583517703e-07,103.2,BID
364,1712606010.5002258,30078878.8464684,103.1,0.0,103.2,BID
365,1712606026.432429,30078937.09260574,103.0,-1.7979609320595228e-08,103.2,ASK
366,1712606040.341137,30078937.09260574,103.0,-0.0,103.2,ASK
367,1712606049.832763,30078995.23214062,103.2,1.794666968701123e-08,103.2,BID
368,1712606070.302104,30078995.23214062,103.2,0.0,103.2,BID
369,1712606089.5920324,30079053.3716755,103.0,-1.7946636448112062e-08,103.2,ASK
370,1712606100.3390117,30079053.3716755,103.0,-0.0,103.2,ASK
371,1712606130.3355496,30079053.3716755,103.0,-0.0,103.2,ASK
372,1712606147.8283105,30079111.51121038,103.2,1.7949273138292897e-08,103.2,BID
373,1712606160.495553,30079111.51121038,103.2,0.0,103.2,BID
374,1712606179.0422077,30081860.17488959,103.2,8.485864886380399e-07,103.2,BID
375,1712606179.052292,30088555.90464452,103.2,2.0671520654110176e-06,103.2,BID
376,1712606179.0563,30088801.433691,103.2,7.58014277943553e-08,103.2,BID
377,1712606185.1123118,30088859.57322588,103.0,-1.7949239889749366e-08,103.2,ASK
378,1712606190.4921868,30088859.57322588,103.0,-0.0,103.2,ASK
379,1712606213.312354,30088917.76915216,103.1,1.7961071162071877e-08,103.2,BID
380,1712606220.3271816,30088917.76915216,103.1,0.0,103.2,BID
381,1712606250.3245528,30088917.76915216,103.1,0.0,103.2,BID
382,1712606280.5022542,30088917.76915216,103.1,0.0,103.2,BID
383,1712606281.8525925,30088975.96507844,103.0,-1.7961037900915767e-08,103.2,ASK
384,1712606310.5225503,30088975.96507844,103.0,-0.0,103.2,ASK
385,1712606311.7123864,30089015.41808746,103.1,1.217637942556628e-08,103.2,BID
386,1712606311.892803,30089082.60426369,103.1,-2.0735664889202284e-08,103.2,ASK
387,1712606340.316229,30089082.60426369,103.1,-0.0,103.2,ASK
388,1712606344.255864,30089140.80018997,103.1,1.7960943727647484e-08,103.2,BID
389,1712606370.3244543,30089140.80018997,103.1,0.0,103.2,BID
390,1712606387.152585,30089198.99611625,103.0,-1.7960910469262796e-08,103.2,ASK
391,1712606400.442685,30089198.99611625,103.0,-0.0,103.2,ASK
392,1712606408.9365792,30089257.13565113,103.2,1.7968788315663466e-08,103.2,BID
393,1712606425.5223196,30089368.53810154,103.0,-3.44303932494709e-08,103.2,ASK
394,1712606427.6724102,30089535.54489974,103.0,-5.16156486349438e-08,103.2,ASK
395,1712606430.332514,30089535.54489974,103.0,-0.0,103.2,ASK
396,1712606449.532734,30089593.68443462,103.0,-1.7968595744043856e-08,103.2,ASK
397,1712606460.5023303,30089593.68443462,103.0,-0.0,103.2,ASK
398,1712606484.1827064,30090530.59716157,103.1,-2.895615679644376e-07,103.2,ASK
399,1712606484.3046994,30105895.35565177,103.0,-4.748621116826216e-06,103.2,ASK
400,1712606490.4971738,30105895.35565177,103.0,-0.0,103.2,ASK
401,1712606507.7723992,30105953.55157805,103.1,1.7976661573284254e-08,103.2,BID
402,1712606520.346931,30105953.55157805,103.1,0.0,103.2,BID
403,1712606530.1926455,30106408.86888574,103.2,1.406467858156239e-07,103.2,BID
404,1712606546.0530367,30106467.06481202,103.0,-1.7976628255512753e-08,103.2,ASK
405,1712606550.3531077,30106467.06481202,103.0,-0.0,103.2,ASK
406,1712606574.0128448,30106525.2043469,103.2,1.7958915121000164e-08,103.2,BID
407,1712606580.344473,30106525.2043469,103.2,0.0,103.2,BID
408,1712606609.6528332,30106583.34388178,103.0,-1.7958881836726195e-08,103.2,ASK
409,1712606610.3260455,30106583.34388178,103.0,-0.0,103.2,ASK
410,1712606634.991837,30106641.48341666,103.2,1.7958848618230363e-08,103.2,BID
411,1712606640.4993396,30106641.48341666,103.2,0.0,103.2,BID
412,1712606670.4831145,30106641.48341666,103.2,0.0,103.2,BID
413,1712606674.8611293,30106699.62295154,103.0,-1.7958815333052193e-08,103.2,ASK
414,1712606674.9406238,30119078.50472761,103.0,-3.8237328920320575e-06,103.2,ASK
415,1712606700.3138952,30119078.50472761,103.0,-0.0,103.2,ASK
416,1712606703.150613,30119136.75715479,103.0,1.7997865128377832e-08,103.2,BID
417,1712606730.319198,30119136.75715479,103.0,0.0,103.2,BID
418,1712606745.10911,30119195.00958197,102.8,-1.7997831764355318e-08,103.2,ASK
419,1712606760.5028598,30119195.00958197,102.8,-0.0,103.2,ASK
420,1712606766.4482903,30119253.26200915,103.0,1.7997798466391622e-08,103.2,BID
421,1712606790.489812,30119253.26200915,103.0,0.0,103.2,BID
422,1712606809.7371457,30119311.51443633,102.8,-1.799776510146529e-08,103.2,ASK
423,1712606820.2971914,30119311.51443633,102.8,-0.0,103.2,ASK
424,1712606833.1166985,30119369.76686351,103.0,1.7997731802597298e-08,103.2,BID
425,1712606850.3109398,30119369.76686351,103.0,0.0,103.2,BID
426,1712606871.995788,30119428.01929069,102.8,-1.799769843906909e-08,103.2,ASK
427,1712606880.467743,30119428.01929069,102.8,-0.0,103.2,ASK
428,1712606898.175761,30119486.32832859,102.9,1.801515558451946e-08,103.2,BID
429,1712606910.5087793,30119486.32832859,102.9,0.0,103.2,BID
430,1712606928.5848243,30122404.61626629,102.8,-9.016323313149306e-07,103.2,ASK
431,1712606938.4043963,30122462.92530419,102.8,-1.8015122187664423e-08,103.2,ASK
432,1712606940.3329277,30122462.92530419,102.8,-0.0,103.2,ASK
433,1712606962.8242545,30122521.23434209,102.9,1.801341920451907e-08,103.2,BID
434,1712606970.3199608,30122521.23434209,102.9,0.0,103.2,BID
435,1712607000.4069707,30122521.23434209,102.9,0.0,103.2,BID
436,1712607003.2465384,30122579.54337999,102.8,-1.8014289477114427e-08,103.2,ASK
437,1712607030.306278,30122579.54337999,102.8,-0.0,103.2,ASK
438,1712607034.7529764,30122637.85241789,102.9,1.8014256118223625e-08,103.2,BID
439,1712607060.4926057,30122637.85241789,102.9,0.0,103.2,BID
440,1712607068.1224306,30122696.16145579,102.8,-1.8014222725854246e-08,103.2,ASK
441,1712607090.4850068,30122696.16145579,102.8,-0.0,103.2,ASK
442,1712607099.8922446,30122754.47049369,102.9,1.8014189364908863e-08,103.2,BID
443,1712607120.3100317,30122754.47049369,102.9,0.0,103.2,BID
444,1712607133.8620856,30122812.77953159,102.8,-1.8014155973937857e-08,103.2,ASK
445,1712607150.3376858,30122812.77953159,102.8,-0.0,103.2,ASK
446,1712607162.431009,30122871.08856949,102.9,1.8014122613239712e-08,103.2,BID
447,1712607180.4910133,30122871.08856949,102.9,0.0,103.2,BID
448,1712607203.850921,30122929.39760739,102.8,-1.801408922251617e-08,103.2,ASK
449,1712607210.4904313,30122929.39760739,102.8,-0.0,103.2,ASK
450,1712607226.9502556,30122987.70664529,102.9,1.8014055863216146e-08,103.2,BID
451,1712607240.306676,30122987.70664529,102.9,0.0,103.2,BID
452,1712607266.370109,30123046.01568319,102.8,-1.8014022470438283e-08,103.2,ASK
453,1712607270.3331523,30123046.01568319,102.8,-0.0,103.2,ASK
454,1712607298.2193198,30123104.32472109,102.9,1.8013989112536375e-08,103.2,BID
455,1712607300.3264554,30123104.32472109,102.9,0.0,103.2,BID
456,1712607326.3791084,30123298.68818075,102.9,6.012146469493966e-08,103.2,BID
457,1712607330.3179984,30123298.68818075,102.9,0.0,103.2,BID
458,1712607333.0693166,30123356.99721865,102.8,-1.8036327828030483e-08,103.2,ASK
459,1712607358.1988847,30123415.30625655,102.9,1.8036327828030483e-08,103.2,BID
460,1712607360.4922812,30123415.30625655,102.9,0.0,103.2,BID
461,1712607390.4945674,30123415.30625655,102.9,0.0,103.2,BID
462,1712607398.9984505,30123473.61529445,102.8,-1.8036260911040137e-08,103.2,ASK
463,1712607420.30953,30123473.61529445,102.8,-0.0,103.2,ASK
464,1712607424.3581316,30123531.92433235,102.9,1.8036227470724912e-08,103.2,BID
465,1712607450.3123612,30123531.92433235,102.9,0.0,103.2,BID
466,1712607464.0377786,30123590.23337025,102.8,-1.803619399569864e-08,103.2,ASK
467,1712607480.4900424,30123590.23337025,102.8,-0.0,103.2,ASK
468,1712607510.479798,30123590.23337025,102.8,-0.0,103.2,ASK
469,1712607540.3178852,30123590.23337025,102.8,-0.0,103.2,ASK
470,1712607541.3076804,30124168.67443485,102.8,-1.7892347890891917e-07,103.2,ASK
471,1712607541.312927,30124369.10245041,102.8,-6.199642454389732e-08,103.2,ASK
472,1712607554.4404657,30124427.46820916,102.8,1.8053705456239185e-08,103.2,BID
473,1712607556.647196,30134155.0946683,102.8,3.008950909784571e-06,103.2,BID
474,1712607558.8741238,30138359.64676177,102.7,-1.3005526990607985e-06,103.2,ASK
475,1712607558.9677844,30138798.14412861,102.7,1.356360728311122e-07,103.2,BID
476,1712607570.341786,30138798.14412861,102.7,0.0,103.2,BID
477,1712607585.807898,30143600.71820268,102.6,-1.4848151320311986e-06,103.2,ASK
478,1712607585.813572,30158177.92044439,102.6,-4.506843650372926e-06,103.2,ASK
479,1712607585.8175218,30158275.48141999,102.5,-3.016299397624209e-08,103.2,ASK
480,1712607585.8199933,30158646.18900034,102.6,-1.1461191776907885e-07,103.2,ASK
481,1712607585.822445,30184888.87458605,102.5,-8.113469165041281e-06,103.2,ASK
482,1712607591.2071834,30184947.2403448,102.5,-1.8044981805329165e-08,103.2,ASK
483,1712607591.8668756,30197678.75607717,102.7,3.936211481917402e-06,103.2,BID
484,1712607600.3385196,30197678.75607717,102.7,0.0,103.2,BID
485,1712607614.1496654,30197879.37925146,102.7,6.191215400581534e-08,103.2,BID
486,1712607619.1064663,30197937.80184152,102.7,1.8029165403691256e-08,103.2,BID
487,1712607621.1668005,30198352.80184152,102.6,-1.280686740362908e-07,103.2,ASK
488,1712607621.1763213,30243484.3146119,102.5,-1.3927549392179752e-05,103.2,ASK
489,1712607630.2862802,30243484.3146119,102.5,-0.0,103.2,ASK
490,1712607652.2667987,30254676.3146119,102.5,-3.448845295738112e-06,103.2,ASK
491,1712607652.352152,30255446.65531056,102.5,2.3738258530085335e-07,103.2,BID
492,1712607652.3665051,30258252.75627153,102.5,8.647076571307468e-07,103.2,BID
493,1712607652.38655,30266575.88661793,102.5,2.564795294942157e-06,103.2,BID
494,1712607656.1965756,30266634.30920799,102.6,-1.8003080316318927e-08,103.2,ASK
495,1712607660.3417237,30266634.30920799,102.6,-0.0,103.2,ASK
496,1712607688.0460827,30266692.73179805,102.7,1.7989925909965752e-08,103.2,BID
497,1712607690.3168073,30266692.73179805,102.7,0.0,103.2,BID
498,1712607720.4785342,30266692.73179805,102.7,0.0,103.2,BID
499,1712607750.480742,30266692.73179805,102.7,0.0,103.2,BID
500,1712607780.305891,30266692.73179805,102.7,0.0,103.2,BID
501,1712607792.9855692,30266751.15438811,102.6,-1.798989267360978e-08,103.2,ASK
502,1712607810.3249178,30266751.15438811,102.6,-0.0,103.2,ASK
503,1712607840.4695077,30266751.15438811,102.6,-0.0,103.2,ASK
504,1712607841.0659738,30267206.4716958,102.6,-1.4020423213409042e-07,103.2,ASK
505,1712607870.4776394,30267206.4716958,102.6,-0.0,103.2,ASK
506,1712607879.45496,30267264.89428586,102.7,1.7989600689010715e-08,103.2,BID
507,1712607891.9047318,30267459.63625275,102.7,5.996533563462413e-08,103.2,BID
508,1712607891.9647684,30280303.20082342,102.7,3.95481607036894e-06,103.2,BID
509,1712607900.3409984,30280303.20082342,102.7,0.0,103.2,BID
510,1712607918.1648664,30280361.62341348,102.7,-1.798278444634245e-08,103.2,ASK
511,1712607930.332029,30280361.62341348,102.7,-0.0,103.2,ASK
512,1712607960.468128,30280361.62341348,102.7,-0.0,103.2,ASK
513,1712607978.0973012,30280419.98917223,102.8,1.79652582871214e-08,103.2,BID
514,1712607990.4803598,30280419.98917223,102.8,0.0,103.2,BID
515,1712608016.055044,30280478.35493098,102.7,-1.7965225107284073e-08,103.2,ASK
516,1712608020.322847,30280478.35493098,102.7,-0.0,103.2,ASK
517,1712608044.5540392,30280536.72068973,102.8,1.7965191962137423e-08,103.2,BID
518,1712608050.3186457,30280536.72068973,102.8,0.0,103.2,BID
519,1712608079.7841277,30280595.08644848,102.7,-1.796515878369173e-08,103.2,ASK
520,1712608080.4840138,30280595.08644848,102.7,-0.0,103.2,ASK
521,1712608093.994075,30281595.08644848,102.7,-3.078024859475037e-07,103.2,ASK
522,1712608110.4883404,30281595.08644848,102.7,-0.0,103.2,ASK
523,1712608140.3165534,30281595.08644848,102.7,-0.0,103.2,ASK
524,1712608168.1342113,30282182.01528728,102.7,-1.8065244499571861e-07,103.2,ASK
525,1712608170.3160236,30282182.01528728,102.7,-0.0,103.2,ASK
526,1712608175.7133324,30282240.43787734,102.7,1.7981716404288532e-08,103.2,BID
527,1712608195.1236272,30283693.43705046,102.6,-4.472143231017198e-07,103.2,ASK
528,1712608195.1285903,30289600.44652099,102.6,-1.818100994675599e-06,103.2,ASK
529,1712608200.5623715,30289600.44652099,102.6,-0.0,103.2,ASK
530,1712608209.6742082,30290584.79039757,102.4,-3.029967417511912e-07,103.2,ASK
531,1712608209.6808822,30293554.05809711,102.4,-9.139879464433892e-07,103.2,ASK
532,1712608209.688682,30294530.62059711,102.4,-3.006015099571523e-07,103.2,ASK
533,1712608212.5437667,30294589.04318717,102.4,-1.7983404839169635e-08,103.2,ASK
534,1712608230.4930468,30294589.04318717,102.4,-0.0,103.2,ASK
535,1712608235.4031494,30294647.40894592,102.8,1.796308669770819e-08,103.2,BID
536,1712608260.3295903,30294647.40894592,102.8,0.0,103.2,BID
537,1712608277.0028512,30294705.77470467,102.4,-1.7963053525891593e-08,103.2,ASK
538,1712608290.3230224,30294705.77470467,102.4,-0.0,103.2,ASK
539,1712608320.482831,30294705.77470467,102.4,-0.0,103.2,ASK
540,1712608321.6531785,30305897.77470467,102.4,-3.4445217466199283e-06,103.2,ASK
541,1712608321.6575613,30382904.66842988,102.4,-2.370013581809728e-05,103.2,ASK
542,1712608321.660199,30395368.66842988,102.4,-3.83600062990268e-06,103.2,ASK
543,1712608332.353187,30395427.03418863,102.8,1.7963020484412068e-08,103.2,BID
544,1712608350.485993,30395427.03418863,102.8,0.0,103.2,BID
545,1712608380.312879,30395427.03418863,102.8,0.0,103.2,BID
546,1712608408.1229734,30395485.39994738,102.3,-1.7906181502467825e-08,103.2,ASK
547,1712608410.319031,30395485.39994738,102.3,-0.0,103.2,ASK
548,1712608440.3384416,30395485.39994738,102.3,-0.0,103.2,ASK
549,1712608470.3224556,30395485.39994738,102.3,-0.0,103.2,ASK
550,1712608473.5624497,30395543.93653274,102.5,1.795855694180018e-08,103.2,BID
551,1712608500.3421144,30395543.93653274,102.5,0.0,103.2,BID
552,1712608511.6521502,30395602.4731181,102.3,-1.7960472711532446e-08,103.2,ASK
553,1712608530.324789,30395602.4731181,102.3,-0.0,103.2,ASK
554,1712608540.7625327,30395661.00970346,102.5,1.796043971180434e-08,103.2,BID
555,1712608551.88177,30395856.13165467,102.5,5.986813237420516e-08,103.2,BID
556,1712608560.4877324,30395856.13165467,102.5,0.0,103.2,BID
557,1712608580.4018288,30395914.66824003,102.4,-1.79602964348212e-08,103.2,ASK
558,1712608587.1919906,30399125.25395652,102.5,9.8507746637724e-07,103.2,BID
559,1712608590.4645827,30399125.25395652,102.5,0.0,103.2,BID
560,1712608606.5416677,30399183.73348868,102.6,1.7940946771867294e-08,103.2,BID
561,1712608620.303362,30399183.73348868,102.6,0.0,103.2,BID
562,1712608647.191784,30399186.38620332,102.4,-8.138253298701722e-10,103.2,ASK
563,1712608647.198006,30399242.21302084,102.4,-1.712708841741912e-08,103.2,ASK
564,1712608650.2998598,30399242.21302084,102.4,-0.0,103.2,ASK
565,1712608656.6830206,30404125.02552084,102.4,-1.4979934642656178e-06,103.2,ASK
566,1712608676.072708,30404183.505053,102.6,1.7940880787207913e-08,103.2,BID
567,1712608680.5139532,30404183.505053,102.6,0.0,103.2,BID
568,1712608710.47707,30404183.505053,102.6,0.0,103.2,BID
569,1712608719.1421657,30404241.98458516,102.4,-1.7938096162094626e-08,103.2,ASK
570,1712608740.3052504,30404241.98458516,102.4,-0.0,103.2,ASK
571,1712608745.912783,30404260.41657679,102.6,5.653845351210829e-09,103.2,BID
572,1712608745.9178948,30404300.46411732,102.6,1.2284217861154226e-08,103.2,BID
573,1712608770.292494,30404300.46411732,102.6,0.0,103.2,BID
574,1712608773.932745,30406539.60660993,102.6,6.868352766773093e-07,103.2,BID
575,1712608773.9390657,30406791.95673022,102.6,7.740595574495823e-08,103.2,BID
576,1712608782.6526766,30406850.43626238,102.5,-1.7938030198401945e-08,103.2,ASK
577,1712608793.8333106,30408224.16148988,102.6,4.2137691094827e-07,103.2,BID
578,1712608800.358099,30408224.16148988,102.6,0.0,103.2,BID
579,1712608801.422698,30409475.60819241,102.6,3.838217620183379e-07,103.2,BID
580,1712608802.7227647,30410631.29225282,102.6,3.544511256505199e-07,103.2,BID
581,1712608821.4732351,30410631.29225375,102.6,2.856389096507745e-16,103.2,BID
582,1712608821.4800944,30414727.04020275,102.6,1.2561759053676014e-06,103.2,BID
583,1712608830.2956626,30414727.04020275,102.6,0.0,103.2,BID
584,1712608837.6331637,30414785.46279281,102.7,1.7914685257110423e-08,103.2,BID
585,1712608860.4886336,30414785.46279281,102.7,0.0,103.2,BID
586,1712608878.773496,30414843.88538287,102.6,-1.791465229704922e-08,103.2,ASK
587,1712608890.4635053,30414843.88538287,102.6,-0.0,103.2,ASK
588,1712608907.2735722,30414902.30797293,102.7,1.7914619370344973e-08,103.2,BID
589,1712608908.4438934,30417608.25222862,102.7,8.297468723419032e-07,103.2,BID
590,1712608920.3307552,30417608.25222862,102.7,0.0,103.2,BID
591,1712608944.8439486,30417666.67481868,102.6,-1.791305995072074e-08,103.2,ASK
592,1712608950.3215525,30417666.67481868,102.6,-0.0,103.2,ASK
593,1712608980.4871464,30417666.67481868,102.6,-0.0,103.2,ASK
594,1712609008.3147583,30417725.09740874,102.7,1.7913027029869722e-08,103.2,BID
595,1712609010.4838414,30417725.09740874,102.7,0.0,103.2,BID
596,1712609013.3543077,30417809.07094207,102.6,-2.5747187919124195e-08,103.2,ASK
597,1712609013.614561,30433537.01174626,102.6,4.822355704405462e-06,103.2,BID
598,1712609013.6220086,30438870.58713181,102.6,1.6353315418456582e-06,103.2,BID
599,1712609013.754189,30440613.13404682,102.7,5.342836141366721e-07,103.2,BID
600,1712609040.320224,30440613.13404682,102.7,0.0,103.2,BID
601,1712609047.8245432,30440671.55663688,102.6,-1.7900104724228934e-08,103.2,ASK
602,1712609049.0508168,30450714.35663688,102.7,3.0770147563409364e-06,103.2,BID
603,1712609061.9420626,30452147.39663688,102.7,4.3906930601263963e-07,103.2,BID
604,1712609069.304413,30452224.30816067,102.7,2.3564931456557684e-08,103.2,BID
605,1712609069.3105688,30459170.07444851,102.7,2.1281142073704824e-06,103.2,BID
606,1712609070.3274474,30459170.07444851,102.7,0.0,103.2,BID
607,1712609070.5985546,30459228.44020726,102.8,1.7872256278178165e-08,103.2,BID
608,1712609100.3468108,30459228.44020726,102.8,0.0,103.2,BID
609,1712609114.2760894,30459286.80596601,102.5,-1.7883840709956244e-08,103.2,ASK
610,1712609129.4049823,30460231.40890641,102.8,2.8943560202119934e-07,103.2,BID
611,1712609129.4114437,30460259.56861192,102.8,8.628409851356037e-09,103.2,BID
612,1712609130.32401,30460259.56861192,102.8,0.0,103.2,BID
613,1712609138.334958,30460317.87764982,102.9,1.7865880708888558e-08,103.2,BID
614,1712609160.355139,30460317.87764982,102.9,0.0,103.2,BID
615,1712609190.3167462,30460317.87764982,102.9,0.0,103.2,BID
616,1712609204.4314044,30462261.51224651,102.9,5.955282621355651e-07,103.2,BID
617,1712609211.1477568,30462319.82128441,102.6,-1.7865847864329486e-08,103.2,ASK
618,1712609220.48934,30462319.82128441,102.6,-0.0,103.2,ASK
619,1712609250.4847088,30462319.82128441,102.6,-0.0,103.2,ASK
620,1712609272.7750957,30462378.13032231,102.9,1.7864720370123482e-08,103.2,BID
621,1712609280.3158686,30462378.13032231,102.9,0.0,103.2,BID
622,1712609310.320871,30462378.13032231,102.9,0.0,103.2,BID
623,1712609313.384997,30462436.43936021,102.6,-1.7864687528689227e-08,103.2,ASK
624,1712609334.9954257,30466383.13032231,102.6,-1.2091847739610295e-06,103.2,ASK
625,1712609335.0001943,30469358.13032231,102.6,-9.114786886222004e-07,103.2,ASK
626,1712609335.0038075,30472164.06581935,102.5,-8.596808091424334e-07,103.2,ASK
627,1712609339.8955753,30472222.37485725,102.9,1.786468752983058e-08,103.2,BID
628,1712609340.5001392,30472222.37485725,102.9,0.0,103.2,BID
629,1712609370.4652708,30472222.37485725,102.9,0.0,103.2,BID
630,1712609382.7151754,30472280.68389515,102.6,-1.785916246553796e-08,103.2,ASK
631,1712609400.3572054,30472280.68389515,102.6,-0.0,103.2,ASK
632,1712609407.7452097,30472338.99293305,102.9,1.786781729543661e-08,103.2,BID
633,1712609430.3202736,30472338.99293305,102.9,0.0,103.2,BID
634,1712609440.6872911,30472854.23843255,102.9,1.578879681778414e-07,103.2,BID
635,1712609440.7354813,30475458.0790943,102.9,-7.979014119328924e-07,103.2,ASK
636,1712609440.740583,30477498.70511181,102.9,-6.253141386558992e-07,103.2,ASK
637,1712609444.632136,30477557.01414971,102.5,-1.7867784443756732e-08,103.2,ASK
638,1712609460.4795585,30477557.01414971,102.5,-0.0,103.2,ASK
639,1712609473.6853728,30477615.32318761,102.9,1.7864845193230313e-08,103.2,BID
640,1712609481.6958392,30487333.49617108,102.9,2.977474199029607e-06,103.2,BID
641,1712609490.495241,30487333.49617108,102.9,0.0,103.2,BID
642,1712609491.9354458,30492633.13775676,102.9,1.6232149842446143e-06,103.2,BID
643,1712609492.4351969,30497882.66992637,102.9,1.6078670869002956e-06,103.2,BID
644,1712609509.6454582,30497940.97896427,102.5,-1.7859340580353452e-08,103.2,ASK
645,1712609520.328297,30497940.97896427,102.5,-0.0,103.2,ASK
646,1712609540.8654823,30497999.23139145,103.0,1.783603866718172e-08,103.2,BID
647,1712609550.2955012,30497999.23139145,103.0,0.0,103.2,BID
648,1712609578.1712463,30498057.48381863,102.6,-1.7836005901582183e-08,103.2,ASK
649,1712609580.4711714,30498057.48381863,102.6,-0.0,103.2,ASK
650,1712609608.3352911,30498115.73624581,103.0,1.7835973261070562e-08,103.2,BID
651,1712609610.4805682,30498115.73624581,103.0,0.0,103.2,BID
652,1712609640.2901125,30498115.73624581,103.0,0.0,103.2,BID
653,1712609646.4256153,30498173.98867299,102.7,-1.7835940494570715e-08,103.2,ASK
654,1712609650.6153398,30500537.35807188,102.9,7.236250574669672e-07,103.2,BID
655,1712609670.3161454,30500537.35807188,102.9,0.0,103.2,BID
656,1712609700.478542,30500537.35807188,102.9,0.0,103.2,BID
657,1712609702.1856508,30500595.61049906,103.0,1.7834615915163153e-08,103.2,BID
658,1712609712.71549,30523466.21844624,103.0,7.002086062477318e-06,103.2,BID
659,1712609712.7254038,30523661.34039745,103.0,5.973871347080661e-08,103.2,BID
660,1712609712.7302036,30523722.49699745,102.9,1.8723760097101007e-08,103.2,BID
661,1712609730.4956396,30523722.49699745,102.9,0.0,103.2,BID
662,1712609758.5454433,30528719.88042754,103.0,-1.528885624757291e-06,103.2,ASK
663,1712609760.299026,30528719.88042754,103.0,-0.0,103.2,ASK
664,1712609775.605349,30528778.13285472,103.0,-1.7818779973196415e-08,103.2,ASK
665,1712609790.3141189,30528778.13285472,103.0,-0.0,103.2,ASK
666,1712609805.1154025,30528836.328781,103.1,1.7801464295555736e-08,103.2,BID
667,1712609820.4889257,30528836.328781,103.1,0.0,103.2,BID
668,1712609829.1850564,30533614.100175,103.1,1.4614626180639836e-06,103.2,BID
669,1712609829.225099,30533614.10017564,103.1,1.9599767233524727e-16,103.2,BID
670,1712609844.7554278,30533672.29610192,103.0,-1.7801431622897468e-08,103.2,ASK
671,1712609850.4852417,30533672.29610192,103.0,-0.0,103.2,ASK
672,1712609866.971974,30533730.4920282,103.1,1.7798717134435218e-08,103.2,BID
673,1712609880.318382,30533730.4920282,103.1,0.0,103.2,BID
674,1712609907.945552,30533788.68795448,103.0,-1.7798684474138906e-08,103.2,ASK
675,1712609910.3185463,30533788.68795448,103.0,-0.0,103.2,ASK
676,1712609939.0152743,30533846.88388076,103.1,1.7798651843362976e-08,103.2,BID
677,1712609940.3594673,30533846.88388076,103.1,0.0,103.2,BID
678,1712609970.352986,30533846.88388076,103.1,0.0,103.2,BID
679,1712609976.6573637,30533905.07980704,103.0,-1.7798619182166943e-08,103.2,ASK
680,1712610000.4681077,30533905.07980704,103.0,-0.0,103.2,ASK
681,1712610002.505433,30533963.27573332,103.1,1.7798586552769747e-08,103.2,BID
682,1712610029.6050608,30534021.75526548,102.7,-1.7885324305900465e-08,103.2,ASK
683,1712610030.3262508,30534021.75526548,102.7,-0.0,103.2,ASK
684,1712610047.546031,30534079.95119176,102.7,-1.7798521199143672e-08,103.2,ASK
685,1712610060.4960587,30534079.95119176,102.7,-0.0,103.2,ASK
686,1712610090.4688938,30534079.95119176,102.7,-0.0,103.2,ASK
687,1712610100.901939,30534138.14711804,103.1,1.7798488665141587e-08,103.2,BID
688,1712610119.4150667,30536871.80813459,102.7,-8.360556782666547e-07,103.2,ASK
689,1712610120.347599,30536871.80813459,102.7,-0.0,103.2,ASK
690,1712610123.094837,30537162.78776601,103.1,8.898463956389372e-08,103.2,BID
691,1712610123.818419,30537458.35426847,102.7,-9.03873530945632e-08,103.2,ASK
692,1712610143.0652328,30537516.55019475,102.7,-1.779692791232305e-08,103.2,ASK
693,1712610150.321695,30537516.55019475,102.7,-0.0,103.2,ASK
694,1712610159.6854143,30544690.98245491,102.7,-2.193972532579124e-06,103.2,ASK
695,1712610166.26505,30544749.17838119,103.1,1.779656691063592e-08,103.2,BID
696,1712610180.4789486,30544749.17838119,103.1,0.0,103.2,BID
697,1712610206.91729,30544807.37430747,102.8,-1.7792525235240558e-08,103.2,ASK
698,1712610210.4850068,30544807.37430747,102.8,-0.0,103.2,ASK
699,1712610231.6374605,30544865.57023375,103.1,1.7792492692636532e-08,103.2,BID
700,1712610240.3173876,30544865.57023375,103.1,0.0,103.2,BID
701,1712610267.865116,30544923.76616003,102.8,-1.7792460052902173e-08,103.2,ASK
702,1712610270.290764,30544923.76616003,102.8,-0.0,103.2,ASK
703,1712610300.4755335,30544923.76616003,102.8,-0.0,103.2,ASK
704,1712610330.5051768,30544923.76616003,102.8,-0.0,103.2,ASK
705,1712610342.4045565,30545893.69826478,103.1,2.9717398420992765e-07,103.2,BID
706,1712610360.31663,30545893.69826478,103.1,0.0,103.2,BID
707,1712610365.02678,30546394.88925251,103.1,1.535533866098723e-07,103.2,BID
708,1712610365.032599,30566604.58032642,103.1,6.1917843351543686e-06,103.2,BID
709,1712610390.3288977,30566604.58032642,103.1,0.0,103.2,BID
710,1712610391.594756,30566662.7198613,103.2,1.7800970268180255e-08,103.2,BID
711,1712610399.524852,30567490.34677749,103.1,-2.5340006862505416e-07,103.2,ASK
712,1712610403.166695,30567904.16023558,103.1,-1.267000343102459e-07,103.2,ASK
713,1712610403.229498,30570231.9972871,103.1,-7.127294401158538e-07,103.2,ASK
714,1712610411.7548158,30574306.9972871,103.1,-1.2476700061878537e-06,103.2,ASK
715,1712610420.4744678,30574306.9972871,103.1,-0.0,103.2,ASK
716,1712610434.3149326,30574365.13682198,103.1,-1.7796643147881367e-08,103.2,ASK
717,1712610437.1108477,30583374.93682198,103.1,-2.757920161484788e-06,103.2,ASK
718,1712610450.4848406,30583374.93682198,103.1,-0.0,103.2,ASK
719,1712610456.0545218,30589048.53682198,103.1,-1.7362049336316731e-06,103.2,ASK
720,1712610462.5370877,30589106.67635686,103.2,1.7791551624501233e-08,103.2,BID
721,1712610478.2844708,30591051.22888604,103.1,-5.95061635446867e-07,103.2,ASK
722,1712610480.313914,30591051.22888604,103.1,-0.0,103.2,ASK
723,1712610494.9819367,30597879.41460572,103.2,2.089019183496925e-06,103.2,BID
724,1712610494.9854712,30601255.94242074,103.2,1.0330169196853316e-06,103.2,BID
725,1712610498.3795154,30601314.08195562,103.1,-1.7787243737785272e-08,103.2,ASK
726,1712610510.337268,30601314.08195562,103.1,-0.0,103.2,ASK
727,1712610527.514556,30601372.2214905,103.2,1.778148203988861e-08,103.2,BID
728,1712610540.478581,30601372.2214905,103.2,0.0,103.2,BID
729,1712610567.104735,30601430.36102538,103.1,-1.778144941119795e-08,103.2,ASK
730,1712610570.5005963,30601430.36102538,103.1,-0.0,103.2,ASK
731,1712610595.9645343,30601488.50056026,103.2,1.7781416811966232e-08,103.2,BID
732,1712610600.33826,30601488.50056026,103.2,0.0,103.2,BID
733,1712610630.334352,30601488.50056026,103.2,0.0,103.2,BID
734,1712610660.4805267,30601488.50056026,103.2,0.0,103.2,BID
735,1712610666.1042056,30601546.64009514,103.1,-1.778185062831492e-08,103.2,ASK
736,1712610690.502483,30601546.64009514,103.1,-0.0,103.2,ASK
737,1712610690.809793,30601604.77963002,103.2,1.7781818028751453e-08,103.2,BID
738,1712610720.3225198,30601604.77963002,103.2,0.0,103.2,BID
739,1712610726.624392,30601662.9191649,103.1,-1.7781785397688322e-08,103.2,ASK
740,1712610750.3011954,30601662.9191649,103.1,-0.0,103.2,ASK
741,1712610758.2461717,30601721.05869978,103.2,1.7781752798364026e-08,103.2,BID
742,1712610759.2195394,30601853.75868269,103.2,4.05857786335631e-08,103.2,BID
743,1712610780.504715,30601853.75868269,103.2,0.0,103.2,BID
744,1712610789.4046247,30606252.93015385,103.1,-1.3454615450971077e-06,103.2,ASK
745,1712610796.8447034,30606302.44471685,103.0,-1.5143747151662505e-08,103.2,ASK
746,1712610796.8545382,30606311.06968873,103.0,-2.637898538438708e-09,103.2,ASK
747,1712610810.485437,30606311.06968873,103.0,-0.0,103.2,ASK
748,1712610820.4980974,30606369.20922361,103.2,1.7779146855993762e-08,103.2,BID
749,1712610840.3349922,30606369.20922361,103.2,0.0,103.2,BID
750,1712610859.2350495,30606427.34875849,103.0,-1.7779114234733522e-08,103.2,ASK
751,1712610869.7451088,30611277.00928226,103.1,1.4830298974796614e-06,103.2,BID
752,1712610870.3115053,30611277.00928226,103.1,0.0,103.2,BID
753,1712610874.645156,30611386.18146807,103.1,-3.337977301489751e-08,103.2,ASK
754,1712610884.2451618,30611416.58411478,103.1,9.295714276411093e-09,103.2,BID
755,1712610884.2502434,30611444.35046288,103.2,8.489656868252955e-09,103.2,BID
756,1712610900.359953,30611444.35046288,103.2,0.0,103.2,BID
757,1712610926.7951477,30611502.51945769,103.0,-1.7793962384093338e-08,103.2,ASK
758,1712610930.3253572,30611502.51945769,103.0,-0.0,103.2,ASK
759,1712610953.785741,30611560.65899257,103.2,1.7784917961537793e-08,103.2,BID
760,1712610958.49534,30611657.55821737,103.2,2.964152993589632e-08,103.2,BID
761,1712610960.4920282,30611657.55821737,103.2,0.0,103.2,BID
762,1712610990.4961593,30611657.55821737,103.2,0.0,103.2,BID
763,1712610992.7435732,30611715.69775225,103.0,-1.7784830915293773e-08,103.2,ASK
764,1712611020.3390205,30611715.69775225,103.0,-0.0,103.2,ASK
765,1712611024.5959325,30611776.82382457,103.1,1.869837575381852e-08,103.2,BID
766,1712611050.3363316,30611776.82382457,103.1,0.0,103.2,BID
767,1712611052.7831876,30611835.01975085,103.1,1.780201406391022e-08,103.2,BID
768,1712611080.4756758,30611835.01975085,103.1,0.0,103.2,BID
769,1712611091.5654073,30611893.21567713,103.0,-1.7801981391512988e-08,103.2,ASK
770,1712611098.3885596,30611941.76907519,103.0,-1.4852357268503648e-08,103.2,ASK
771,1712611110.4829214,30611941.76907519,103.0,-0.0,103.2,ASK
772,1712611140.3109217,30611941.76907519,103.0,-0.0,103.2,ASK
773,1712611145.17604,30612727.56710661,103.0,-2.403727507540518e-07,103.2,ASK
774,1712611145.1828291,30622146.48260989,103.0,-2.8812118866650472e-06,103.2,ASK
775,1712611153.5861087,30622204.67853617,103.1,1.780192151544611e-08,103.2,BID
776,1712611170.3305666,30622204.67853617,103.1,0.0,103.2,BID
777,1712611179.545861,30622254.67853617,103.1,1.528987345834033e-08,103.2,BID
778,1712611179.6260295,30636742.08080981,103.1,4.430210950080562e-06,103.2,BID
779,1712611185.3856928,30637227.04686218,103.1,1.4830139144717716e-07,103.2,BID
780,1712611193.0360284,30637285.24278846,103.0,-1.779616697188413e-08,103.2,ASK
781,1712611200.3514657,30637285.24278846,103.0,-0.0,103.2,ASK
782,1712611230.3205428,30637285.24278846,103.0,-0.0,103.2,ASK
783,1712611244.5057795,30637471.12547342,103.0,-5.6833034308774745e-08,103.2,ASK
784,1712611246.0156698,30637610.53748714,103.0,-4.262477573158106e-08,103.2,ASK
785,1712611248.573059,30637668.73341342,103.1,1.7793217671297734e-08,103.2,BID
786,1712611260.496514,30637668.73341342,103.1,0.0,103.2,BID
787,1712611277.236177,30638180.28171298,103.1,1.5640236157281586e-07,103.2,BID
788,1712611290.4959729,30638180.28171298,103.1,0.0,103.2,BID
789,1712611291.72922,30638238.47763926,103.0,-1.779271584821938e-08,103.2,ASK
790,1712611301.225955,30639066.0682699,103.1,2.5302604271853665e-07,103.2,BID
791,1712611301.2321832,30643545.83360434,103.1,1.369635243459674e-06,103.2,BID
792,1712611319.4557407,30643604.02953062,103.1,1.7792715847080422e-08,103.2,BID
793,1712611320.3301947,30643604.02953062,103.1,0.0,103.2,BID
794,1712611350.3260217,30643604.02953062,103.1,0.0,103.2,BID
795,1712611359.285788,30643662.2254569,103.0,-1.7789674463968052e-08,103.2,ASK
796,1712611380.4771338,30643662.2254569,103.0,-0.0,103.2,ASK
797,1712611386.1359518,30643720.42138318,103.1,1.7789641866219703e-08,103.2,BID
798,1712611392.785946,30645660.28559269,103.0,-5.929880622733719e-07,103.2,ASK
799,1712611410.5010846,30645660.28559269,103.0,-0.0,103.2,ASK
800,1712611412.26581,30645708.84869948,103.1,1.4844096236865564e-08,103.2,BID
801,1712611426.5362475,30645767.04462576,103.0,-1.7788522756766348e-08,103.2,ASK
802,1712611440.3201196,30645767.04462576,103.0,-0.0,103.2,ASK
803,1712611454.5875256,30645825.24055204,103.1,1.778846294163391e-08,103.2,BID
804,1712611470.3211677,30645825.24055204,103.1,0.0,103.2,BID
805,1712611486.536126,30651408.14307703,103.1,1.7064952631697612e-06,103.2,BID
806,1712611486.541571,30661549.40156076,103.1,3.099822984120546e-06,103.2,BID
807,1712611493.6663492,30661607.59748704,103.0,-1.7788430316682493e-08,103.2,ASK
808,1712611500.470482,30661607.59748704,103.0,-0.0,103.2,ASK
809,1712611510.1260247,30661656.19942879,103.0,-1.4849215508849169e-08,103.2,ASK
810,1712611510.2158566,30670529.71877179,103.0,-2.7111015795501374e-06,103.2,ASK
811,1712611521.9260948,30680391.41591686,103.0,-3.013016783260652e-06,103.2,ASK
812,1712611530.5102134,30680391.41591686,103.0,-0.0,103.2,ASK
813,1712611549.1959493,30680449.55545174,103.2,1.7752715824835918e-08,103.2,BID
814,1712611560.32734,30680449.55545174,103.2,0.0,103.2,BID
815,1712611589.0960524,30680507.69498662,103.0,-1.7752683300495045e-08,103.2,ASK
816,1712611590.3229258,30680507.69498662,103.0,-0.0,103.2,ASK
817,1712611620.4804237,30680507.69498662,103.0,-0.0,103.2,ASK
818,1712611650.4862466,30680507.69498662,103.0,-0.0,103.2,ASK
819,1712611653.1369083,30682032.34936277,103.0,-4.655464968287731e-07,103.2,ASK
820,1712611680.327586,30682032.34936277,103.0,-0.0,103.2,ASK
821,1712611682.205971,30682090.54528905,103.1,1.7769017658496113e-08,103.2,BID
822,1712611694.1363256,30711216.75888128,103.1,8.893134566371918e-06,103.2,BID
823,1712611710.3338416,30711216.75888128,103.1,0.0,103.2,BID
824,1712611719.000805,30711274.95480756,103.0,-1.775270799429205e-08,103.2,ASK
825,1712611740.5060256,30711274.95480756,103.0,-0.0,103.2,ASK
826,1712611740.8473816,30719676.20513066,103.0,-2.562802597787276e-06,103.2,ASK
827,1712611740.8522596,30721630.56090725,103.0,-5.961765057128716e-07,103.2,ASK
828,1712611746.6125488,30721688.75683353,103.1,1.7752675533011366e-08,103.2,BID
829,1712611770.501069,30721688.75683353,103.1,0.0,103.2,BID
830,1712611777.5058954,30725651.45882889,103.0,-1.208427399772156e-06,103.2,ASK
831,1712611781.3573165,30727351.45882889,103.0,-5.184156118777585e-07,103.2,ASK
832,1712611785.7163644,30730700.75882889,103.0,-1.0213702405073898e-06,103.2,ASK
833,1712611787.2160735,30730758.95475517,103.0,-1.7746868665077857e-08,103.2,ASK
834,1712611800.5956326,30730758.95475517,103.0,-0.0,103.2,ASK
835,1712611808.7604637,30730817.15068145,103.1,1.7751095381049946e-08,103.2,BID
836,1712611824.897064,30735903.89246094,103.1,1.5515731817387217e-06,103.2,BID
837,1712611830.4814668,30735903.89246094,103.1,0.0,103.2,BID
838,1712611834.986153,30739046.75376064,103.1,9.584898664741088e-07,103.2,BID
839,1712611849.5560777,30739104.94968692,103.0,-1.7748223764643554e-08,103.2,ASK
840,1712611858.8165002,30739230.42049926,103.1,3.82652909883546e-08,103.2,BID
841,1712611858.8250685,30751276.91672755,103.1,3.673863864890188e-06,103.2,BID
842,1712611860.34892,30751276.91672755,103.1,0.0,103.2,BID
843,1712611875.6301196,30752309.29661276,103.2,3.146965421562386e-07,103.2,BID
844,1712611875.6396582,30782509.19960214,103.2,9.20572473406748e-06,103.2,BID
845,1712611875.646315,30868567.33159763,103.2,2.6232782090628976e-05,103.2,BID
846,1712611877.2362688,30868625.47113251,103.2,1.7722459388541122e-08,103.2,BID
847,1712611878.3760078,30876604.13851523,103.0,-2.4321076692146887e-06,103.2,ASK
848,1712611890.32124,30876604.13851523,103.0,-0.0,103.2,ASK
849,1712611920.5107906,30876604.13851523,103.0,-0.0,103.2,ASK
850,1712611931.666643,30881848.97709224,103.0,-1.592487055333673e-06,103.2,ASK
851,1712611950.4857526,30881848.97709224,103.0,-0.0,103.2,ASK
852,1712611951.5380912,30883015.84625225,103.0,-3.542376486765246e-07,103.2,ASK
853,1712611951.596053,30893055.33237155,103.0,-3.047782972331453e-06,103.2,ASK
854,1712611951.7159958,30903094.81849085,103.0,-3.047782972331453e-06,103.2,ASK
855,1712611979.3961608,30903152.95802573,103.0,-1.764997553851788e-08,103.2,ASK
856,1712611980.3278244,30903152.95802573,103.0,-0.0,103.2,ASK
857,1712611981.315971,30905208.07180993,103.0,-6.234752513731979e-07,103.2,ASK
858,1712612008.105912,30905266.26773621,103.1,1.7655333756654524e-08,103.2,BID
859,1712612010.3405962,30905266.26773621,103.1,0.0,103.2,BID
860,1712612040.4837584,30905266.26773621,103.1,0.0,103.2,BID
861,1712612070.493739,30905266.26773621,103.1,0.0,103.2,BID
862,1712612074.9368048,30905324.46366249,102.8,-1.7654167905774392e-08,103.2,ASK
863,1712612100.3283014,30905324.46366249,102.8,-0.0,103.2,ASK
864,1712612107.6302464,30905382.65958877,103.1,1.7662482140705412e-08,103.2,BID
865,1712612124.8763392,30920585.0626589,103.1,4.613934168441023e-06,103.2,BID
866,1712612124.8841038,31075192.33598998,103.1,4.6923356644410725e-05,103.2,BID
867,1712612124.8895173,31205382.65958877,103.2,3.951280463238895e-05,103.2,BID
868,1712612130.3474283,31205382.65958877,103.2,0.0,103.2,BID
869,1712612160.4717393,31205382.65958877,103.2,0.0,103.2,BID
870,1712612176.3060665,31205432.17415177,103.0,-1.4887843556903477e-08,103.2,ASK
871,1712612176.3139632,31205440.85551505,102.8,-2.61027807882927e-09,103.2,ASK
872,1712612190.4861588,31205440.85551505,102.8,-0.0,103.2,ASK
873,1712612208.02589,31205499.05144133,103.1,1.7498090106825583e-08,103.2,BID
874,1712612220.3143437,31205499.05144133,103.1,0.0,103.2,BID
875,1712612236.9861455,31210477.52243861,103.1,1.4969016307043411e-06,103.2,BID
876,1712612243.185753,31210535.71836489,102.8,-1.7498058539399006e-08,103.2,ASK
877,1712612246.566252,31212536.61702954,102.8,-6.016201511716488e-07,103.2,ASK
878,1712612250.3229942,31212536.61702954,102.8,-0.0,103.2,ASK
879,1712612280.4962234,31212536.61702954,102.8,-0.0,103.2,ASK
880,1712612307.2458284,31212594.81295582,103.1,1.7494245215376953e-08,103.2,BID
881,1712612310.503107,31212594.81295582,103.1,0.0,103.2,BID
882,1712612340.324657,31212594.81295582,103.1,0.0,103.2,BID
883,1712612346.0859716,31212653.0088821,102.8,-1.7494213662941446e-08,103.2,ASK
884,1712612370.3259585,31212653.0088821,102.8,-0.0,103.2,ASK
885,1712612395.4459157,31223105.99379687,102.8,-3.1422546959504595e-06,103.2,ASK
886,1712612400.3640437,31223105.99379687,102.8,-0.0,103.2,ASK
887,1712612400.9160168,31223164.18972315,103.1,1.7500040734682905e-08,103.2,BID
888,1712612430.3253949,31223164.18972315,103.1,0.0,103.2,BID
889,1712612435.545745,31223270.88225467,103.1,3.20833501304268e-08,103.2,BID
890,1712612444.6658175,31223329.07818095,102.8,-1.750000916021788e-08,103.2,ASK
891,1712612460.4816444,31223329.07818095,102.8,-0.0,103.2,ASK
892,1712612490.469375,31223329.07818095,102.8,-0.0,103.2,ASK
893,1712612508.9159944,31223387.27410723,103.1,1.7499919791726535e-08,103.2,BID
894,1712612520.3224978,31223387.27410723,103.1,0.0,103.2,BID
895,1712612545.345632,31223445.47003351,102.8,-1.7499888218818152e-08,103.2,ASK
896,1712612550.333505,31223445.47003351,102.8,-0.0,103.2,ASK
897,1712612574.488829,31223500.32797954,103.2,1.6496106474644267e-08,103.2,BID
898,1712612574.493296,31223503.61275131,103.1,9.877501582000092e-10,103.2,BID
899,1712612580.499655,31223503.61275131,103.1,0.0,103.2,BID
900,1712612610.4927542,31223503.61275131,103.1,0.0,103.2,BID
901,1712612610.8950677,31223561.75546911,102.8,-1.7483825089031322e-08,103.2,ASK
902,1712612640.3458495,31223561.75546911,102.8,-0.0,103.2,ASK
903,1712612670.316821,31223561.75546911,102.8,-0.0,103.2,ASK
904,1712612672.89541,31223619.95139539,103.1,1.7499793708825134e-08,103.2,BID
905,1712612700.3444028,31223619.95139539,103.1,0.0,103.2,BID
906,1712612711.655501,31223678.14732167,102.8,-1.7503374927846804e-08,103.2,ASK
907,1712612730.302086,31223678.14732167,102.8,-0.0,103.2,ASK
908,1712612741.075611,31223736.34324795,103.1,1.7503343432138877e-08,103.2,BID
909,1712612760.5146334,31223736.34324795,103.1,0.0,103.2,BID
910,1712612779.0754864,31223794.53917423,102.8,-1.7503311845754948e-08,103.2,ASK
911,1712612790.5085998,31223794.53917423,102.8,-0.0,103.2,ASK
912,1712612820.3005502,31223794.53917423,102.8,-0.0,103.2,ASK
913,1712612835.9756713,31223852.79160141,103.0,1.752027382783581e-08,103.2,BID
914,1712612850.341647,31223852.79160141,103.0,0.0,103.2,BID
915,1712612876.0083182,31223911.04402859,102.8,-1.7520242212133815e-08,103.2,ASK
916,1712612880.5039616,31223911.04402859,102.8,-0.0,103.2,ASK
917,1712612910.516615,31223911.04402859,102.8,-0.0,103.2,ASK
918,1712612940.3404503,31223911.04402859,102.8,-0.0,103.2,ASK
919,1712612970.3452084,31223911.04402859,102.8,-0.0,103.2,ASK
920,1712612998.4162493,31223969.35306649,102.9,1.7537237100073773e-08,103.2,BID
921,1712612998.6158695,31228833.16629607,102.8,-1.4628580558507724e-06,103.2,ASK
922,1712613000.374277,31228833.16629607,102.8,-0.0,103.2,ASK
923,1712613007.7063177,31230265.27173734,102.8,-4.325085081755823e-07,103.2,ASK
924,1712613007.7156434,31233813.76362199,102.8,-1.0716759304672172e-06,103.2,ASK
925,1712613023.946469,31241637.64231168,103.0,2.362880555232701e-06,103.2,BID
926,1712613023.9556077,31261046.16683785,102.9,5.861546047366855e-06,103.2,BID
927,1712613030.3289568,31261046.16683785,102.9,0.0,103.2,BID
928,1712613060.455879,31261046.16683785,102.9,0.0,103.2,BID
929,1712613090.5008595,31261046.16683785,102.9,0.0,103.2,BID
930,1712613103.9664257,31261104.47587575,102.8,-1.7592232467253093e-08,103.2,ASK
931,1712613116.2373278,31262429.58642936,102.8,-3.997948472984878e-07,103.2,ASK
932,1712613116.2428591,31263110.52025854,102.8,-2.0544235763151602e-07,103.2,ASK
933,1712613120.316836,31263110.52025854,102.8,-0.0,103.2,ASK
934,1712613129.3061824,31263168.88601729,102.8,1.760821813336241e-08,103.2,BID
935,1712613129.42623,31264995.52645941,102.8,5.510745348749172e-07,103.2,BID
936,1712613143.0174377,31266290.72248279,102.8,-3.907444123628894e-07,103.2,ASK
937,1712613150.340052,31266290.72248279,102.8,-0.0,103.2,ASK
938,1712613169.6166484,31266349.08824154,102.7,-1.760648162170405e-08,103.2,ASK
939,1712613180.4808593,31266349.08824154,102.7,-0.0,103.2,ASK
940,1712613191.3164425,31266407.34066872,103.0,1.7572262504585227e-08,103.2,BID
941,1712613210.4837146,31266407.34066872,103.0,0.0,103.2,BID
942,1712613231.7768033,31266465.5930959,102.7,-1.7572230699848612e-08,103.2,ASK
943,1712613240.3131988,31266465.5930959,102.7,-0.0,103.2,ASK
944,1712613254.0165043,31266523.84552308,103.0,1.7572198988985535e-08,103.2,BID
945,1712613270.3183002,31266523.84552308,103.0,0.0,103.2,BID
946,1712613294.9270575,31266582.09795026,102.8,-1.7572167183355082e-08,103.2,ASK
947,1712613300.497336,31266582.09795026,102.8,-0.0,103.2,ASK
948,1712613330.5032904,31266582.09795026,102.8,-0.0,103.2,ASK
949,1712613349.4066827,31266640.35037744,103.0,1.7589700272770583e-08,103.2,BID
950,1712613360.331642,31266640.35037744,103.0,0.0,103.2,BID
951,1712613379.116362,31276349.08824151,103.0,2.931611401067569e-06,103.2,BID
952,1712613390.307658,31276349.08824151,103.0,0.0,103.2,BID
953,1712613390.5331998,31276407.34066869,102.8,-1.7584358702715393e-08,103.2,ASK
954,1712613420.5001466,31276407.34066869,102.8,-0.0,103.2,ASK
955,1712613429.1063662,31311493.40397401,102.8,-1.0591229193887494e-05,103.2,ASK
956,1712613429.116172,31330519.58551713,102.8,-5.743324568907153e-06,103.2,ASK
957,1712613450.486837,31330519.58551713,102.8,-0.0,103.2,ASK
958,1712613479.287077,31330577.83794431,103.0,1.7554848951871266e-08,103.2,BID
959,1712613480.3519597,31330577.83794431,103.0,0.0,103.2,BID
960,1712613510.1652775,31330970.71611066,102.8,-1.183968588110142e-07,103.2,ASK
961,1712613510.305192,31330970.71611066,102.8,-0.0,103.2,ASK
962,1712613533.286579,31331177.71611066,102.8,-6.23802837189602e-08,103.2,ASK
963,1712613540.524319,31331177.71611066,102.8,-0.0,103.2,ASK
964,1712613551.2178452,31331235.96853784,102.8,-1.7554490978034418e-08,103.2,ASK
965,1712613570.5416622,31331235.96853784,102.8,-0.0,103.2,ASK
966,1712613581.8064833,31331434.40649404,102.8,-5.979958594329707e-08,103.2,ASK
967,1712613584.6004536,31331533.62547214,102.8,-2.9899792971648537e-08,103.2,ASK
968,1712613600.6417508,31331533.62547214,102.8,-0.0,103.2,ASK
969,1712613630.4989953,31331533.62547214,102.8,-0.0,103.2,ASK
970,1712613645.2066915,31331591.87789932,103.0,1.7564884160895842e-08,103.2,BID
971,1712613660.4158762,31331591.87789932,103.0,0.0,103.2,BID
972,1712613664.628755,31331650.1303265,103.0,1.756485238286231e-08,103.2,BID
973,1712613680.2513475,31331708.38275368,102.8,-1.7564852383985596e-08,103.2,ASK
974,1712613690.3336968,31331708.38275368,102.8,-0.0,103.2,ASK
975,1712613709.6369,31331766.63518086,103.0,1.7564788888844562e-08,103.2,BID
976,1712613720.5284553,31331766.63518086,103.0,0.0,103.2,BID
977,1712613750.2411394,31332063.77787165,102.9,8.959693945442937e-08,103.2,BID
978,1712613750.4965796,31332063.77787165,102.9,0.0,103.2,BID
979,1712613780.337603,31332063.77787165,102.9,0.0,103.2,BID
980,1712613781.5868394,31332122.03029883,102.8,-1.75645951739302e-08,103.2,ASK
981,1712613806.966584,31332180.28272601,103.0,1.75645951739302e-08,103.2,BID
982,1712613810.3273528,31332180.28272601,103.0,0.0,103.2,BID
983,1712613840.4952593,31332180.28272601,103.0,0.0,103.2,BID
984,1712613848.3765807,31332238.53515319,102.8,-1.7564531682895232e-08,103.2,ASK
985,1712613870.498565,31332238.53515319,102.8,-0.0,103.2,ASK
986,1712613874.9764223,31332296.78758037,103.0,1.7564499966716153e-08,103.2,BID
987,1712613900.3361363,31332296.78758037,103.0,0.0,103.2,BID
988,1712613915.637607,31332355.04000755,102.8,-1.7656447979993912e-08,103.2,ASK
989,1712613919.214721,31339871.32461027,103.0,2.278203579090824e-06,103.2,BID
990,1712613930.3088884,31339871.32461027,103.0,0.0,103.2,BID
991,1712613943.6166468,31339929.57703745,103.0,1.7652273745912148e-08,103.2,BID
992,1712613949.856628,31340424.1368792,102.8,-1.498668147061992e-07,103.2,ASK
993,1712613960.4979486,31340424.1368792,102.8,-0.0,103.2,ASK
994,1712613978.7366786,31340482.38930638,102.8,-1.765196970081693e-08,103.2,ASK
995,1712613990.5066674,31340482.38930638,102.8,-0.0,103.2,ASK
996,1712614020.3466508,31340482.38930638,102.8,-0.0,103.2,ASK
997,1712614029.2569172,31340582.38930638,102.9,3.030249299953219e-08,103.2,BID
998,1712614029.2667294,31365559.15189595,103.0,7.568581735214265e-06,103.2,BID
999,1712614039.9889562,31365617.40432313,103.0,1.7651937668085076e-08,103.2,BID
1000,1712614041.2965744,31368742.58616093,102.9,9.470080076222662e-07,103.2,BID
1201,1712614043.064328,31368792.10072393,102.9,1.5004146986207912e-08,103.2,BID
1202,1712614050.3268063,31368792.10072393,102.9,0.0,103.2,BID
1203,1712614080.4798205,31368792.10072393,102.9,0.0,103.2,BID
1204,1712614081.8212874,31368850.35315111,102.8,-1.7636356101865748e-08,103.2,ASK
1205,1712614084.6498194,31375680.7440321,102.9,2.067951701328579e-06,103.2,BID
1206,1712614090.717522,31376049.55700013,102.9,-1.1166087241558177e-07,103.2,ASK
1207,1712614106.6467726,31376107.80942731,103.0,1.7636356101865748e-08,103.2,BID
1208,1712614110.498194,31376107.80942731,103.0,0.0,103.2,BID
1209,1712614128.396396,31394535.56642259,103.0,5.577869389869732e-06,103.2,BID
1210,1712614140.3025515,31394535.56642259,103.0,0.0,103.2,BID
1211,1712614143.1370444,31394585.08098559,103.0,1.4978881157537226e-08,103.2,BID
1212,1712614147.246682,31394643.33341277,102.9,-1.7622213162378065e-08,103.2,ASK
1213,1712614170.332847,31394643.33341277,102.9,-0.0,103.2,ASK
1214,1712614175.7766154,31394701.58583995,103.0,1.7622154019777154e-08,103.2,BID
1215,1712614182.3966851,31394897.93884868,102.9,-5.9399464188354e-08,103.2,ASK
1216,1712614185.92682,31396483.66729268,102.9,-4.797044900403264e-07,103.2,ASK
1217,1712614190.4875906,31397260.3663218,103.0,2.3496205361506002e-07,103.2,BID
1218,1712614191.8266468,31397357.45370044,103.0,2.9370256701882493e-08,103.2,BID
1219,1712614200.38192,31397357.45370044,103.0,0.0,103.2,BID
1220,1712614208.3954334,31397551.62845772,103.0,5.88327226496744e-08,103.2,BID
1221,1712614216.2768433,31397609.8808849,102.9,-1.764981679320924e-08,103.2,ASK
1222,1712614230.3132894,31397609.8808849,102.9,-0.0,103.2,ASK
1223,1712614260.5567403,31397609.8808849,102.9,-0.0,103.2,ASK
1224,1712614269.9864645,31397668.13331208,103.0,1.764967778546633e-08,103.2,BID
1225,1712614290.5066578,31397668.13331208,103.0,0.0,103.2,BID
1226,1712614312.2765708,31398168.13331208,102.9,-1.5149279227055437e-07,103.2,ASK
1227,1712614320.3097098,31398168.13331208,102.9,-0.0,103.2,ASK
1228,1712614344.156556,31398226.38573926,102.9,-1.7649370570753683e-08,103.2,ASK
1229,1712614350.3288336,31398226.38573926,102.9,-0.0,103.2,ASK
1230,1712614352.3764863,31398356.32693022,103.0,3.9369622480805944e-08,103.2,BID
1231,1712614374.693416,31400157.07073263,102.9,-5.455899177219902e-07,103.2,ASK
1232,1712614377.9571714,31403405.16708534,102.9,-9.841092438888334e-07,103.2,ASK
1233,1712614377.9599771,31419623.90429671,102.9,-4.913958048261306e-06,103.2,ASK
1234,1712614378.1870344,31422733.71965127,102.9,-9.422128240310275e-07,103.2,ASK
1235,1712614380.466766,31422733.71965127,102.9,-0.0,103.2,ASK
1236,1712614400.1564832,31422791.97207845,103.0,1.763586364010287e-08,103.2,BID
1237,1712614403.429189,31426282.65129603,102.9,-1.0567996163153858e-06,103.2,ASK
1238,1712614410.4783976,31426282.65129603,102.9,-0.0,103.2,ASK
1239,1712614438.83758,31426340.90372321,102.8,-1.7633914013858928e-08,103.2,ASK
1240,1712614440.3799555,31426340.90372321,102.8,-0.0,103.2,ASK
1241,1712614470.34361,31426340.90372321,102.8,-0.0,103.2,ASK
1242,1712614475.8067691,31437555.10724404,102.9,3.3947073404667548e-06,103.2,BID
1243,1712614500.3390565,31437555.10724404,102.9,0.0,103.2,BID
1244,1712614500.6724734,31437613.35967122,103.0,1.7628706762245354e-08,103.2,BID
1245,1712614513.8168786,31437999.71862444,102.9,-1.1692231587693773e-07,103.2,ASK
1246,1712614519.33682,31439543.47947028,102.9,-4.671823747112205e-07,103.2,ASK
1247,1712614519.3471048,31444398.80034041,102.9,-1.4693469783259406e-06,103.2,ASK
1248,1712614530.3459728,31444398.80034041,102.9,-0.0,103.2,ASK
1249,1712614540.426515,31444457.05276759,102.8,-1.7624950604443907e-08,103.2,ASK
1250,1712614560.4886806,31444457.05276759,102.8,-0.0,103.2,ASK
1251,1712614570.156685,31448441.12898721,102.8,-1.205426498933539e-06,103.2,ASK
1252,1712614590.4965286,31448441.12898721,102.8,-0.0,103.2,ASK
1253,1712614593.812338,31448499.38141439,103.0,1.7622734899508785e-08,103.2,BID
1254,1712614620.3266044,31448499.38141439,103.0,0.0,103.2,BID
1255,1712614623.9964702,31451409.97966341,102.8,-8.805231081639569e-07,103.2,ASK
1256,1712614623.9989357,31471354.76586082,102.8,-6.033757884700226e-06,103.2,ASK
1257,1712614631.8268063,31475992.28024251,102.7,-1.402955072518084e-06,103.2,ASK
1258,1712614631.9563613,31489007.65187317,102.8,3.937450139676473e-06,103.2,BID
1259,1712614631.958125,31504556.21007,102.8,4.70379750814362e-06,103.2,BID
1260,1712614636.0266447,31504614.46249718,102.7,-1.7622702911805963e-08,103.2,ASK
1261,1712614650.3201692,31504614.46249718,102.7,-0.0,103.2,ASK
1262,1712614661.7264132,31504672.82825593,102.8,1.7626230524374598e-08,103.2,BID
1263,1712614670.1971066,31506675.79729694,102.7,-6.048888047687985e-07,103.2,ASK
1264,1712614678.9848282,31506736.31251829,102.8,1.8275359809934183e-08,103.2,BID
1265,1712614680.4866197,31506736.31251829,102.8,0.0,103.2,BID
1266,1712614696.226447,31506794.67827704,102.7,-1.7625070569769358e-08,103.2,ASK
1267,1712614697.0862591,31506934.67827704,102.7,-4.22766692764508e-08,103.2,ASK
1268,1712614709.1763756,31536117.55765447,102.8,8.812535285529275e-06,103.2,BID
1269,1712614710.473714,31536117.55765447,102.8,0.0,103.2,BID
1270,1712614723.521787,31536175.92341322,102.8,1.7609009734731465e-08,103.2,BID
1271,1712614732.066522,31543425.31537145,102.8,2.187149045878845e-06,103.2,BID
1272,1712614732.086172,31547207.25660391,102.8,1.1410155783835498e-06,103.2,BID
1273,1712614740.3392053,31547207.25660391,102.8,0.0,103.2,BID
1274,1712614755.2388196,31549884.67295288,102.8,8.075015429863907e-07,103.2,BID
1275,1712614760.688572,31549943.03871163,102.8,-1.760295527695665e-08,103.2,ASK
1276,1712614770.3612585,31549943.03871163,102.8,-0.0,103.2,ASK
1277,1712614776.867246,31551349.75758322,102.8,-4.24226630923176e-07,103.2,ASK
1278,1712614776.8709943,31557508.21425312,102.7,-1.8572163760096355e-06,103.2,ASK
1279,1712614776.8750458,31569812.11948755,102.6,-3.710509875296888e-06,103.2,ASK
1280,1712614776.878186,31576803.96383897,102.8,-2.1085425332990486e-06,103.2,ASK
1281,1712614776.8810773,31579583.6840891,102.7,-8.382850194441248e-07,103.2,ASK
1282,1712614776.8839695,31593691.13598414,102.6,-4.254408545454393e-06,103.2,ASK
1283,1712614800.3804169,31593691.13598414,102.6,-0.0,103.2,ASK
1284,1712614830.329592,31593691.13598414,102.6,-0.0,103.2,ASK
1285,1712614849.0474174,31593749.38841132,103.0,1.755638077707376e-08,103.2,BID
1286,1712614860.4854198,31593749.38841132,103.0,0.0,103.2,BID
1287,1712614873.1781063,31598912.00208807,102.6,-1.5559291175276114e-06,103.2,ASK
1288,1712614878.338161,31599747.20438361,102.6,-2.517166017112516e-07,103.2,ASK
1289,1712614879.018186,31602328.51122198,102.6,-7.779645587615601e-07,103.2,ASK
1290,1712614886.0164835,31603619.16464117,102.6,-3.88982279383587e-07,103.2,ASK
1291,1712614890.5253265,31603619.16464117,102.6,-0.0,103.2,ASK
1292,1712614893.254841,31604264.49135076,102.6,-1.944318004263351e-07,103.2,ASK
1293,1712614895.9981987,31605294.95715822,102.6,-3.104711446864774e-07,103.2,ASK
1294,1712614920.3206522,31605294.95715822,102.6,-0.0,103.2,ASK
1295,1712614920.939362,31605353.2095854,102.6,-1.755008343856144e-08,103.2,ASK
1296,1712614946.8102863,31616545.2095854,102.6,-3.3718858312903733e-06,103.2,ASK
1297,1712614946.8201487,31656839.17867233,102.6,-1.2139623253276635e-05,103.2,ASK
1298,1712614946.826722,31658971.2907958,102.6,-6.423551340112102e-07,103.2,ASK
1299,1712614948.5926836,31659029.54322298,103.0,1.755008343856144e-08,103.2,BID
1300,1712614950.3353477,31659029.54322298,103.0,0.0,103.2,BID
1301,1712614980.5198424,31659029.54322298,103.0,0.0,103.2,BID
1302,1712614986.4140334,31668971.2907958,103.0,2.9902474550730384e-06,103.2,BID
1303,1712614986.416813,31688969.75785023,103.0,6.015075797977253e-06,103.2,BID
1304,1712614986.4194777,31700161.75785023,102.9,3.366294433854989e-06,103.2,BID
1305,1712614986.422816,31716261.75785023,103.1,4.842507182368238e-06,103.2,BID
1306,1712614986.4251218,31735046.71985851,103.0,5.650081580472339e-06,103.2,BID
1307,1712614986.4266365,31748164.71985851,103.1,3.945590634677425e-06,103.2,BID
1308,1712614986.4281938,31759356.71985851,103.0,3.366294433854989e-06,103.2,BID
1309,1712614986.429735,31775005.75397914,103.1,4.7068670885887385e-06,103.2,BID
1310,1712614986.4312897,31775418.64421674,103.3,1.2418782242893456e-07,103.3,BID
1311,1712614986.4328587,31790678.64421674,103.2,4.589854633722938e-06,103.3,BID
1312,1712614986.434415,31799796.91723638,103.3,2.742565378162059e-06,103.3,BID
1313,1712614986.4359882,31836178.96714432,103.3,1.0942878135930792e-05,103.3,BID
1314,1712614986.4375484,31853888.96714432,103.4,5.326757900605062e-06,103.4,BID
1315,1712614986.4391265,31853939.13711793,103.7,1.5089966306613672e-08,103.7,BID
1316,1712614986.440716,31855136.66258219,103.6,3.6018792930083805e-07,103.7,BID
1317,1712614986.442574,31860342.61756041,103.7,1.5658307064047722e-06,103.7,BID
1318,1712614986.4441595,31860526.27820872,103.4,5.5240870097596224e-08,103.7,BID
1319,1712614986.4457684,31871718.27820872,103.3,3.366294433854989e-06,103.7,BID
1320,1712614986.447347,31873448.27820872,103.7,5.203439394718666e-07,103.7,BID
1321,1712614986.448938,31888848.27820872,103.3,4.631963391830488e-06,103.7,BID
1322,1712614986.4505298,31889002.10125629,103.4,4.626641072408312e-08,103.7,BID
1323,1712614986.45218,31895002.10125629,103.6,1.8046610617521383e-06,103.7,BID
1324,1712614986.4537826,31897924.61587529,103.5,8.79024722551858e-07,103.7,BID
1325,1712614986.455417,31939727.37579391,103.4,1.2573302183151889e-05,103.7,BID
1326,1712614986.4570107,31946661.16988639,103.5,2.085524701484305e-06,103.7,BID
1327,1712614986.458603,31948752.9676218,103.7,6.291643203586711e-07,103.7,BID
1328,1712614986.4602413,31950492.94795961,103.6,5.233457939766043e-07,103.7,BID
1329,1712614986.461861,31955582.32060764,103.7,1.5307654411078416e-06,103.7,BID
1330,1712614988.9548512,31955682.8534316,103.0,-3.02379454718018e-08,103.7,ASK
1331,1712615010.4905667,31955682.8534316,103.0,-0.0,103.7,ASK
1332,1712615019.7635434,31955741.10585878,102.9,-1.7361049872649435e-08,103.7,ASK
1333,1712615025.1410315,31955870.79241316,103.1,3.865065967923482e-08,103.7,BID
1334,1712615025.1441836,31956350.83955878,103.2,1.4306910183621778e-07,103.7,BID
1335,1712615026.3210938,31957173.79241316,103.2,2.452657552575134e-07,103.7,BID
1336,1712615026.3294775,31957570.29725878,103.2,1.1817087686915168e-07,103.7,BID
1337,1712615027.4808202,31957877.04295878,103.2,9.14198369718213e-08,103.7,BID
1338,1712615028.4506943,31958699.58685878,103.2,2.4514387402845e-07,103.7,BID
1339,1712615029.7338808,31959006.33255878,103.2,9.14198369718213e-08,103.7,BID
1340,1712615030.9409804,31960105.22075878,103.2,3.275031405287488e-07,103.7,BID
1341,1712615031.940955,31961669.21545878,103.2,4.661194614886666e-07,103.7,BID
1342,1712615033.024771,31962478.15967567,103.2,2.410907420277485e-07,103.7,BID
1343,1712615033.028451,31963136.95015878,103.2,1.9634022111519365e-07,103.7,BID
1344,1712615034.2939625,31964796.82715878,103.2,4.946953933908661e-07,103.7,BID
1345,1712615035.5306733,31966334.27505878,103.2,4.582076826829853e-07,103.7,BID
1346,1712615036.5110958,31966639.38395878,103.2,9.093201924734949e-08,103.7,BID
1347,1712615040.3336384,31966639.38395878,103.2,0.0,103.7,BID
1348,1712615070.344426,31966639.38395878,103.2,0.0,103.7,BID
1349,1712615076.1319933,31967549.36475878,103.2,2.711114530114096e-07,103.7,BID
1350,1712615077.3717136,31968462.77405878,103.2,2.721329093078123e-07,103.7,BID
1351,1712615078.5215127,31968767.41815878,103.2,9.076290906602012e-08,103.7,BID
1352,1712615079.4814448,31968948.90675878,103.2,5.4071072764673947e-08,103.7,BID
1353,1712615080.701288,31971354.35065878,103.2,7.166562095235063e-07,103.7,BID
1354,1712615081.811813,31973158.50625878,103.2,5.375138092739964e-07,103.7,BID
1355,1712615082.7345426,31973216.64579366,103.2,1.732156742165108e-08,103.7,BID
1356,1712615083.0177703,31973560.64062845,103.2,1.0248671124481625e-07,103.7,BID
1357,1712615083.019529,31974878.87619366,103.2,3.927431869949326e-07,103.7,BID
1358,1712615090.8310618,31975098.87619366,103.3,6.554481112411371e-08,103.7,BID
1359,1712615090.834525,31978105.72254266,103.2,8.958326182920578e-07,103.7,BID
1360,1712615090.8361762,31979722.0580391,103.3,4.815563855790686e-07,103.7,BID
1361,1712615100.5207355,31979722.0580391,103.3,0.0,103.7,BID
1362,1712615110.8920248,31979915.6688813,103.3,5.7669654464640084e-08,103.7,BID
1363,1712615121.4420187,31979973.80841618,102.9,-1.7317660773039452e-08,103.7,ASK
1364,1712615130.4921863,31979973.80841618,102.9,-0.0,103.7,ASK
1365,1712615141.5920992,31981380.52728777,102.9,-4.1900733702783707e-07,103.7,ASK
1366,1712615141.6746104,31981530.52728777,103.1,4.46792190134954e-08,103.7,BID
1367,1712615148.419401,31981588.66682265,103.2,1.731752674815237e-08,103.7,BID
1368,1712615160.345081,31981588.66682265,103.2,0.0,103.7,BID
1369,1712615184.04331,31982288.74389356,103.2,2.0851565502125458e-07,103.7,BID
1370,1712615184.0477197,31982357.37675868,103.2,2.0442073338886532e-08,103.7,BID
1371,1712615187.132679,31982415.51629356,103.2,-1.731666940935294e-08,103.7,ASK
1372,1712615190.3195298,31982415.51629356,103.2,-0.0,103.7,ASK
1373,1712615202.623034,31982505.7481887,103.2,2.6874590421801026e-08,103.7,BID
1374,1712615202.924311,31983913.85708226,103.2,-4.193899476943898e-07,103.7,ASK
1375,1712615207.0433347,31995851.68194414,103.2,-3.5555515395949165e-06,103.7,ASK
1376,1712615213.6782568,31995909.7651968,103.3,1.7299466260616673e-08,103.7,BID
1377,1712615220.4857936,31995909.7651968,103.3,0.0,103.7,BID
1378,1712615245.1737587,31996017.53435295,103.1,-3.208456537302251e-08,103.7,ASK
1379,1712615245.1765652,31996175.28822796,103.0,-4.6965798901937736e-08,103.7,ASK
1380,1712615249.3036504,31996233.37148062,103.0,-1.7292293858871494e-08,103.7,ASK
1381,1712615250.514,31996233.37148062,103.0,-0.0,103.7,ASK
1382,1712615251.17376,32007209.53435295,103.0,-3.267743128602115e-06,103.7,ASK
1383,1712615251.2539444,32009669.5371312,103.0,7.323740790359607e-07,103.7,BID
1384,1712615252.0934756,32010057.88664577,103.0,-1.156165840916551e-07,103.7,ASK
1385,1712615253.7836597,32010251.49748797,103.0,-5.7640407360459846e-08,103.7,ASK
1386,1712615275.2340038,32010290.7524695,103.3,1.1686706697662586e-08,103.7,BID
1387,1712615275.2393706,32010309.58074063,103.3,5.605415510918995e-09,103.7,BID
1388,1712615280.3498333,32010309.58074063,103.3,0.0,103.7,BID
1389,1712615287.1016843,32013575.58570292,103.3,9.719116490446073e-07,103.7,BID
1390,1712615287.1067338,32028554.87242199,103.3,4.457599858160521e-06,103.7,BID
1391,1712615310.3201869,32028554.87242199,103.3,0.0,103.7,BID
1392,1712615315.3943155,32028612.95567465,102.9,-1.727497240169765e-08,103.7,ASK
1393,1712615334.2845654,32029678.18316738,103.3,3.168172355474328e-07,103.7,BID
1394,1712615337.4345982,32029736.26642004,103.3,1.7274972402805617e-08,103.7,BID
1395,1712615340.3517342,32029736.26642004,103.3,0.0,103.7,BID
1396,1712615370.3256128,32029736.26642004,103.3,0.0,103.7,BID
1397,1712615374.4249809,32029786.16178739,102.9,-1.4839213997142128e-08,103.7,ASK
1398,1712615374.4299133,32029794.3496727,102.9,-2.4351315314152788e-09,103.7,ASK
1399,1712615387.0249746,32029998.62982835,102.9,-6.075427651896738e-08,103.7,ASK
1400,1712615390.335436,32030393.51316911,102.9,-1.1744093106490446e-07,103.7,ASK
1401,1712615399.4150774,32030451.59642177,103.3,1.727434552855741e-08,103.7,BID
1402,1712615400.4683285,32030451.59642177,103.3,0.0,103.7,BID
1403,1712615430.395242,32030451.59642177,103.3,0.0,103.7,BID
1404,1712615444.8355875,32030509.67967443,102.8,-1.765018157255069e-08,103.7,ASK
1405,1712615460.508457,32030509.67967443,102.8,-0.0,103.7,ASK
1406,1712615468.805669,32030567.81920931,103.2,1.7667252404606274e-08,103.7,BID
1407,1712615490.5146182,32030567.81920931,103.2,0.0,103.7,BID
1408,1712615490.5704231,32045650.86979296,102.8,-4.5833799047551485e-06,103.7,ASK
1409,1712615490.575041,32045700.87019788,102.8,-1.5193932412475245e-08,103.7,ASK
1410,1712615490.5773375,32048813.11089067,102.7,-9.457358357971026e-07,103.7,ASK
1411,1712615495.282235,32048861.80611949,102.8,1.4797320474911412e-08,103.7,BID
1412,1712615520.3406498,32048861.80611949,102.8,0.0,103.7,BID
1413,1712615541.9064794,32048919.94565437,102.7,-1.7657131232320067e-08,103.7,ASK
1414,1712615545.056406,32049230.85870235,102.7,-9.442511883545553e-08,103.7,ASK
1415,1712615550.3498132,32049230.85870235,102.7,-0.0,103.7,ASK
1416,1712615559.7291412,32060053.80611949,102.7,-3.2869200542828623e-06,103.7,ASK
1417,1712615559.7341666,32071245.80611949,102.7,-3.399001014203848e-06,103.7,ASK
1418,1712615559.9078116,32074755.89555678,102.7,1.0660112184862768e-06,103.7,BID
1419,1712615559.9681864,32077245.97211828,102.7,7.562341635080098e-07,103.7,BID
1420,1712615560.6867669,32078392.78272983,102.7,3.482854209933333e-07,103.7,BID
1421,1712615561.490113,32080836.04418966,102.7,7.420164563912836e-07,103.7,BID
1422,1712615561.5769165,32082946.10424381,102.7,6.408234689139657e-07,103.7,BID
1423,1712615571.1872544,32083854.30728382,102.6,-2.7582050161620054e-07,103.7,ASK
1424,1712615571.191201,32087321.32677611,102.6,-1.0529309123089104e-06,103.7,ASK
1425,1712615571.1949923,32092194.62112308,102.6,-1.4800154063494873e-06,103.7,ASK
1426,1712615576.4718828,32092308.80965563,102.9,3.4678961575010546e-08,103.7,BID
1427,1712615580.5118687,32092308.80965563,102.9,0.0,103.7,BID
1428,1712615600.7835166,32092367.11869353,102.9,1.7684649711360656e-08,103.7,BID
1429,1712615610.5227044,32092367.11869353,102.9,0.0,103.7,BID
1430,1712615640.335364,32092367.11869353,102.9,0.0,103.7,BID
1431,1712615645.1367214,32092425.42773143,102.6,-1.7684617528640005e-08,103.7,ASK
1432,1712615668.147026,32092483.73676933,102.9,1.7684617529769854e-08,103.7,BID
1433,1712615670.3473403,32092483.73676933,102.9,0.0,103.7,BID
1434,1712615689.5471928,32095399.18866437,102.9,8.84227663027964e-07,103.7,BID
1435,1712615700.52761,32095399.18866437,102.9,0.0,103.7,BID
1436,1712615707.497692,32095457.49770227,102.5,-1.7702587235064157e-08,103.7,ASK
1437,1712615730.5019755,32095457.49770227,102.5,-0.0,103.7,ASK
1438,1712615732.3475523,32095515.86346102,102.8,1.7719775496384187e-08,103.7,BID
1439,1712615760.3288555,32095515.86346102,102.8,0.0,103.7,BID
1440,1712615766.3578737,32095534.97728207,102.5,-5.802922949089421e-09,103.7,ASK
1441,1712615766.3618078,32095574.22921977,102.5,-1.1916820268004966e-08,103.7,ASK
1442,1712615769.9276285,32095635.51326646,102.8,1.860573037998489e-08,103.7,BID
1443,1712615790.3495798,32095635.51326646,102.8,0.0,103.7,BID
1444,1712615799.687914,32095693.87902521,102.8,1.7719677142563535e-08,103.7,BID
1445,1712615810.2280917,32106707.86346102,102.8,3.3438141203610563e-06,103.7,BID
1446,1712615810.2326045,32106837.55001539,102.8,3.9372466362732e-08,103.7,BID
1447,1712615820.5025122,32106837.55001539,102.8,0.0,103.7,BID
1448,1712615826.4399903,32107745.75301539,102.8,2.75631464469403e-07,103.7,BID
1449,1712615834.459447,32121462.55268915,102.8,-4.162925669596744e-06,103.7,ASK
1450,1712615835.2681687,32121520.9184479,102.6,-1.7713484275281913e-08,103.7,ASK
1451,1712615850.5047646,32121520.9184479,102.6,-0.0,103.7,ASK
1452,1712615859.2681682,32121579.28420665,102.8,1.7705373424649723e-08,103.7,BID
1453,1712615882.0062366,32121579.28420665,102.8,0.0,103.7,BID
1454,1712615897.993458,32121637.6499654,102.5,-1.7705341198938868e-08,103.7,ASK
1455,1712615910.3440535,32121637.6499654,102.5,-0.0,103.7,ASK
1456,1712615922.648892,32121695.9590033,102.9,1.7688102742108172e-08,103.7,BID
1457,1712615940.5034423,32121695.9590033,102.9,0.0,103.7,BID
1458,1712615947.6804578,32122260.96097675,102.5,-1.7139358024813596e-07,103.7,ASK
1459,1712615958.1886108,32122319.27001465,102.5,-1.7688070549078942e-08,103.7,ASK
1460,1712615970.5085397,32122319.27001465,102.5,-0.0,103.7,ASK
1461,1712615972.7188404,32123562.11402019,102.5,-3.770099317591119e-07,103.7,ASK
1462,1712615972.7245345,32132347.34863478,102.5,-2.664952872419914e-06,103.7,ASK
1463,1712616000.4136314,32132347.34863478,102.5,-0.0,103.7,ASK
1464,1712616001.3191383,32133125.55875151,102.8,2.360407686759793e-07,103.7,BID
1465,1712616019.9070654,32133225.77275929,102.8,3.0396149985691395e-08,103.7,BID
1466,1712616027.1959724,32140434.76694024,102.8,2.186577238297012e-06,103.7,BID
1467,1712616030.34937,32140434.76694024,102.8,0.0,103.7,BID
1468,1712616058.5682974,32140493.13269899,102.8,1.7698594597416257e-08,103.7,BID
1469,1712616060.4811733,32140493.13269899,102.8,0.0,103.7,BID
1470,1712616090.48505,32140493.13269899,102.8,0.0,103.7,BID
1471,1712616099.6025796,32140551.49845774,102.5,-1.7698562396377073e-08,103.7,ASK
1472,1712616120.3435235,32140551.49845774,102.5,-0.0,103.7,ASK
1473,1712616150.3349378,32140551.49845774,102.5,-0.0,103.7,ASK
1474,1712616153.4094512,32140609.86421649,102.8,1.7698530289426447e-08,103.7,BID
1475,1712616180.483476,32140609.86421649,102.8,0.0,103.7,BID
1476,1712616192.5297084,32140668.22997524,102.5,-1.7698498087491632e-08,103.7,ASK
1477,1712616198.5553858,32140862.96091414,102.5,-5.904909357298486e-08,103.7,ASK
1478,1712616210.4893117,32140862.96091414,102.5,-0.0,103.7,ASK
1479,1712616217.4300694,32142044.72676779,102.5,-3.583490837221801e-07,103.7,ASK
1480,1712616217.4321785,32142101.13836779,102.5,-1.710579562716718e-08,103.7,ASK
1481,1712616217.4341848,32179302.66657458,102.5,-1.1280689406266912e-05,103.7,ASK
1482,1712616217.4394205,32189362.96091414,102.5,-3.0506019846650725e-06,103.7,ASK
1483,1712616218.2296915,32189421.32667289,102.8,1.7698358862213315e-08,103.7,BID
1484,1712616240.330346,32189421.32667289,102.8,0.0,103.7,BID
1485,1712616270.354119,32189421.32667289,102.8,0.0,103.7,BID
1486,1712616295.719673,32194285.13990247,102.5,-1.472640639714401e-06,103.7,ASK
1487,1712616300.363159,32194285.13990247,102.5,-0.0,103.7,ASK
1488,1712616319.1806643,32194296.97356005,102.8,3.582794409512148e-09,103.7,BID
1489,1712616319.1901822,32194401.97356005,102.7,3.179012155898194e-08,103.7,BID
1490,1712616330.333875,32194401.97356005,102.7,0.0,103.7,BID
1491,1712616331.9599528,32206453.85185993,102.7,3.6488503257002057e-06,103.7,BID
1492,1712616337.1600766,32209026.97623381,102.7,7.790441851532341e-07,103.7,BID
1493,1712616355.4406326,32210972.50152563,102.8,5.890310554150245e-07,103.7,BID
1494,1712616359.0699437,32211030.86728438,102.5,-1.7670931661243908e-08,103.7,ASK
1495,1712616360.500075,32211030.86728438,102.5,-0.0,103.7,ASK
1496,1712616384.9000604,32211328.00997517,102.5,-8.991700735884726e-08,103.7,ASK
1497,1712616385.9101112,32211378.00997517,102.7,1.5130274131950768e-08,103.7,BID
1498,1712616385.9303734,32211436.37573392,102.8,1.7661798596313926e-08,103.7,BID
1499,1712616390.5115745,32211436.37573392,102.8,0.0,103.7,BID
1500,1712616420.3476996,32211436.37573392,102.8,0.0,103.7,BID
1501,1712616424.5401464,32211494.74149267,102.5,-1.766157630762085e-08,103.7,ASK
1502,1712616445.0104537,32212127.95315194,102.6,-1.9161090815052825e-07,103.7,ASK
1503,1712616445.0149474,32216232.70956319,102.5,-1.242106161786238e-06,103.7,ASK
1504,1712616447.7603507,32216291.07532194,102.8,1.766157630762085e-08,103.7,BID
1505,1712616450.355266,32216291.07532194,102.8,0.0,103.7,BID
1506,1712616480.4837694,32216291.07532194,102.8,0.0,103.7,BID
1507,1712616488.960571,32216349.44108069,102.5,-1.7658916855628815e-08,103.7,ASK
1508,1712616510.511955,32216349.44108069,102.5,-0.0,103.7,ASK
1509,1712616517.3687737,32216407.80683944,102.8,1.7658884892358857e-08,103.7,BID
1510,1712616518.9807718,32256370.97528035,102.5,-1.2091078854086516e-05,103.7,ASK
1511,1712616519.0458927,32257514.0788427,102.5,3.458523397916761e-07,103.7,BID
1512,1712616519.0604208,32262603.57800147,102.5,1.5398562740961364e-06,103.7,BID
1513,1712616519.9904492,32262676.79519656,102.5,-2.2152269548299523e-08,103.7,ASK
1514,1712616540.316077,32262676.79519656,102.5,-0.0,103.7,ASK
1515,1712616554.751596,32262735.16095531,102.5,-1.7633550652758966e-08,103.7,ASK
1516,1712616560.2519517,32266448.79480147,102.5,-1.121968632531544e-06,103.7,ASK
1517,1712616560.3714097,32279025.95128526,102.5,3.7998293977868456e-06,103.7,BID
1518,1712616560.3763273,32282674.04235046,102.5,1.1021667491541318e-06,103.7,BID
1519,1712616570.3508692,32282674.04235046,102.5,0.0,103.7,BID
1520,1712616575.6608002,32307281.16758715,102.6,-7.429740647234127e-06,103.7,ASK
1521,1712616575.740707,32325048.44317748,102.6,5.364553899504786e-06,103.7,BID
1522,1712616600.3791838,32325048.44317748,102.6,0.0,103.7,BID
1523,1712616608.3756976,32334841.85767742,102.4,-2.955234937592851e-06,103.7,ASK
1524,1712616608.3840048,32350451.85767742,102.4,-4.710432441730528e-06,103.7,ASK
1525,1712616608.3861957,32358781.15767935,102.3,-2.5134276070467213e-06,103.7,ASK
1526,1712616608.388414,32362724.88326528,102.4,-1.1900482345450122e-06,103.7,ASK
1527,1712616608.3949497,32372724.88326528,102.4,-3.017573633395597e-06,103.7,ASK
1528,1712616608.3971694,32395108.88326528,102.3,-6.754536820992705e-06,103.7,ASK
1529,1712616608.3995826,32412087.81599834,102.4,-5.123517973847608e-06,103.7,ASK
1530,1712616608.401795,32433970.56770899,102.3,-6.603281458820983e-06,103.7,ASK
1531,1712616608.4042125,32617260.5258459,102.2,-5.530909449401186e-05,103.7,ASK
1532,1712616608.4064338,32621405.5258459,102.3,-1.2507842710424753e-06,103.7,ASK
1533,1712616608.4086933,32621601.22056214,102.2,-5.9052321592431074e-08,103.7,ASK
1534,1712616609.1908567,32621659.6431522,102.7,1.7629446735459655e-08,103.7,BID
1535,1712616630.323096,32621659.6431522,102.7,0.0,103.7,BID
1536,1712616651.8020785,32621718.06574226,102.3,-1.7469556759958206e-08,103.7,ASK
1537,1712616660.5116928,32621718.06574226,102.3,-0.0,103.7,ASK
1538,1712616666.751136,32626227.31007142,102.4,1.3483544445505663e-06,103.7,BID
1539,1712616666.8165064,32628662.00130003,102.4,7.280214819978003e-07,103.7,BID
1540,1712616675.2434063,32628720.36705878,102.8,1.7452531838214296e-08,103.7,BID
1541,1712616690.5022428,32628720.36705878,102.8,0.0,103.7,BID
1542,1712616720.35408,32628720.36705878,102.8,0.0,103.7,BID
1543,1712616750.331118,32628720.36705878,102.8,0.0,103.7,BID
1544,1712616775.4515257,32628778.73281753,102.5,-1.7448790555522957e-08,103.7,ASK
1545,1712616780.504,32628778.73281753,102.5,-0.0,103.7,ASK
1546,1712616784.8213766,32635880.13749547,102.7,2.12300334842641e-06,103.7,BID
1547,1712616784.9424472,32635938.56008553,102.7,1.746574937642046e-08,103.7,BID
1548,1712616784.952839,32640029.15540759,102.7,1.222905602431675e-06,103.7,BID
1549,1712616785.3014069,32642012.72755416,102.7,-5.929996247221968e-07,103.7,ASK
1550,1712616808.6014209,32642071.09331291,102.8,1.7448759348398854e-08,103.7,BID
1551,1712616810.505575,32642071.09331291,102.8,0.0,103.7,BID
1552,1712616830.0621376,32650259.09331291,102.8,2.4468483071227406e-06,103.7,BID
1553,1712616830.0673935,32664240.88273512,102.8,4.178226401840842e-06,103.7,BID
1554,1712616830.072144,32683245.1463642,102.8,5.679109707979361e-06,103.7,BID
1555,1712616840.327225,32683245.1463642,102.8,0.0,103.7,BID
