,time,acc_trade_volume,trade_price,dev,high,ask_bid
0,1712601588.484311,207486.38034765,19700.0,0.0,19750.0,BID
1,1712601600.4576926,207486.38034765,19700.0,0.0,19750.0,BID
2,1712601615.7962906,207486.68522569,19610.0,-7.1506028658157e-11,19750.0,ASK
3,1712601630.4763908,207486.68522569,19610.0,-0.0,19750.0,ASK
4,1712601638.7463274,207486.98994889,19690.0,7.146961230750612e-11,19750.0,BID
5,1712601660.726167,207486.98994889,19690.0,0.0,19750.0,BID
6,1712601682.1561697,207487.29467209,19610.0,-7.146951173298869e-11,19750.0,ASK
7,1712601690.736417,207487.29467209,19610.0,-0.0,19750.0,ASK
8,1712601695.385981,207507.29467209,19610.0,-4.6907758624917194e-09,19750.0,ASK
9,1712601705.426035,207507.29482693,19690.0,3.6315987485769325e-14,19750.0,BID
10,1712601705.4273212,207507.59924069,19700.0,7.13968358794215e-11,19750.0,BID
11,1712601720.4664576,207507.59924069,19700.0,0.0,19750.0,BID
12,1712601750.4475822,207507.59924069,19700.0,0.0,19750.0,BID
13,1712601752.2259448,207507.90380929,19610.0,-7.142648110874408e-11,19750.0,ASK
14,1712601774.4058323,207509.15254025,19700.0,2.9284850219639057e-10,19750.0,BID
15,1712601780.7255025,207509.15254025,19700.0,0.0,19750.0,BID
16,1712601809.1256876,207509.45710877,19700.0,7.142595023690773e-11,19750.0,BID
17,1712601810.745419,207509.45710877,19700.0,0.0,19750.0,BID
18,1712601840.447777,207509.45710877,19700.0,0.0,19750.0,BID
19,1712601852.2079778,207509.76167729,19620.0,-7.142584973422169e-11,19750.0,ASK
20,1712601870.478479,207509.76167729,19620.0,-0.0,19750.0,ASK
21,1712601875.56531,207510.06624581,19700.0,7.14257496467748e-11,19750.0,BID
22,1712601900.4658954,207510.06624581,19700.0,0.0,19750.0,BID
23,1712601915.2352452,207510.37081433,19620.0,-7.173620876178838e-11,19750.0,ASK
24,1712601930.475643,207510.37081433,19620.0,-0.0,19750.0,ASK
25,1712601960.725974,207510.37081433,19620.0,-0.0,19750.0,ASK
26,1712601974.075146,207510.67538285,19700.0,7.173610779576929e-11,19750.0,BID
27,1712601990.744729,207510.67538285,19700.0,0.0,19750.0,BID
28,1712602017.5755386,207510.97995137,19620.0,-7.1736006425205e-11,19750.0,ASK
29,1712602020.6267028,207510.97995137,19620.0,-0.0,19750.0,ASK
30,1712602026.3586235,207511.50510228,19620.0,-1.2369031451046518e-10,19750.0,ASK
31,1712602031.764552,207512.79393476,19700.0,3.0356244608882877e-10,19750.0,BID
32,1712602038.4744556,207513.09850328,19700.0,7.173590545290059e-11,19750.0,BID
33,1712602050.4270186,207513.09850328,19700.0,0.0,19750.0,BID
34,1712602080.72474,207513.09850328,19700.0,0.0,19750.0,BID
35,1712602086.324768,207513.4030718,19620.0,-7.173520100706197e-11,19750.0,ASK
36,1712602108.0245037,207513.70764032,19700.0,7.173520100020712e-11,19750.0,BID
37,1712602110.734451,207513.70764032,19700.0,0.0,19750.0,BID
38,1712602140.4580867,207513.70764032,19700.0,0.0,19750.0,BID
39,1712602153.104345,207514.01220884,19620.0,-7.17349986624539e-11,19750.0,ASK
40,1712602170.4643412,207514.01220884,19620.0,-0.0,19750.0,ASK
41,1712602175.924374,207514.31677736,19700.0,7.173489770669595e-11,19750.0,BID
42,1712602200.4974935,207514.31677736,19700.0,0.0,19750.0,BID
43,1712602218.294179,207514.62134588,19620.0,-7.174562312845739e-11,19750.0,ASK
44,1712602230.476749,207514.62134588,19620.0,-0.0,19750.0,ASK
45,1712602243.957592,207514.9259144,19700.0,7.174552213593586e-11,19750.0,BID
46,1712602260.5099142,207514.9259144,19700.0,0.0,19750.0,BID
47,1712602285.873853,207515.23048292,19620.0,-7.174542073190625e-11,19750.0,ASK
48,1712602289.2039144,207516.49241185,19700.0,2.972652000274249e-10,19750.0,BID
49,1712602290.494249,207516.49241185,19700.0,0.0,19750.0,BID
50,1712602309.5439084,207516.79698037,19700.0,7.174489960034173e-11,19750.0,BID
51,1712602320.7141497,207516.79698037,19700.0,0.0,19750.0,BID
52,1712602350.763874,207516.79698037,19700.0,0.0,19750.0,BID
53,1712602350.9737322,207517.10154889,19620.0,-7.174479819121609e-11,19750.0,ASK
54,1712602380.4454858,207517.10154889,19620.0,-0.0,19750.0,ASK
55,1712602410.453718,207517.10154889,19620.0,-0.0,19750.0,ASK
56,1712602414.0436296,207517.40611741,19700.0,7.174469720101702e-11,19750.0,BID
57,1712602440.7033846,207517.40611741,19700.0,0.0,19750.0,BID
58,1712602460.345889,207517.71068593,19620.0,-7.174459580617502e-11,19750.0,ASK
59,1712602470.745963,207517.71068593,19620.0,-0.0,19750.0,ASK
60,1712602486.12346,207518.01525445,19700.0,7.174449480968997e-11,19750.0,BID
61,1712602500.5315692,207518.01525445,19700.0,0.0,19750.0,BID
62,1712602526.8839667,207518.31982297,19620.0,-7.174439340856434e-11,19750.0,ASK
63,1712602530.5223415,207518.31982297,19620.0,-0.0,19750.0,ASK
64,1712602546.5944166,207518.79272297,19690.0,1.1139652872812992e-10,19750.0,BID
65,1712602546.596371,207519.33599769,19700.0,1.279740282308884e-10,19750.0,BID
66,1712602546.5983071,207519.65829769,19690.0,7.592112752663978e-11,19750.0,BID
67,1712602552.8745792,207519.96286621,19700.0,7.174429241950479e-11,19750.0,BID
68,1712602560.7500834,207519.96286621,19700.0,0.0,19750.0,BID
69,1712602590.7443652,207519.96286621,19700.0,0.0,19750.0,BID
70,1712602596.1457164,207520.26743473,19620.0,-7.174374553590389e-11,19750.0,ASK
71,1712602620.543236,207520.26743473,19620.0,-0.0,19750.0,ASK
72,1712602621.376469,207520.57200325,19700.0,7.174364455552394e-11,19750.0,BID
73,1712602650.5005815,207520.57200325,19700.0,0.0,19750.0,BID
74,1712602665.3173356,207520.87657177,19620.0,-7.174354314994609e-11,19750.0,ASK
75,1712602680.7538922,207520.87657177,19620.0,-0.0,19750.0,ASK
76,1712602689.2577877,207521.18114029,19700.0,7.174344216328023e-11,19750.0,BID
77,1712602710.7182431,207521.18114029,19700.0,0.0,19750.0,BID
78,1712602731.5288374,207521.48570881,19620.0,-7.174334077198575e-11,19750.0,ASK
79,1712602740.4908044,207521.48570881,19620.0,-0.0,19750.0,ASK
80,1712602752.169186,207521.79027733,19700.0,7.174323977903403e-11,19750.0,BID
81,1712602760.0395887,207594.67642849,19620.0,-1.7168841413442772e-08,19750.0,ASK
82,1712602760.0418324,207599.77326844,19620.0,-1.2005962095511456e-09,19750.0,ASK
83,1712602760.1792064,207607.1147374,19620.0,1.729334233043363e-09,19750.0,BID
84,1712602770.5235198,207607.1147374,19620.0,0.0,19750.0,BID
85,1712602785.7600038,207617.30841731,19620.0,2.4002425224856554e-09,19750.0,BID
86,1712602798.7701683,207617.61298583,19610.0,-7.171485853443819e-11,19750.0,ASK
87,1712602800.6387684,207617.61298583,19610.0,-0.0,19750.0,ASK
88,1712602813.4605212,207618.12060004,19700.0,1.195223422311697e-10,19750.0,BID
89,1712602822.8205009,207618.42516856,19700.0,7.171340392155119e-11,19750.0,BID
90,1712602830.5143223,207618.42516856,19700.0,0.0,19750.0,BID
91,1712602838.6006544,207623.47567361,19700.0,1.189182467656795e-09,19750.0,BID
92,1712602850.080994,207633.36176861,19610.0,-2.3277614280577e-09,19750.0,ASK
93,1712602860.7510948,207633.36176861,19610.0,-0.0,19750.0,ASK
94,1712602873.9744852,207633.66633713,19610.0,-7.170818056823972e-11,19750.0,ASK
95,1712602890.7475858,207633.66633713,19610.0,-0.0,19750.0,ASK
96,1712602920.4997406,207633.66633713,19610.0,-0.0,19750.0,ASK
97,1712602928.0519474,207633.97106033,19690.0,7.174449781997019e-11,19750.0,BID
98,1712602950.5499337,207633.97106033,19690.0,0.0,19750.0,BID
99,1712602960.0325358,207656.80245824,19690.0,5.375451766491974e-09,19750.0,BID
100,1712602974.5225372,207657.10718144,19610.0,-7.174439647030864e-11,19750.0,ASK
101,1712602980.7497363,207657.10718144,19610.0,-0.0,19750.0,ASK
102,1712602999.423081,207657.41190464,19690.0,7.173670274786486e-11,19750.0,BID
103,1712603010.7615566,207657.41190464,19690.0,0.0,19750.0,BID
104,1712603040.5236938,207657.41190464,19690.0,0.0,19750.0,BID
105,1712603041.993827,207657.71662784,19620.0,-7.173660142022547e-11,19750.0,ASK
106,1712603067.8340447,207658.02135104,19690.0,7.173660141337397e-11,19750.0,BID
107,1712603070.613229,207658.02135104,19690.0,0.0,19750.0,BID
108,1712603100.7272274,207658.02135104,19690.0,0.0,19750.0,BID
109,1712603116.0540445,207658.32607424,19620.0,-7.173895533896967e-11,19750.0,ASK
110,1712603130.761066,207658.32607424,19620.0,-0.0,19750.0,ASK
111,1712603138.404381,207658.63079744,19690.0,7.173885436521907e-11,19750.0,BID
112,1712603160.510801,207658.63079744,19690.0,0.0,19750.0,BID
113,1712603185.08502,207658.93552064,19620.0,-7.17387530246496e-11,19750.0,ASK
114,1712603190.4956992,207658.93552064,19620.0,-0.0,19750.0,ASK
115,1712603208.7353785,207659.24039868,19680.0,7.177510485586337e-11,19750.0,BID
116,1712603220.7396264,207659.24039868,19680.0,0.0,19750.0,BID
117,1712603250.7758312,207659.24039868,19680.0,0.0,19750.0,BID
118,1712603252.255278,207659.54527672,19620.0,-7.177500346437438e-11,19750.0,ASK
119,1712603268.7257416,207662.53155015,19620.0,-7.030345176543875e-10,19750.0,ASK
120,1712603276.0157895,207662.83642819,19680.0,7.177500347122604e-11,19750.0,BID
121,1712603280.523354,207662.83642819,19680.0,0.0,19750.0,BID
122,1712603310.5135782,207662.83642819,19680.0,0.0,19750.0,BID
123,1712603318.5261416,207663.14130623,19610.0,-7.177381099996597e-11,19750.0,ASK
124,1712603340.7956808,207663.14130623,19610.0,-0.0,19750.0,ASK
125,1712603342.4160173,207663.44602943,19690.0,7.173725788361479e-11,19750.0,BID
126,1712603370.74408,207663.44602943,19690.0,0.0,19750.0,BID
127,1712603389.916439,207663.75075263,19610.0,-7.173715656125868e-11,19750.0,ASK
128,1712603400.5571468,207663.75075263,19610.0,-0.0,19750.0,ASK
129,1712603430.5195594,207663.75075263,19610.0,-0.0,19750.0,ASK
130,1712603442.7470868,207664.05547583,19690.0,7.22409733966104e-11,19750.0,BID
131,1712603460.746257,207664.05547583,19690.0,0.0,19750.0,BID
132,1712603482.7470987,207664.36019903,19610.0,-7.224087063250721e-11,19750.0,ASK
133,1712603490.7913606,207664.36019903,19610.0,-0.0,19750.0,ASK
134,1712603506.8172717,207664.66492223,19690.0,7.224076829999396e-11,19750.0,BID
135,1712603520.5170352,207664.66492223,19690.0,0.0,19750.0,BID
136,1712603550.5311852,207664.66492223,19690.0,0.0,19750.0,BID
137,1712603550.807308,207664.96964543,19610.0,-7.224066554337389e-11,19750.0,ASK
138,1712603552.2176263,207665.62039367,19610.0,-1.5427274968067015e-10,19750.0,ASK
139,1712603571.3773692,207665.92511687,19690.0,7.224066554337389e-11,19750.0,BID
140,1712603580.5768423,207665.92511687,19690.0,0.0,19750.0,BID
141,1712603586.478105,207671.7604572,19690.0,1.3833748037670101e-09,19750.0,BID
142,1712603586.480396,207672.42579089,19690.0,1.5772959429958664e-10,19750.0,BID
143,1712603610.5051043,207672.42579089,19690.0,0.0,19750.0,BID
144,1712603616.9201932,207672.73051409,19610.0,-7.22380498851931e-11,19750.0,ASK
145,1712603639.377769,207673.03523729,19690.0,7.223804987829371e-11,19750.0,BID
146,1712603640.754324,207673.03523729,19690.0,0.0,19750.0,BID
147,1712603670.7591898,207673.03523729,19690.0,0.0,19750.0,BID
148,1712603681.4178667,207673.33996049,19610.0,-7.223784480517635e-11,19750.0,ASK
149,1712603700.5753863,207673.33996049,19610.0,-0.0,19750.0,ASK
150,1712603705.5537045,207673.64468369,19690.0,7.223826038015814e-11,19750.0,BID
151,1712603730.5088224,207673.64468369,19690.0,0.0,19750.0,BID
152,1712603760.763919,207673.64468369,19690.0,0.0,19750.0,BID
153,1712603790.797474,207673.64468369,19690.0,0.0,19750.0,BID
154,1712603790.908378,207673.94940689,19610.0,-7.223815762377318e-11,19750.0,ASK
155,1712603811.1284227,207674.25428493,19680.0,7.227486424362735e-11,19750.0,BID
156,1712603820.5383008,207674.25428493,19680.0,0.0,19750.0,BID
157,1712603850.5391855,207674.25428493,19680.0,0.0,19750.0,BID
158,1712603853.424977,207674.55916297,19610.0,-7.227465905189087e-11,19750.0,ASK
159,1712603878.8485792,207674.86404101,19680.0,7.227465905879024e-11,19750.0,BID
160,1712603880.7848048,207674.86404101,19680.0,0.0,19750.0,BID
161,1712603910.7773943,207674.86404101,19680.0,0.0,19750.0,BID
162,1712603925.3690467,207675.16891905,19610.0,-7.227445381619472e-11,19750.0,ASK
163,1712603940.5001297,207675.16891905,19610.0,-0.0,19750.0,ASK
164,1712603950.1387725,207675.47379709,19680.0,7.227435138850846e-11,19750.0,BID
165,1712603963.6287537,207675.80546824,19680.0,7.862592280850522e-11,19750.0,BID
166,1712603970.4959097,207675.80546824,19680.0,0.0,19750.0,BID
167,1712603995.8692226,207676.11034628,19620.0,-7.227413675474725e-11,19750.0,ASK
168,1712604000.5570607,207676.11034628,19620.0,-0.0,19750.0,ASK
169,1712604017.8090951,207676.41522432,19680.0,7.227403426192571e-11,19750.0,BID
170,1712604030.5179515,207676.41522432,19680.0,0.0,19750.0,BID
171,1712604060.7932773,207676.41522432,19680.0,0.0,19750.0,BID
172,1712604062.5991907,207676.72010236,19620.0,-7.227393146978219e-11,19750.0,ASK
173,1712604085.739241,207677.0249804,19680.0,7.227393146288287e-11,19750.0,BID
174,1712604090.80318,207677.0249804,19680.0,0.0,19750.0,BID
175,1712604120.5393057,207677.0249804,19680.0,0.0,19750.0,BID
176,1712604128.3992815,207677.17780732,19620.0,-3.6228817824657785e-11,19750.0,ASK
177,1712604128.4011142,207677.32985844,19620.0,-3.6044908361325496e-11,19750.0,ASK
178,1712604150.5408082,207677.32985844,19620.0,-0.0,19750.0,ASK
179,1712604153.419485,207677.63473648,19680.0,7.227362369432617e-11,19750.0,BID
180,1712604180.7487798,207677.63473648,19680.0,0.0,19750.0,BID
181,1712604194.9494994,207677.93961452,19620.0,-7.227352090335055e-11,19750.0,ASK
182,1712604210.7943914,207677.93961452,19620.0,-0.0,19750.0,ASK
183,1712604217.0293183,207678.24449256,19680.0,7.22734184191749e-11,19750.0,BID
184,1712604240.501329,207678.24449256,19680.0,0.0,19750.0,BID
185,1712604260.4400177,207678.5493706,19620.0,-7.227331561498469e-11,19750.0,ASK
186,1712604270.5369575,207678.5493706,19620.0,-0.0,19750.0,ASK
187,1712604283.7797394,207678.85424864,19680.0,7.227321313829047e-11,19750.0,BID
188,1712604300.7668116,207678.85424864,19680.0,0.0,19750.0,BID
189,1712604326.8895223,207679.15912668,19620.0,-7.227362331031085e-11,19750.0,ASK
190,1712604330.7521846,207679.15912668,19620.0,-0.0,19750.0,ASK
191,1712604352.799575,207679.46400472,19680.0,7.227352083274404e-11,19750.0,BID
192,1712604360.610012,207679.46400472,19680.0,0.0,19750.0,BID
193,1712604390.5329564,207679.46400472,19680.0,0.0,19750.0,BID
194,1712604398.679649,207679.76888276,19620.0,-7.22734180282625e-11,19750.0,ASK
195,1712604420.5223255,207679.76888276,19620.0,-0.0,19750.0,ASK
196,1712604423.159915,207680.0737608,19680.0,7.227331555127782e-11,19750.0,BID
197,1712604426.3598924,207685.81121496,19680.0,1.360100697803027e-09,19750.0,BID
198,1712604426.3669367,207686.63608448,19680.0,1.9554066637647416e-10,19750.0,BID
199,1712604450.5296712,207686.63608448,19680.0,0.0,19750.0,BID
200,1712604458.6002347,207687.14421456,19680.0,1.204516701158285e-10,19750.0,BID
201,1712604464.09035,207688.16047472,19680.0,2.409033402454551e-10,19750.0,BID
202,1712604465.959828,207688.46535276,19620.0,-7.227100017226368e-11,19750.0,ASK
203,1712604480.7562451,207688.46535276,19620.0,-0.0,19750.0,ASK
204,1712604490.7394283,207688.7702308,19680.0,7.227038375444394e-11,19750.0,BID
205,1712604510.7635455,207688.7702308,19680.0,0.0,19750.0,BID
206,1712604536.250433,207689.07510884,19620.0,-7.227028096578547e-11,19750.0,ASK
207,1712604540.5584614,207689.07510884,19620.0,-0.0,19750.0,ASK
208,1712604557.930333,207689.37998688,19680.0,7.227017848389915e-11,19750.0,BID
209,1712604570.5280318,207689.37998688,19680.0,0.0,19750.0,BID
210,1712604600.6449633,207689.37998688,19680.0,0.0,19750.0,BID
211,1712604603.890273,207689.68486492,19620.0,-7.227007570272348e-11,19750.0,ASK
212,1712604626.3106244,207689.98974296,19680.0,7.227007569582455e-11,19750.0,BID
213,1712604630.562639,207689.98974296,19680.0,0.0,19750.0,BID
214,1712604660.8242192,207689.98974296,19680.0,0.0,19750.0,BID
215,1712604673.1002736,207690.294621,19620.0,-7.226987044082749e-11,19750.0,ASK
216,1712604690.7923653,207690.294621,19620.0,-0.0,19750.0,ASK
217,1712604697.0304306,207690.59949904,19680.0,7.22697679601054e-11,19750.0,BID
218,1712604711.15022,207690.88054477,19680.0,6.662044172132967e-11,19750.0,BID
219,1712604720.5104456,207690.88054477,19680.0,0.0,19750.0,BID
220,1712604740.640273,207691.18542281,19620.0,-7.226957042140107e-11,19750.0,ASK
221,1712604750.5535977,207691.18542281,19620.0,-0.0,19750.0,ASK
222,1712604780.576991,207691.18542281,19620.0,-0.0,19750.0,ASK
223,1712604782.4804487,207739.85531372,19620.0,-1.1536898890318926e-08,19750.0,ASK
224,1712604800.5402656,207740.16034676,19670.0,7.230620975080856e-11,19750.0,BID
225,1712604810.5273347,207740.16034676,19670.0,0.0,19750.0,BID
226,1712604840.8101668,207740.16034676,19670.0,0.0,19750.0,BID
227,1712604843.2504675,207740.4653798,19620.0,-7.228974386625121e-11,19750.0,ASK
228,1712604864.9906871,207740.77041284,19670.0,7.228974386625121e-11,19750.0,BID
229,1712604870.750312,207740.77041284,19670.0,0.0,19750.0,BID
230,1712604900.5160391,207740.77041284,19670.0,0.0,19750.0,BID
231,1712604907.980126,207741.07544588,19620.0,-7.228953854487467e-11,19750.0,ASK
232,1712604930.511226,207741.07544588,19620.0,-0.0,19750.0,ASK
233,1712604931.8605494,207741.38047892,19670.0,7.228943601526784e-11,19750.0,BID
234,1712604960.757239,207741.38047892,19670.0,0.0,19750.0,BID
235,1712604972.331046,207741.68551196,19620.0,-7.228933322466445e-11,19750.0,ASK
236,1712604990.7577424,207741.68551196,19620.0,-0.0,19750.0,ASK
237,1712604996.9605238,207741.990545,19670.0,7.228923069564004e-11,19750.0,BID
238,1712605020.6244562,207741.990545,19670.0,0.0,19750.0,BID
239,1712605047.3608031,207742.29557804,19620.0,-7.228912790562056e-11,19750.0,ASK
240,1712605050.5459208,207742.29557804,19620.0,-0.0,19750.0,ASK
241,1712605069.2710557,207742.60061108,19670.0,7.228902537717854e-11,19750.0,BID
242,1712605080.745123,207742.60061108,19670.0,0.0,19750.0,BID
243,1712605110.7798383,207742.60061108,19670.0,0.0,19750.0,BID
244,1712605119.3609204,207742.90564412,19620.0,-7.228892258774296e-11,19750.0,ASK
245,1712605140.5198126,207742.90564412,19620.0,-0.0,19750.0,ASK
246,1712605146.3713253,207743.21067716,19670.0,7.228882005988337e-11,19750.0,BID
247,1712605170.5274909,207743.21067716,19670.0,0.0,19750.0,BID
248,1712605200.5703137,207743.21067716,19670.0,0.0,19750.0,BID
249,1712605230.527554,207743.21067716,19670.0,0.0,19750.0,BID
250,1712605231.881554,207743.5157102,19620.0,-7.228871727103167e-11,19750.0,ASK
251,1712605260.7989657,207743.5157102,19620.0,-0.0,19750.0,ASK
252,1712605286.491443,207768.45336606,19670.0,5.9098797857291205e-09,19750.0,BID
253,1712605290.7602274,207768.45336606,19670.0,0.0,19750.0,BID
254,1712605295.1610942,207768.7583991,19670.0,7.228021236166633e-11,19750.0,BID
255,1712605320.5278072,207768.7583991,19670.0,0.0,19750.0,BID
256,1712605338.341307,207769.06343214,19620.0,-7.228010959729208e-11,19750.0,ASK
257,1712605350.5383334,207769.06343214,19620.0,-0.0,19750.0,ASK
258,1712605364.0610547,207769.36846518,19670.0,7.228000709442999e-11,19750.0,BID
259,1712605380.7520142,207769.36846518,19670.0,0.0,19750.0,BID
260,1712605385.7821023,207775.86152363,19670.0,1.5385797013293355e-09,19750.0,BID
261,1712605410.7950015,207775.86152363,19670.0,0.0,19750.0,BID
262,1712605413.0711527,207776.16655667,19620.0,-7.22777169277362e-11,19750.0,ASK
263,1712605436.871147,207776.47158971,19670.0,7.22777169277362e-11,19750.0,BID
264,1712605440.524093,207776.47158971,19670.0,0.0,19750.0,BID
265,1712605470.5233614,207776.47158971,19670.0,0.0,19750.0,BID
266,1712605481.9715676,207776.77662275,19620.0,-7.227751167467304e-11,19750.0,ASK
267,1712605500.5414753,207776.77662275,19620.0,-0.0,19750.0,ASK
268,1712605510.3715203,207777.08165579,19670.0,7.228993914158387e-11,19750.0,BID
269,1712605530.555483,207777.08165579,19670.0,0.0,19750.0,BID
270,1712605560.7767403,207777.08165579,19670.0,0.0,19750.0,BID
271,1712605564.581704,207777.38668883,19620.0,-7.228983634954966e-11,19750.0,ASK
272,1712605590.7713742,207777.38668883,19620.0,-0.0,19750.0,ASK
273,1712605620.530595,207777.38668883,19620.0,-0.0,19750.0,ASK
274,1712605620.711523,207824.61632787,19670.0,1.1192944982521456e-08,19750.0,BID
275,1712605650.546821,207824.61632787,19670.0,0.0,19750.0,BID
276,1712605655.7216146,207824.92136091,19670.0,7.227382163669298e-11,19750.0,BID
277,1712605680.7793803,207824.92136091,19670.0,0.0,19750.0,BID
278,1712605701.9320023,207825.22639395,19620.0,-7.227371889048992e-11,19750.0,ASK
279,1712605710.793955,207825.22639395,19620.0,-0.0,19750.0,ASK
280,1712605710.9119048,207895.18672581,19620.0,-1.6576191839633516e-08,19750.0,ASK
281,1712605725.3816378,207895.49175885,19670.0,7.227361640575275e-11,19750.0,BID
282,1712605740.52802,207895.49175885,19670.0,0.0,19750.0,BID
283,1712605748.9116569,207902.44842176,19670.0,1.6477526758366502e-09,19750.0,BID
284,1712605768.591542,207902.7534548,19620.0,-7.225001619041091e-11,19750.0,ASK
285,1712605770.5317106,207902.7534548,19620.0,-0.0,19750.0,ASK
286,1712605792.0418131,207903.05848784,19670.0,7.224757213882003e-11,19750.0,BID
287,1712605800.563553,207903.05848784,19670.0,0.0,19750.0,BID
288,1712605830.5625334,207903.05848784,19670.0,0.0,19750.0,BID
289,1712605834.494386,207903.36352088,19620.0,-7.226252465424257e-11,19750.0,ASK
290,1712605860.744868,207903.36352088,19620.0,-0.0,19750.0,ASK
291,1712605886.963485,207903.66855392,19670.0,7.226242220124996e-11,19750.0,BID
292,1712605890.7945373,207903.66855392,19670.0,0.0,19750.0,BID
293,1712605920.5490832,207903.66855392,19670.0,0.0,19750.0,BID
294,1712605934.822091,207903.97358696,19620.0,-7.226231948745576e-11,19750.0,ASK
295,1712605950.578321,207903.97358696,19620.0,-0.0,19750.0,ASK
296,1712605955.7620423,207904.27862,19670.0,7.226221703504493e-11,19750.0,BID
297,1712605968.2618444,207911.0531284,19620.0,-1.6048785938294267e-09,19750.0,ASK
298,1712605980.7684014,207911.0531284,19620.0,-0.0,19750.0,ASK
299,1712606000.2928965,207911.3277004,19630.0,-6.504386712046586e-11,19750.0,ASK
300,1712606000.295992,207911.35816144,19620.0,-7.215971907167371e-12,19750.0,ASK
301,1712606010.7684026,207911.35816144,19620.0,-0.0,19750.0,ASK
302,1712606021.8218913,207911.66319448,19670.0,7.225973653525532e-11,19750.0,BID
303,1712606040.5297203,207911.66319448,19670.0,0.0,19750.0,BID
304,1712606063.531854,207911.96822752,19620.0,-7.225963382909576e-11,19750.0,ASK
305,1712606070.516883,207911.96822752,19620.0,-0.0,19750.0,ASK
306,1712606085.9721498,207912.27326056,19670.0,7.225953138430016e-11,19750.0,BID
307,1712606100.5397036,207912.27326056,19670.0,0.0,19750.0,BID
308,1712606124.9020605,207912.5782936,19620.0,-7.251153468702947e-11,19750.0,ASK
309,1712606130.560613,207912.5782936,19620.0,-0.0,19750.0,ASK
310,1712606160.7649815,207912.5782936,19620.0,-0.0,19750.0,ASK
311,1712606190.7507927,207912.5782936,19620.0,-0.0,19750.0,ASK
312,1712606214.532025,207912.88332664,19670.0,7.251143152673359e-11,19750.0,BID
313,1712606220.553898,207912.88332664,19670.0,0.0,19750.0,BID
314,1712606250.5210314,207912.88332664,19670.0,0.0,19750.0,BID
315,1712606255.1938374,207913.18835968,19620.0,-7.251132810383661e-11,19750.0,ASK
316,1712606280.7867684,207913.18835968,19620.0,-0.0,19750.0,ASK
317,1712606309.962435,207913.49354787,19660.0,7.254810657403159e-11,19750.0,BID
318,1712606310.7952769,207913.49354787,19660.0,0.0,19750.0,BID
319,1712606340.517377,207913.49354787,19660.0,0.0,19750.0,BID
320,1712606359.9724329,207913.79873606,19620.0,-7.25480031060397e-11,19750.0,ASK
321,1712606370.5222273,207913.79873606,19620.0,-0.0,19750.0,ASK
322,1712606381.6325743,207914.10392425,19660.0,7.2547899835034e-11,19750.0,BID
323,1712606400.6683545,207914.10392425,19660.0,0.0,19750.0,BID
324,1712606407.4568734,207914.77852425,19660.0,1.6036976204876508e-10,19750.0,BID
325,1712606407.4588287,207920.0500883,19660.0,1.2531862916165571e-09,19750.0,BID
326,1712606419.713251,207924.05917121,19660.0,9.530620698422407e-10,19750.0,BID
327,1712606419.7181468,207937.69320425,19670.0,3.241160145856013e-09,19750.0,BID
328,1712606424.252914,207937.99839244,19620.0,-7.255107828138398e-11,19750.0,ASK
329,1712606424.7923207,207938.37539244,19670.0,8.962259160058459e-11,19750.0,BID
330,1712606430.5400486,207938.37539244,19670.0,0.0,19750.0,BID
331,1712606436.314036,207989.21423332,19670.0,1.2084328218859013e-08,19750.0,BID
332,1712606436.318284,208277.11197229,19670.0,6.843292866163508e-08,19750.0,BID
333,1712606436.321913,208302.53139273,19670.0,6.042164109426046e-09,19750.0,BID
334,1712606445.6625955,208302.83642577,19670.0,7.250596805814223e-11,19750.0,BID
335,1712606460.7923312,208302.83642577,19670.0,0.0,19750.0,BID
336,1712606486.3929746,208303.05331709,19620.0,-5.1467090130237666e-11,19750.0,ASK
337,1712606486.3972178,208303.14145881,19620.0,-2.0915534316479888e-11,19750.0,ASK
338,1712606490.7584512,208303.14145881,19620.0,-0.0,19750.0,ASK
339,1712606508.6927354,208303.44649185,19670.0,7.238252165288996e-11,19750.0,BID
340,1712606520.560694,208303.44649185,19670.0,0.0,19750.0,BID
341,1712606550.5813854,208303.44649185,19670.0,0.0,19750.0,BID
342,1712606552.202536,208303.75152489,19620.0,-7.238241859739359e-11,19750.0,ASK
343,1712606574.8226602,208304.05655793,19670.0,7.238241859739359e-11,19750.0,BID
344,1712606580.5387323,208304.05655793,19670.0,0.0,19750.0,BID
345,1712606610.5401957,208304.05655793,19670.0,0.0,19750.0,BID
346,1712606616.8428757,208304.36159097,19620.0,-7.238221274924042e-11,19750.0,ASK
347,1712606639.161834,208304.58636751,19670.0,5.33379051004398e-11,19750.0,BID
348,1712606639.1716075,208304.66662401,19670.0,1.904430764880064e-11,19750.0,BID
349,1712606640.7865946,208304.66662401,19670.0,0.0,19750.0,BID
350,1712606670.7505326,208304.66662401,19670.0,0.0,19750.0,BID
351,1712606680.195659,208308.48724734,19620.0,-9.066046886067691e-10,19750.0,ASK
352,1712606680.2004669,208318.28456383,19620.0,-2.324828254023636e-09,19750.0,ASK
353,1712606680.2915604,208319.95714389,19620.0,3.9689045307081347e-10,19750.0,BID
354,1712606681.1810744,208320.26217693,19620.0,-7.238200690225809e-11,19750.0,ASK
355,1712606700.5423174,208320.26217693,19620.0,-0.0,19750.0,ASK
356,1712606703.8680606,208320.56736512,19660.0,7.241356501500854e-11,19750.0,BID
357,1712606706.830033,208328.03736245,19660.0,1.7724445278824501e-09,19750.0,BID
358,1712606730.5289118,208328.03736245,19660.0,0.0,19750.0,BID
359,1712606750.7385864,208328.34255064,19620.0,-7.241093867677203e-11,19750.0,ASK
360,1712606760.8069222,208328.34255064,19620.0,-0.0,19750.0,ASK
361,1712606770.9782746,208328.64773883,19660.0,7.241083580941347e-11,19750.0,BID
362,1712606777.977885,208329.06703187,19640.0,-9.94840576036189e-11,19750.0,ASK
363,1712606790.777748,208329.06703187,19640.0,-0.0,19750.0,ASK
364,1712606819.147226,208329.37222006,19620.0,-7.241059123834854e-11,19750.0,ASK
365,1712606820.4904356,208329.37222006,19620.0,-0.0,19750.0,ASK
366,1712606837.3467512,208329.67740825,19660.0,7.241048836507183e-11,19750.0,BID
367,1712606844.748784,208380.54210814,19660.0,1.2068415097324164e-08,19750.0,BID
368,1712606850.508495,208380.54210814,19660.0,0.0,19750.0,BID
369,1712606880.766544,208380.84729633,19620.0,-7.239320892913778e-11,19750.0,ASK
370,1712606880.7773783,208380.84729633,19620.0,-0.0,19750.0,ASK
371,1712606902.445351,208381.15248452,19660.0,7.239310610524499e-11,19750.0,BID
372,1712606910.77127,208381.15248452,19660.0,0.0,19750.0,BID
373,1712606940.5879097,208381.15248452,19660.0,0.0,19750.0,BID
374,1712606947.3949325,208381.45767271,19620.0,-7.239300307891806e-11,19750.0,ASK
375,1712606966.9240985,208381.7628609,19660.0,7.239300307201441e-11,19750.0,BID
376,1712606970.6487548,208381.7628609,19660.0,0.0,19750.0,BID
377,1712607000.650172,208381.7628609,19660.0,0.0,19750.0,BID
378,1712607016.9732432,208382.06804909,19620.0,-7.239712427492008e-11,19750.0,ASK
379,1712607030.5247483,208382.06804909,19620.0,-0.0,19750.0,ASK
380,1712607036.0030262,208382.37323728,19660.0,7.239702143300063e-11,19750.0,BID
381,1712607060.7687354,208382.37323728,19660.0,0.0,19750.0,BID
382,1712607078.5426924,208382.67842547,19620.0,-7.239691838862479e-11,19750.0,ASK
383,1712607090.7513683,208382.67842547,19620.0,-0.0,19750.0,ASK
384,1712607120.504945,208382.67842547,19620.0,-0.0,19750.0,ASK
385,1712607131.6514466,208382.98361366,19660.0,7.239681556109828e-11,19750.0,BID
386,1712607138.4750984,208383.4029066,19640.0,-9.946477169260768e-11,19750.0,ASK
387,1712607150.5391583,208383.4029066,19640.0,-0.0,19750.0,ASK
388,1712607174.6411529,208383.70809479,19620.0,-7.239657108476454e-11,19750.0,ASK
389,1712607180.768742,208383.70809479,19620.0,-0.0,19750.0,ASK
390,1712607210.758369,208383.70809479,19620.0,-0.0,19750.0,ASK
391,1712607230.8335855,208384.01328298,19660.0,7.239646825822461e-11,19750.0,BID
392,1712607240.5059607,208384.01328298,19660.0,0.0,19750.0,BID
393,1712607270.5570958,208384.01328298,19660.0,0.0,19750.0,BID
394,1712607275.2295418,208384.31847117,19620.0,-7.239636520851952e-11,19750.0,ASK
395,1712607298.6295202,208384.62365936,19660.0,7.239636520851952e-11,19750.0,BID
396,1712607300.5237925,208384.62365936,19660.0,0.0,19750.0,BID
397,1712607330.503926,208384.62365936,19660.0,0.0,19750.0,BID
398,1712607339.5693352,208453.28759628,19660.0,1.6289017672860845e-08,19750.0,BID
399,1712607340.3288405,208453.59278447,19620.0,-7.239922503326988e-11,19750.0,ASK
400,1712607360.7934418,208453.59278447,19620.0,-0.0,19750.0,ASK
401,1712607362.1091876,208453.89797266,19660.0,7.237594439479155e-11,19750.0,BID
402,1712607390.7562082,208453.89797266,19660.0,0.0,19750.0,BID
403,1712607406.9064467,208454.20316085,19620.0,-7.237584141730786e-11,19750.0,ASK
404,1712607420.5214653,208454.20316085,19620.0,-0.0,19750.0,ASK
405,1712607427.8581052,208454.50834904,19660.0,7.237573863584311e-11,19750.0,BID
406,1712607450.5160415,208454.50834904,19660.0,0.0,19750.0,BID
407,1712607471.429926,208454.81353723,19620.0,-7.237563565204292e-11,19750.0,ASK
408,1712607480.7774522,208454.81353723,19620.0,-0.0,19750.0,ASK
409,1712607510.7387362,208454.81353723,19620.0,-0.0,19750.0,ASK
410,1712607525.797354,208455.11872542,19660.0,7.237553288496654e-11,19750.0,BID
411,1712607540.5414305,208455.11872542,19660.0,0.0,19750.0,BID
412,1712607542.857356,208456.13601941,19660.0,2.412514385274223e-10,19750.0,BID
413,1712607567.9674685,208456.4412076,19620.0,-7.237542989484994e-11,19750.0,ASK
414,1712607570.5577035,208456.4412076,19620.0,-0.0,19750.0,ASK
415,1712607584.7674866,208457.35170142,19620.0,-2.1592242975792447e-10,19750.0,ASK
416,1712607589.3981674,208457.65688961,19660.0,7.237498384715748e-11,19750.0,BID
417,1712607600.5645108,208457.65688961,19660.0,0.0,19750.0,BID
418,1712607630.479432,208457.65688961,19660.0,0.0,19750.0,BID
419,1712607632.5069606,208457.9620778,19620.0,-7.280338763864244e-11,19750.0,ASK
420,1712607655.829257,208458.26773241,19630.0,7.291465325997027e-11,19750.0,BID
421,1712607655.9261613,208461.36113241,19620.0,-7.37938120441271e-10,19750.0,ASK
422,1712607660.542714,208461.36113241,19620.0,-0.0,19750.0,ASK
423,1712607667.5662916,208462.69848615,19620.0,-3.190234676711597e-10,19750.0,ASK
424,1712607667.5766718,208498.79842179,19600.0,-8.61157845234322e-09,19750.0,ASK
425,1712607667.580511,208501.02076141,19620.0,-5.301353491657094e-10,19750.0,ASK
426,1712607667.5843153,208588.42417838,19600.0,-2.084993695683891e-08,19750.0,ASK
427,1712607690.5485897,208588.42417838,19600.0,-0.0,19750.0,ASK
428,1712607699.576012,208588.72983299,19600.0,-7.287009651398886e-11,19750.0,ASK
429,1712607720.5261192,208589.03502118,19660.0,7.275889887108147e-11,19750.0,BID
430,1712607720.7680042,208589.03502118,19660.0,0.0,19750.0,BID
431,1712607750.7587955,208589.03502118,19660.0,0.0,19750.0,BID
432,1712607765.3856587,208589.34020937,19580.0,-7.275869088319829e-11,19750.0,ASK
433,1712607780.5194068,208589.34020937,19580.0,-0.0,19750.0,ASK
434,1712607788.5131185,208589.64555288,19650.0,7.279561639105506e-11,19750.0,BID
435,1712607810.5279465,208589.64555288,19650.0,0.0,19750.0,BID
436,1712607828.6853025,208589.95089639,19580.0,-7.279551225495081e-11,19750.0,ASK
437,1712607840.7361352,208589.95089639,19580.0,-0.0,19750.0,ASK
438,1712607865.065175,208603.94750932,19580.0,-3.336862001448972e-09,19750.0,ASK
439,1712607870.7508814,208603.94750932,19580.0,-0.0,19750.0,ASK
440,1712607883.105013,208604.25285283,19650.0,7.279065267149671e-11,19750.0,BID
441,1712607900.5488365,208604.25285283,19650.0,0.0,19750.0,BID
442,1712607906.2947435,208611.55057061,19650.0,1.739695991628403e-09,19750.0,BID
443,1712607924.4349492,208611.85591412,19580.0,-7.279054855653099e-11,19750.0,ASK
444,1712607930.5615125,208611.85591412,19580.0,-0.0,19750.0,ASK
445,1712607946.597764,208612.16125763,19650.0,7.278795655809633e-11,19750.0,BID
446,1712607960.7352438,208612.16125763,19650.0,0.0,19750.0,BID
447,1712607987.4747436,208612.46660114,19580.0,-7.278785245084315e-11,19750.0,ASK
448,1712607990.7721317,208612.46660114,19580.0,-0.0,19750.0,ASK
449,1712607994.914266,208613.48441284,19650.0,2.4262582904223456e-10,19750.0,BID
450,1712608010.6144354,208613.78975635,19650.0,7.278774871475172e-11,19750.0,BID
451,1712608020.532266,208613.78975635,19650.0,0.0,19750.0,BID
452,1712608030.9439952,208630.15667746,19650.0,3.901520479120065e-09,19750.0,BID
453,1712608050.5344863,208630.15667746,19650.0,0.0,19750.0,BID
454,1712608054.4242527,208630.46202097,19590.0,-7.278171778657629e-11,19750.0,ASK
455,1712608077.6443346,208630.76736448,19650.0,7.278171778657629e-11,19750.0,BID
456,1712608080.7923317,208630.76736448,19650.0,0.0,19750.0,BID
457,1712608110.755252,208630.76736448,19650.0,0.0,19750.0,BID
458,1712608121.573592,208631.07270799,19590.0,-7.278150992588781e-11,19750.0,ASK
459,1712608140.5377536,208631.07270799,19590.0,-0.0,19750.0,ASK
460,1712608142.953594,208631.3780515,19650.0,7.278140615490278e-11,19750.0,BID
461,1712608170.531464,208631.3780515,19650.0,0.0,19750.0,BID
462,1712608187.4435356,208631.68339501,19590.0,-7.278130206638659e-11,19750.0,ASK
463,1712608200.8439584,208631.68339501,19590.0,-0.0,19750.0,ASK
464,1712608208.9032571,208631.98873852,19650.0,7.278128530331685e-11,19750.0,BID
465,1712608230.7647014,208631.98873852,19650.0,0.0,19750.0,BID
466,1712608238.8442252,208641.28199844,19590.0,-2.2151262829027926e-09,19750.0,ASK
467,1712608248.5432596,208641.58734195,19580.0,-7.278118121514633e-11,19750.0,ASK
468,1712608249.4838076,208641.85273245,19590.0,6.325804688781514e-11,19750.0,BID
469,1712608260.5440116,208641.85273245,19590.0,0.0,19750.0,BID
470,1712608263.9533134,208642.3100719,19590.0,1.090056650094648e-10,19750.0,BID
471,1712608266.9028623,208647.39481298,19590.0,1.2119347736998955e-09,19750.0,BID
472,1712608266.9630387,208667.15058666,19590.0,4.70873712690695e-09,19750.0,BID
473,1712608267.9229405,208676.35671579,19590.0,2.194256865447593e-09,19750.0,BID
474,1712608270.2128146,208700.71200721,19590.0,5.805020183147038e-09,19750.0,BID
475,1712608272.7647817,208701.01735072,19650.0,7.277782916989266e-11,19750.0,BID
476,1712608290.551261,208701.01735072,19650.0,0.0,19750.0,BID
477,1712608312.3130443,208701.32269423,19590.0,-7.275772931565687e-11,19750.0,ASK
478,1712608320.764133,208701.32269423,19590.0,-0.0,19750.0,ASK
479,1712608336.892921,208701.62803774,19650.0,7.275762561247293e-11,19750.0,BID
480,1712608337.5647218,208964.26158114,19590.0,-6.258064245057063e-08,19750.0,ASK
481,1712608350.7883384,208964.26158114,19590.0,-0.0,19750.0,ASK
482,1712608358.3329227,208969.40032728,19580.0,-1.2229656761828402e-09,19750.0,ASK
483,1712608379.4028144,208969.70567079,19580.0,-7.266843350551464e-11,19750.0,ASK
484,1712608380.5092876,208969.70567079,19580.0,-0.0,19750.0,ASK
485,1712608403.1423793,208970.0119495,19590.0,7.288915184643576e-11,19750.0,BID
486,1712608403.1780488,208985.22910284,19580.0,-3.6214250752018636e-09,19750.0,ASK
487,1712608410.5275943,208985.22910284,19580.0,-0.0,19750.0,ASK
488,1712608422.2525158,208988.72635814,19580.0,-8.322274008658252e-10,19750.0,ASK
489,1712608440.5662963,208988.72635814,19580.0,-0.0,19750.0,ASK
490,1712608449.062339,208989.03263685,19580.0,-7.288269213042777e-11,19750.0,ASK
491,1712608470.546504,208989.03263685,19580.0,-0.0,19750.0,ASK
492,1712608474.3322513,208989.33891556,19590.0,7.288258812383241e-11,19750.0,BID
493,1712608500.5806544,208989.33891556,19590.0,0.0,19750.0,BID
494,1712608517.435234,208989.64519427,19580.0,-7.300124934895388e-11,19750.0,ASK
495,1712608521.312076,208990.25479551,19580.0,-1.4529789589756403e-10,19750.0,ASK
496,1712608530.5452342,208990.25479551,19580.0,-0.0,19750.0,ASK
497,1712608541.8017323,208990.56107422,19590.0,7.30009373143104e-11,19750.0,BID
498,1712608560.761871,208990.56107422,19590.0,0.0,19750.0,BID
499,1712608564.2617064,209027.00869469,19590.0,8.687207322425181e-09,19750.0,BID
500,1712608564.265407,209061.99039274,19590.0,8.337808052536952e-09,19750.0,BID
501,1712608585.9318397,209062.29667145,19580.0,-7.300083291666882e-11,19750.0,ASK
502,1712608590.735647,209062.29667145,19580.0,-0.0,19750.0,ASK
503,1712608607.2715025,209062.60295016,19590.0,7.297638952517239e-11,19750.0,BID
504,1712608620.505069,209062.60295016,19590.0,0.0,19750.0,BID
505,1712608650.511052,209062.60295016,19590.0,0.0,19750.0,BID
506,1712608654.4321203,209062.90922887,19580.0,-7.297628519079541e-11,19750.0,ASK
507,1712608676.1171312,209063.21550758,19590.0,7.297628519079541e-11,19750.0,BID
508,1712608680.7931554,209063.21550758,19590.0,0.0,19750.0,BID
509,1712608710.7673345,209063.21550758,19590.0,0.0,19750.0,BID
510,1712608726.8721704,209063.52178629,19580.0,-7.297607659006037e-11,19750.0,ASK
511,1712608740.5018475,209063.52178629,19580.0,-0.0,19750.0,ASK
512,1712608746.6629837,209063.828065,19590.0,7.2975972323702e-11,19750.0,BID
513,1712608770.5174398,209063.828065,19590.0,0.0,19750.0,BID
514,1712608788.1228323,209064.13434371,19580.0,-7.297586799051791e-11,19750.0,ASK
515,1712608800.5791647,209064.13434371,19580.0,-0.0,19750.0,ASK
516,1712608803.6032493,209064.17544593,19580.0,-9.793256266649033e-12,19750.0,ASK
517,1712608803.6098049,209788.13434371,19580.0,-1.7249469761465022e-07,19750.0,ASK
518,1712608803.6689315,209788.35371135,19580.0,-5.226782189603662e-11,19750.0,ASK
519,1712608809.522867,209788.65999006,19590.0,7.297576371782119e-11,19750.0,BID
520,1712608830.525411,209788.65999006,19590.0,0.0,19750.0,BID
521,1712608843.2335265,209789.18587061,19590.0,1.2487729088450018e-10,19750.0,BID
522,1712608850.103583,209789.49214932,19570.0,-7.272992994125692e-11,19750.0,ASK
523,1712608860.7881746,209789.49214932,19570.0,-0.0,19750.0,ASK
524,1712608890.2440832,209790.51307836,19590.0,2.4243216326336686e-10,19750.0,BID
525,1712608890.736612,209790.51307836,19590.0,0.0,19750.0,BID
526,1712608920.5439792,209790.51307836,19590.0,0.0,19750.0,BID
527,1712608943.5438695,209790.81935707,19590.0,7.272930309209816e-11,19750.0,BID
528,1712608950.5250432,209790.81935707,19590.0,0.0,19750.0,BID
529,1712608980.3397267,209816.3425832,19590.0,6.060766693106474e-09,19750.0,BID
530,1712608980.801206,209816.3425832,19590.0,0.0,19750.0,BID
531,1712608984.6739614,209816.64886191,19580.0,-7.272056533361273e-11,19750.0,ASK
532,1712608985.7943442,209816.6634522,19580.0,-3.464211197931275e-12,19750.0,ASK
533,1712609009.0943415,209816.96988733,19580.0,7.275770453969445e-11,19750.0,BID
534,1712609010.7780752,209816.96988733,19580.0,0.0,19750.0,BID
535,1712609040.5380623,209816.96988733,19580.0,0.0,19750.0,BID
536,1712609043.2345324,209823.96988733,19570.0,-1.6620236933330371e-09,19750.0,ASK
537,1712609053.444188,209824.27632246,19570.0,-7.275749236438228e-11,19750.0,ASK
538,1712609070.5367458,209824.27632246,19570.0,-0.0,19750.0,ASK
539,1712609074.114641,209824.58275759,19580.0,7.275502234863229e-11,19750.0,BID
540,1712609100.5684943,209824.58275759,19580.0,0.0,19750.0,BID
541,1712609110.8045256,209827.26173217,19570.0,-6.36052430481648e-10,19750.0,ASK
542,1712609123.1110847,209827.5681673,19570.0,-7.275500509212892e-11,19750.0,ASK
543,1712609130.5629988,209827.5681673,19570.0,-0.0,19750.0,ASK
544,1712609160.5663989,209827.5681673,19570.0,-0.0,19750.0,ASK
545,1712609172.864907,209827.87460243,19580.0,7.275399590206011e-11,19750.0,BID
546,1712609190.5257905,209827.87460243,19580.0,0.0,19750.0,BID
547,1712609198.9649272,209842.57566786,19580.0,3.4903300101127022e-09,19750.0,BID
548,1712609210.024931,209854.55456786,19580.0,-2.844032927908013e-09,19750.0,ASK
549,1712609220.7679627,209854.55456786,19580.0,-0.0,19750.0,ASK
550,1712609221.085196,209854.86100299,19580.0,-7.274486994018976e-11,19750.0,ASK
551,1712609234.655097,209858.77370299,19580.0,-9.288388463533644e-10,19750.0,ASK
552,1712609241.8351724,209859.0799817,19590.0,7.270773727862666e-11,19750.0,BID
553,1712609250.761731,209859.0799817,19590.0,0.0,19750.0,BID
554,1712609280.5398016,209859.0799817,19590.0,0.0,19750.0,BID
555,1712609282.794958,209859.38626041,19580.0,-7.270620788473381e-11,19750.0,ASK
556,1712609306.4351404,209859.69253912,19590.0,7.270620787782498e-11,19750.0,BID
557,1712609310.5292065,209859.69253912,19590.0,0.0,19750.0,BID
558,1712609340.7857368,209859.69253912,19590.0,0.0,19750.0,BID
559,1712609353.2653973,209859.99881783,19580.0,-7.270600081824801e-11,19750.0,ASK
560,1712609370.7668912,209859.99881783,19580.0,-0.0,19750.0,ASK
561,1712609374.585255,209860.30509654,19590.0,7.270589731533251e-11,19750.0,BID
562,1712609400.5474422,209860.30509654,19590.0,0.0,19750.0,BID
563,1712609417.9351895,209860.61137525,19580.0,-7.274032860811092e-11,19750.0,ASK
564,1712609428.8550112,209891.25488904,19580.0,-7.277747978760308e-09,19750.0,ASK
565,1712609428.925192,209891.56183488,19580.0,-7.289877009715871e-11,19750.0,ASK
566,1712609428.9314494,209910.66460158,19570.0,-4.536853139378378e-09,19750.0,ASK
567,1712609430.529812,209910.66460158,19570.0,-0.0,19750.0,ASK
568,1712609433.985603,210610.46285186,19590.0,1.6616120366194036e-07,19750.0,BID
569,1712609433.99197,210613.53352456,19590.0,7.291053838458014e-10,19750.0,BID
570,1712609440.5457065,210613.83886807,19650.0,7.250124607625984e-11,19750.0,BID
571,1712609460.755318,210613.83886807,19650.0,0.0,19750.0,BID
572,1712609483.4158192,210614.14421158,19570.0,-7.226488168873962e-11,19750.0,ASK
573,1712609490.786171,210614.14421158,19570.0,-0.0,19750.0,ASK
574,1712609506.625217,210614.44955509,19650.0,7.226477949017328e-11,19750.0,BID
575,1712609520.5345483,210614.44955509,19650.0,0.0,19750.0,BID
576,1712609550.5146415,210614.44955509,19650.0,0.0,19750.0,BID
577,1712609550.6351748,210614.7548986,19570.0,-7.226467687412133e-11,19750.0,ASK
578,1712609572.495514,210615.06024211,19650.0,7.226467687412133e-11,19750.0,BID
579,1712609580.7555163,210615.06024211,19650.0,0.0,19750.0,BID
580,1712609610.76347,210615.06024211,19650.0,0.0,19750.0,BID
581,1712609620.2552583,210615.36558562,19580.0,-7.226447206066402e-11,19750.0,ASK
582,1712609640.499135,210615.36558562,19580.0,-0.0,19750.0,ASK
583,1712609641.8607545,210615.67092913,19650.0,7.226436981103489e-11,19750.0,BID
584,1712609670.5285506,210615.67092913,19650.0,0.0,19750.0,BID
585,1712609687.2952435,210615.97627264,19580.0,-7.226426719614641e-11,19750.0,ASK
586,1712609700.774064,210615.97627264,19580.0,-0.0,19750.0,ASK
587,1712609705.525277,210616.28161615,19650.0,7.226435130226329e-11,19750.0,BID
588,1712609730.8031085,210616.28161615,19650.0,0.0,19750.0,BID
589,1712609747.9454231,210616.58695966,19600.0,-7.226424868742739e-11,19750.0,ASK
590,1712609760.5159376,210616.58695966,19600.0,-0.0,19750.0,ASK
591,1712609771.6754076,210616.89230317,19650.0,7.226414633398824e-11,19750.0,BID
592,1712609790.5423229,210616.89230317,19650.0,0.0,19750.0,BID
593,1712609816.5062225,210617.19764668,19600.0,-7.226404371973443e-11,19750.0,ASK
594,1712609820.7514093,210617.19764668,19600.0,-0.0,19750.0,ASK
595,1712609824.2555792,210621.72304668,19600.0,-1.0710011169439212e-09,19750.0,ASK
596,1712609839.7250874,210622.02839019,19650.0,7.226394136687593e-11,19750.0,BID
597,1712609850.7637794,210622.02839019,19650.0,0.0,19750.0,BID
598,1712609880.5645046,210622.02839019,19650.0,0.0,19750.0,BID
599,1712609884.658816,210622.3337337,19600.0,-7.226232185202084e-11,19750.0,ASK
600,1712609904.3254128,210622.63907721,19650.0,7.226232185202084e-11,19750.0,BID
601,1712609910.5191956,210622.63907721,19650.0,0.0,19750.0,BID
602,1712609940.6047618,210622.63907721,19650.0,0.0,19750.0,BID
603,1712609946.39526,210629.92030193,19600.0,-1.723163239506567e-09,19750.0,ASK
604,1712609952.235247,210630.22564544,19600.0,-7.226211689525816e-11,19750.0,ASK
605,1712609970.5264857,210630.22564544,19600.0,-0.0,19750.0,ASK
606,1712609974.73973,210630.53114442,19640.0,7.229636605177903e-11,19750.0,BID
607,1712609974.8586257,210690.08641239,19650.0,1.4093760487388133e-08,19750.0,BID
608,1712609974.8630629,210730.53114442,19640.0,9.571250128448424e-09,19750.0,BID
609,1712609990.2652557,210734.91805483,19640.0,-1.038162814230601e-09,19750.0,ASK
610,1712610000.686292,210734.91805483,19640.0,-0.0,19750.0,ASK
611,1712610018.4055414,210735.22355381,19600.0,-7.226231167108945e-11,19750.0,ASK
612,1712610030.563799,210735.22355381,19600.0,-0.0,19750.0,ASK
613,1712610040.3653286,210735.52889732,19650.0,7.222543471039116e-11,19750.0,BID
614,1712610060.796322,210735.52889732,19650.0,0.0,19750.0,BID
615,1712610084.7750158,210735.83424083,19600.0,-7.222533220604795e-11,19750.0,ASK
616,1712610090.7519605,210735.83424083,19600.0,-0.0,19750.0,ASK
617,1712610104.4450402,210736.13958434,19650.0,7.222522996281989e-11,19750.0,BID
618,1712610120.550479,210736.13958434,19650.0,0.0,19750.0,BID
619,1712610148.726123,210736.44492785,19600.0,-7.222512745905783e-11,19750.0,ASK
620,1712610150.5253334,210736.44492785,19600.0,-0.0,19750.0,ASK
621,1712610169.3748152,210736.75027136,19650.0,7.222502521640947e-11,19750.0,BID
622,1712610180.7332838,210736.75027136,19650.0,0.0,19750.0,BID
623,1712610210.7499535,210736.75027136,19650.0,0.0,19750.0,BID
624,1712610214.1208663,210737.05561487,19600.0,-7.222492271322858e-11,19750.0,ASK
625,1712610235.231495,210737.36095838,19650.0,7.222492271322858e-11,19750.0,BID
626,1712610240.5209415,210737.36095838,19650.0,0.0,19750.0,BID
627,1712610270.5037453,210737.36095838,19650.0,0.0,19750.0,BID
628,1712610271.0351706,210748.50485584,19600.0,-2.6359323999243477e-09,19750.0,ASK
629,1712610271.040764,210826.13210479,19600.0,-1.836163526800372e-08,19750.0,ASK
630,1712610278.3848343,210826.4374483,19600.0,-7.222471796856015e-11,19750.0,ASK
631,1712610298.0949535,210826.74279181,19650.0,7.222471796167606e-11,19750.0,BID
632,1712610300.796852,210826.74279181,19650.0,0.0,19750.0,BID
633,1712610319.0395606,210827.14855465,19650.0,9.593799398631303e-11,19750.0,BID
634,1712610330.805431,210827.14855465,19650.0,0.0,19750.0,BID
635,1712610340.2354336,210827.45389816,19610.0,-7.219485303642751e-11,19750.0,ASK
636,1712610360.560006,210827.45389816,19610.0,-0.0,19750.0,ASK
637,1712610362.2948668,210827.76738416,19650.0,7.411994333112699e-11,19750.0,BID
638,1712610390.52957,210827.76738416,19650.0,0.0,19750.0,BID
639,1712610395.8252218,210828.07272767,19650.0,7.219464567896502e-11,19750.0,BID
640,1712610420.7669702,210828.07272767,19650.0,0.0,19750.0,BID
641,1712610433.8081975,210856.26772714,19650.0,6.6663447636474435e-09,19750.0,BID
642,1712610433.8121183,210929.85598362,19650.0,1.7398996186305917e-08,19750.0,BID
643,1712610435.665512,211082.52773935,19650.0,3.609727180348303e-08,19750.0,BID
644,1712610435.671189,211511.13315603,19650.0,1.0133823475315893e-07,19750.0,BID
645,1712610435.6766727,211654.78024519,19650.0,3.396350553770694e-08,19750.0,BID
646,1712610435.744757,211660.08937714,19650.0,-1.255275922669228e-09,19750.0,ASK
647,1712610435.7499447,211689.52307119,19650.0,-6.959218155469795e-09,19750.0,ASK
648,1712610440.1951623,211689.8284147,19610.0,-7.219454326199641e-11,19750.0,ASK
649,1712610450.775754,211689.8284147,19610.0,-0.0,19750.0,ASK
650,1712610463.2586496,211690.13360289,19660.0,7.187007327326134e-11,19750.0,BID
651,1712610480.522412,211690.13360289,19660.0,0.0,19750.0,BID
652,1712610506.1245558,211690.43879108,19620.0,-7.186997171660694e-11,19750.0,ASK
653,1712610510.5722065,211690.43879108,19620.0,-0.0,19750.0,ASK
654,1712610527.7043526,211696.56390866,19620.0,-1.44242608639331e-09,19750.0,ASK
655,1712610528.111366,211696.86909685,19660.0,7.186987037370443e-11,19750.0,BID
656,1712610540.7604103,211696.86909685,19660.0,0.0,19750.0,BID
657,1712610560.4562612,211702.39837241,19660.0,1.3020704057480495e-09,19750.0,BID
658,1712610560.463023,211742.6366505,19660.0,9.475576051596445e-09,19750.0,BID
659,1712610570.770563,211742.6366505,19660.0,0.0,19750.0,BID
660,1712610573.8546703,211742.94183869,19630.0,-7.185251021899782e-11,19750.0,ASK
661,1712610600.550327,211742.94183869,19630.0,-0.0,19750.0,ASK
662,1712610627.0846078,211743.24702688,19660.0,7.185279512521237e-11,19750.0,BID
663,1712610630.5463848,211743.24702688,19660.0,0.0,19750.0,BID
664,1712610654.115129,211743.94183869,19630.0,-1.6358463971473163e-10,19750.0,ASK
665,1712610654.121339,211748.60862688,19620.0,-1.098736166716358e-09,19750.0,ASK
666,1712610660.7664716,211748.60862688,19620.0,-0.0,19750.0,ASK
667,1712610672.5899382,211748.91381507,19620.0,-7.18509139873531e-11,19750.0,ASK
668,1712610690.836098,211748.91381507,19620.0,-0.0,19750.0,ASK
669,1712610694.2446008,211749.21931405,19640.0,7.192398235097517e-11,19750.0,BID
670,1712610720.538969,211749.21931405,19640.0,0.0,19750.0,BID
671,1712610720.714593,211749.66070712,19640.0,1.0391754019526935e-10,19750.0,BID
672,1712610735.964683,211749.9662061,19620.0,-7.192388075908722e-11,19750.0,ASK
673,1712610740.3088286,211751.21931405,19640.0,2.950202542996731e-10,19750.0,BID
674,1712610740.444192,211806.1685021,19640.0,-1.2936733369535634e-08,19750.0,ASK
675,1712610750.4973974,211806.1685021,19640.0,-0.0,19750.0,ASK
676,1712610758.9757051,211806.47369029,19660.0,7.183179619328285e-11,19750.0,BID
677,1712610780.7759345,211806.47369029,19660.0,0.0,19750.0,BID
678,1712610800.8748298,211806.98233728,19660.0,1.1971949281453128e-10,19750.0,BID
679,1712610802.704784,212055.61591306,19660.0,5.85205185017708e-08,19750.0,BID
680,1712610805.114838,212055.92110125,19620.0,-7.183169474477146e-11,19750.0,ASK
681,1712610810.7515812,212055.92110125,19620.0,-0.0,19750.0,ASK
682,1712610823.914842,212056.22628944,19660.0,7.174887671529546e-11,19750.0,BID
683,1712610840.5411952,212056.22628944,19660.0,0.0,19750.0,BID
684,1712610870.4934945,212056.53147763,19620.0,-7.174877550085627e-11,19750.0,ASK
685,1712610870.496233,212056.53147763,19620.0,-0.0,19750.0,ASK
686,1712610887.8750532,212056.83666582,19660.0,7.174877550769847e-11,19750.0,BID
687,1712610893.6750324,212057.20702594,19660.0,8.707048953984103e-11,19750.0,BID
688,1712610897.0853686,212058.22431993,19660.0,2.391625904994362e-10,19750.0,BID
689,1712610900.609307,212058.22431993,19660.0,0.0,19750.0,BID
690,1712610930.565238,212058.22431993,19660.0,0.0,19750.0,BID
691,1712610938.9691596,212058.52950812,19620.0,-7.174811311981819e-11,19750.0,ASK
692,1712610958.0551732,212058.83469631,19660.0,7.174811311981819e-11,19750.0,BID
693,1712610960.761927,212058.83469631,19660.0,0.0,19750.0,BID
694,1712610990.8021288,212058.83469631,19660.0,0.0,19750.0,BID
695,1712611003.515345,212059.1398845,19620.0,-7.174791092197079e-11,19750.0,ASK
696,1712611020.5567825,212059.1398845,19620.0,-0.0,19750.0,ASK
697,1712611023.1053913,212059.44507269,19660.0,7.174780991616624e-11,19750.0,BID
698,1712611050.5672567,212059.44507269,19660.0,0.0,19750.0,BID
699,1712611065.0701883,212059.75026088,19620.0,-7.174770871842095e-11,19750.0,ASK
700,1712611080.7432055,212059.75026088,19620.0,-0.0,19750.0,ASK
701,1712611087.005593,212060.05544907,19660.0,7.17476077131857e-11,19750.0,BID
702,1712611104.213171,212198.65883303,19660.0,3.2584685601578045e-08,19750.0,BID
703,1712611110.7657962,212198.65883303,19660.0,0.0,19750.0,BID
704,1712611133.4756937,212198.96402122,19620.0,-7.17015734762805e-11,19750.0,ASK
705,1712611140.5244143,212198.96402122,19620.0,-0.0,19750.0,ASK
706,1712611154.325667,212199.26920941,19660.0,7.170147261457125e-11,19750.0,BID
707,1712611170.549158,212199.26920941,19660.0,0.0,19750.0,BID
708,1712611199.4256244,212199.5743976,19630.0,-7.170137153382695e-11,19750.0,ASK
709,1712611200.573523,212199.5743976,19630.0,-0.0,19750.0,ASK
710,1712611219.0756285,212199.87958579,19660.0,7.174862912518614e-11,19750.0,BID
711,1712611230.52314,212199.87958579,19660.0,0.0,19750.0,BID
712,1712611230.915638,212224.87958579,19660.0,5.877400425800068e-09,19750.0,BID
713,1712611260.7745943,212224.87958579,19660.0,0.0,19750.0,BID
714,1712611264.975778,212225.18477398,19630.0,-7.174023834897358e-11,19750.0,ASK
715,1712611287.2360356,212225.48996217,19660.0,7.174023834897358e-11,19750.0,BID
716,1712611290.7941513,212225.48996217,19660.0,0.0,19750.0,BID
717,1712611320.5630045,212225.48996217,19660.0,0.0,19750.0,BID
718,1712611333.736109,212225.64372231,19630.0,-3.6144118161475016e-11,19750.0,ASK
719,1712611333.7424011,212225.79515036,19630.0,-3.5595917982567855e-11,19750.0,ASK
720,1712611350.542137,212225.79515036,19630.0,-0.0,19750.0,ASK
721,1712611354.4856496,212226.10049387,19650.0,7.177644585214395e-11,19750.0,BID
722,1712611380.7554784,212226.10049387,19650.0,0.0,19750.0,BID
723,1712611398.0757673,212226.40583738,19630.0,-7.177634461827352e-11,19750.0,ASK
724,1712611410.7900586,212226.40583738,19630.0,-0.0,19750.0,ASK
725,1712611421.5058117,212226.71118089,19650.0,7.177624348772521e-11,19750.0,BID
726,1712611440.600925,212226.71118089,19650.0,0.0,19750.0,BID
727,1712611464.9961646,212227.0165244,19630.0,-7.177614225442559e-11,19750.0,ASK
728,1712611470.528637,212227.0165244,19630.0,-0.0,19750.0,ASK
729,1712611487.9589825,212227.32186791,19650.0,7.177604112444756e-11,19750.0,BID
730,1712611498.796293,212232.32186791,19630.0,-1.175332678991938e-09,19750.0,ASK
731,1712611499.055932,212278.08942156,19630.0,-1.0758420288469596e-08,19750.0,ASK
732,1712611500.750416,212278.08942156,19630.0,-0.0,19750.0,ASK
733,1712611530.1473193,212278.39476507,19630.0,-7.176453039779201e-11,19750.0,ASK
734,1712611530.81678,212278.39476507,19630.0,-0.0,19750.0,ASK
735,1712611553.791134,212278.70010858,19650.0,7.176442930053264e-11,19750.0,BID
736,1712611560.5548918,212278.70010858,19650.0,0.0,19750.0,BID
737,1712611564.9862018,212303.40580175,19650.0,5.8065339937873035e-09,19750.0,BID
738,1712611564.9926958,212409.68701112,19650.0,2.4979078743572293e-08,19750.0,BID
739,1712611590.5390513,212409.68701112,19650.0,0.0,19750.0,BID
740,1712611595.2260787,212409.99235463,19650.0,-7.172094142859096e-11,19750.0,ASK
741,1712611616.8060682,212410.29754282,19660.0,7.16844589189933e-11,19750.0,BID
742,1712611620.7445989,212410.29754282,19660.0,0.0,19750.0,BID
743,1712611626.2361794,212613.74698798,19660.0,4.778730883045863e-08,19750.0,BID
744,1712611635.9257295,212614.21272998,19650.0,-1.093960063239558e-10,19750.0,ASK
745,1712611650.7528567,212614.21272998,19650.0,-0.0,19750.0,ASK
746,1712611662.1160684,212614.51791817,19650.0,-7.161681902416533e-11,19750.0,ASK
747,1712611680.539338,212614.51791817,19650.0,-0.0,19750.0,ASK
748,1712611683.4247906,212614.82310636,19660.0,7.161671824690053e-11,19750.0,BID
749,1712611702.3166502,212665.68780625,19660.0,1.1936120072429932e-08,19750.0,BID
750,1712611709.0959656,212946.09055294,19660.0,6.580046398326363e-08,19750.0,BID
751,1712611710.5410202,212946.09055294,19660.0,0.0,19750.0,BID
752,1712611716.646153,212961.34563696,19650.0,-3.5743531561759583e-09,19750.0,ASK
753,1712611716.6658306,212961.69494346,19650.0,-8.184450436889576e-11,19750.0,ASK
754,1712611724.1960623,212962.00013165,19650.0,-7.150733282007209e-11,19750.0,ASK
755,1712611736.6463604,212962.0373428,19640.0,-8.718784585803385e-12,19750.0,ASK
756,1712611736.6524613,212962.26211153,19650.0,-5.26645948603601e-11,19750.0,ASK
757,1712611740.7968037,212962.26211153,19650.0,-0.0,19750.0,ASK
758,1712611746.566105,212962.65508135,19640.0,-9.206821419120368e-11,19750.0,ASK
759,1712611747.461387,212962.96026954,19660.0,7.150200909546202e-11,19750.0,BID
760,1712611770.77052,212962.96026954,19660.0,0.0,19750.0,BID
761,1712611791.8860502,212963.21477335,19650.0,-5.962706240975139e-11,19750.0,ASK
762,1712611791.8958857,212963.26545773,19640.0,-1.1874716889441087e-11,19750.0,ASK
763,1712611800.8806305,212963.26545773,19640.0,-0.0,19750.0,ASK
764,1712611811.956255,212963.57064592,19660.0,7.156876252974133e-11,19750.0,BID
765,1712611830.768962,212963.57064592,19660.0,0.0,19750.0,BID
766,1712611831.0457914,212963.82489096,19660.0,5.962215409062565e-11,19750.0,BID
767,1712611853.106083,212964.07939477,19650.0,-5.96828373745566e-11,19750.0,ASK
768,1712611853.1138854,212964.13007915,19640.0,-1.1885824455080854e-11,19750.0,ASK
769,1712611860.5729444,212964.13007915,19640.0,-0.0,19750.0,ASK
770,1712611876.007038,212968.69017911,19640.0,-1.0693710345821751e-09,19750.0,ASK
771,1712611876.0133586,212969.69544348,19640.0,-2.357405777956297e-10,19750.0,ASK
772,1712611877.826151,212970.00063167,19660.0,7.15684772991291e-11,19750.0,BID
773,1712611880.2559268,213020.86533157,19660.0,1.1928079917707737e-08,19750.0,BID
774,1712611880.259841,213047.26932184,19660.0,6.191895493455233e-09,19750.0,BID
775,1712611890.5282836,213047.26932184,19660.0,0.0,19750.0,BID
776,1712611920.8147042,213047.26932184,19660.0,0.0,19750.0,BID
777,1712611920.8962402,213047.57451003,19640.0,-7.154105718227208e-11,19750.0,ASK
778,1712611943.199779,213047.87969822,19660.0,7.154105717544968e-11,19750.0,BID
779,1712611950.7787056,213047.87969822,19660.0,0.0,19750.0,BID
780,1712611980.580127,213047.87969822,19660.0,0.0,19750.0,BID
781,1712611984.566299,213048.18488641,19640.0,-7.154085603378673e-11,19750.0,ASK
782,1712612010.5886862,213048.18488641,19640.0,-0.0,19750.0,ASK
783,1712612040.7790887,213048.18488641,19640.0,-0.0,19750.0,ASK
784,1712612041.9225574,213048.49022992,19650.0,7.157716488890777e-11,19750.0,BID
785,1712612058.9759448,213075.38239281,19650.0,6.303932175898296e-09,19750.0,BID
786,1712612070.761569,213075.38239281,19650.0,0.0,19750.0,BID
787,1712612085.7959754,213075.68773632,19650.0,-7.156819891379644e-11,19750.0,ASK
788,1712612100.5424163,213075.68773632,19650.0,-0.0,19750.0,ASK
789,1712612130.5602903,213075.68773632,19650.0,-0.0,19750.0,ASK
790,1712612139.1958425,213075.99292451,19660.0,7.153186136265792e-11,19750.0,BID
791,1712612160.7400658,213075.99292451,19660.0,0.0,19750.0,BID
792,1712612183.016513,213151.70098911,19660.0,1.7744890995757992e-08,19750.0,BID
793,1712612183.0225897,213495.72711732,19680.0,8.063481977824614e-08,19750.0,BID
794,1712612183.027742,213822.06599006,19680.0,7.648917925780708e-08,19750.0,BID
795,1712612183.032266,213826.83522017,19660.0,1.1178395443485414e-09,19750.0,BID
796,1712612183.1559043,213853.29088451,19680.0,-6.2008305510660705e-09,19750.0,ASK
797,1712612183.1757212,213908.05032725,19680.0,-1.2834832689806402e-08,19750.0,ASK
798,1712612185.785701,213908.35551544,19680.0,-7.153176075954852e-11,19750.0,ASK
799,1712612190.7759993,213908.35551544,19680.0,-0.0,19750.0,ASK
800,1712612194.5959845,214023.8346227,19680.0,-2.6963142966689894e-08,19750.0,ASK
801,1712612203.125866,214048.92914148,19680.0,-5.8593031553511914e-09,19750.0,ASK
802,1712612208.7298856,214049.23417452,19670.0,7.122196960329214e-11,19750.0,BID
803,1712612216.657369,214057.90404872,19650.0,-2.0243233871830115e-09,19750.0,ASK
804,1712612216.6620772,214060.02297824,19650.0,-4.947474997006026e-10,19750.0,ASK
805,1712612220.5123985,214060.02297824,19650.0,-0.0,19750.0,ASK
1006,1712612221.226281,214063.25961935,19650.0,-7.551950097211255e-10,19750.0,ASK
806,1712612221.226281,214063.25961935,19650.0,-7.551950097211254e-10,19750.0,ASK
807,1712612227.6668248,214071.70933813,19650.0,-1.9715455743699437e-09,19750.0,ASK
808,1712612250.519296,214071.70933813,19650.0,-0.0,19750.0,ASK
809,1712612250.965847,214072.01437117,19640.0,-7.116856014612666e-11,19750.0,ASK
810,1712612254.4757645,214193.7918865,19640.0,-2.841243172938112e-08,19750.0,ASK
811,1712612255.7695737,214195.31860405,19640.0,3.5620498613403075e-10,19750.0,BID
812,1712612273.1059103,214195.62394756,19650.0,7.124099722680613e-11,19750.0,BID
813,1712612280.7898705,214195.62394756,19650.0,0.0,19750.0,BID
814,1712612310.7723486,214195.62394756,19650.0,0.0,19750.0,BID
815,1712612317.2959025,214195.92929107,19630.0,-7.12005685712855e-11,19750.0,ASK
816,1712612340.561475,214195.92929107,19630.0,-0.0,19750.0,ASK
817,1712612341.5163393,214196.23463458,19650.0,7.120046905672804e-11,19750.0,BID
818,1712612355.980897,214201.32903458,19630.0,-1.1879200234567723e-09,19750.0,ASK
819,1712612357.1657622,214206.4180931,19650.0,1.186674488934323e-09,19750.0,BID
820,1712612370.523821,214206.4180931,19650.0,0.0,19750.0,BID
821,1712612382.2556736,214206.72343661,19630.0,-7.119704902723675e-11,19750.0,ASK
822,1712612400.5942135,214206.72343661,19630.0,-0.0,19750.0,ASK
823,1712612404.816048,214207.02878012,19650.0,7.119694952251735e-11,19750.0,BID
824,1712612430.546665,214207.02878012,19650.0,0.0,19750.0,BID
825,1712612452.1255898,214207.33412363,19630.0,-7.119684991669623e-11,19750.0,ASK
826,1712612460.7759843,214207.33412363,19630.0,-0.0,19750.0,ASK
827,1712612475.14592,214207.59796859,19670.0,6.152056012614743e-11,19750.0,BID
828,1712612475.1533067,214207.63913574,19680.0,9.59891796291312e-12,19750.0,BID
829,1712612490.7453358,214207.63913574,19680.0,0.0,19750.0,BID
830,1712612520.5455158,214207.63913574,19680.0,0.0,19750.0,BID
831,1712612522.198686,214207.94414785,19650.0,-7.111937859190324e-11,19750.0,ASK
832,1712612542.9057264,214208.24902589,19680.0,7.108811761376445e-11,19750.0,BID
833,1712612547.3255994,214214.25692589,19650.0,-1.4008562303597915e-09,19750.0,ASK
834,1712612550.5735035,214214.25692589,19650.0,-0.0,19750.0,ASK
835,1712612580.7869327,214214.25692589,19650.0,-0.0,19750.0,ASK
836,1712612582.5055742,214214.56180393,19650.0,-7.10859620571185e-11,19750.0,ASK
837,1712612607.105355,214214.86668197,19680.0,7.108596205033259e-11,19750.0,BID
838,1712612610.778212,214214.86668197,19680.0,0.0,19750.0,BID
839,1712612640.595286,214214.86668197,19680.0,0.0,19750.0,BID
840,1712612649.5156171,214215.17156001,19650.0,-7.108576331476748e-11,19750.0,ASK
841,1712612670.5596974,214215.17156001,19650.0,-0.0,19750.0,ASK
842,1712612673.6557772,214215.47643805,19680.0,7.108566401980627e-11,19750.0,BID
843,1712612700.5776486,214215.47643805,19680.0,0.0,19750.0,BID
844,1712612718.4154258,214215.78131609,19650.0,-7.108722204108961e-11,19750.0,ASK
845,1712612729.5362492,214218.69429309,19650.0,-6.792074719793826e-10,19750.0,ASK
846,1712612730.5120206,214218.69429309,19650.0,-0.0,19750.0,ASK
847,1712612741.8156528,214218.99917113,19680.0,7.108617400374488e-11,19750.0,BID
848,1712612760.8162084,214218.99917113,19680.0,0.0,19750.0,BID
849,1712612785.9661086,214219.30404917,19650.0,-7.108607454925353e-11,19750.0,ASK
850,1712612790.7992463,214219.30404917,19650.0,-0.0,19750.0,ASK
851,1712612803.2159066,214231.9665181,19650.0,-2.952406651042884e-09,19750.0,ASK
852,1712612806.105562,214232.27139614,19680.0,7.108597525342283e-11,19750.0,BID
853,1712612812.176473,214233.55353164,19650.0,-2.9894528458233684e-10,19750.0,ASK
854,1712612819.6509936,214322.37256278,19680.0,2.0709223432361253e-08,19750.0,BID
855,1712612819.6551058,214351.68066278,19680.0,6.833535375114753e-09,19750.0,BID
856,1712612819.7355456,214352.93716278,19680.0,-2.9296805998160016e-10,19750.0,ASK
857,1712612820.5456812,214352.93716278,19680.0,-0.0,19750.0,ASK
858,1712612826.9259765,214436.37633693,19680.0,-1.9442924824197945e-08,19750.0,ASK
1059,1712612827.045728,214439.01663693,19680.0,-6.152404423493733e-10,19750.0,ASK
859,1712612827.045728,214439.01663693,19680.0,-6.152404423493732e-10,19750.0,ASK
860,1712612827.0495243,214443.41213693,19680.0,-1.024235641539122e-09,19750.0,ASK
861,1712612848.1769395,214443.71701497,19680.0,-7.104241949113702e-11,19750.0,ASK
862,1712612848.8389497,214450.04824943,19680.0,-1.475298825810751e-09,19750.0,ASK
863,1712612850.569734,214450.04824943,19680.0,-0.0,19750.0,ASK
864,1712612870.0759192,214450.30523268,19690.0,5.985536098562772e-11,19750.0,BID
865,1712612870.0845127,214450.35297263,19690.0,1.1119370391620852e-11,19750.0,BID
866,1712612880.8006787,214450.35297263,19690.0,0.0,19750.0,BID
867,1712612910.832073,214450.35297263,19690.0,0.0,19750.0,BID
868,1712612913.3058765,214450.65769583,19680.0,-7.097463219073517e-11,19750.0,ASK
869,1712612936.2960014,214450.96241903,19690.0,7.097463218395645e-11,19750.0,BID
870,1712612940.5669303,214450.96241903,19690.0,0.0,19750.0,BID
1071,1712612943.1857188,214452.5884353,19680.0,-3.787226710027311e-10,19750.0,ASK
871,1712612943.1857188,214452.5884353,19680.0,-3.7872267100273105e-10,19750.0,ASK
872,1712612970.5514288,214452.5884353,19680.0,-0.0,19750.0,ASK
873,1712612977.3225417,214452.8931585,19680.0,-7.097390488179377e-11,19750.0,ASK
874,1712612989.0917294,214719.53030453,19680.0,-6.210317901515589e-08,19750.0,ASK
875,1712612999.0165603,214719.83518257,19680.0,7.100996908583543e-11,19750.0,BID
876,1712613000.5915184,214719.83518257,19680.0,0.0,19750.0,BID
877,1712613018.826064,214724.91648338,19680.0,1.1820864724204603e-09,19750.0,BID
878,1712613030.540962,214724.91648338,19680.0,0.0,19750.0,BID
879,1712613042.3660994,214725.22136142,19660.0,-7.092353642093425e-11,19750.0,ASK
880,1712613060.7454393,214725.22136142,19660.0,-0.0,19750.0,ASK
881,1712613074.016513,214733.66146142,19680.0,1.963411025135949e-09,19750.0,BID
882,1712613074.0232549,214975.03205864,19680.0,5.6149772126514254e-08,19750.0,BID
883,1712613074.028874,214985.58614834,19680.0,2.455186085142749e-09,19750.0,BID
884,1712613074.1562908,214996.13274834,19680.0,-2.4534437646099404e-09,19750.0,ASK
885,1712613074.1629732,215011.60874834,19680.0,-3.600164574468177e-09,19750.0,ASK
886,1712613090.8024845,215011.60874834,19680.0,-0.0,19750.0,ASK
887,1712613098.216493,215011.91347154,19690.0,7.079459702278547e-11,19750.0,BID
888,1712613104.0364563,215022.07091186,19690.0,2.359819975028121e-09,19750.0,BID
889,1712613120.5179112,215022.07091186,19690.0,0.0,19750.0,BID
890,1712613142.186011,215022.35996748,19680.0,-6.715142404339014e-11,19750.0,ASK
891,1712613142.2158272,215022.66469068,19680.0,-7.079120903364366e-11,19750.0,ASK
892,1712613142.3462856,215024.83729068,19680.0,-5.04723568003988e-10,19750.0,ASK
893,1712613142.3549967,215026.31789068,19680.0,-3.439628623631406e-10,19750.0,ASK
894,1712613150.5257587,215026.31789068,19680.0,-0.0,19750.0,ASK
895,1712613151.3663237,215026.67789068,19680.0,-8.36311131837661e-11,19750.0,ASK
896,1712613160.7360694,215063.89965061,19680.0,-8.646936715203313e-09,19750.0,ASK
897,1712613162.656315,215064.20452865,19680.0,7.082580519586527e-11,19750.0,BID
898,1712613164.2663174,215094.69233352,19680.0,7.0825807213909915e-09,19750.0,BID
899,1712613165.6141236,215278.24668848,19660.0,-4.264126398440594e-08,19750.0,ASK
900,1712613165.618458,215278.50093352,19670.0,-5.90633214342703e-11,19750.0,ASK
901,1712613180.784217,215278.50093352,19670.0,-0.0,19750.0,ASK
902,1712613203.496351,215278.80581156,19660.0,-7.074430170170829e-11,19750.0,ASK
903,1712613210.785638,215278.80581156,19660.0,-0.0,19750.0,ASK
904,1712613226.7765265,215279.1106896,19680.0,7.074420330158453e-11,19750.0,BID
905,1712613240.5110676,215279.1106896,19680.0,0.0,19750.0,BID
906,1712613257.2765114,215289.2631337,19680.0,2.355779935838912e-09,19750.0,BID
1106,1712613257.2765114,215289.2631337,19680.0,2.3557799358389122e-09,19750.0,BID
907,1712613266.056604,215289.56801174,19660.0,-7.074410480839317e-11,19750.0,ASK
908,1712613270.538243,215289.56801174,19660.0,-0.0,19750.0,ASK
909,1712613289.1064453,215289.87288978,19680.0,7.074072676305708e-11,19750.0,BID
910,1712613300.8056648,215289.87288978,19680.0,0.0,19750.0,BID
911,1712613329.997107,215290.17776782,19660.0,-7.08794423765455e-11,19750.0,ASK
912,1712613330.793121,215290.17776782,19660.0,-0.0,19750.0,ASK
913,1712613353.0165985,215290.48264586,19680.0,7.087934361366669e-11,19750.0,BID
914,1712613360.5545976,215290.48264586,19680.0,0.0,19750.0,BID
915,1712613390.5490017,215290.48264586,19680.0,0.0,19750.0,BID
916,1712613398.6199305,215290.7875239,19660.0,-7.087924474381962e-11,19750.0,ASK
917,1712613418.7665443,215291.09240194,19680.0,7.087924473705345e-11,19750.0,BID
918,1712613420.782991,215291.09240194,19680.0,0.0,19750.0,BID
919,1712613450.770282,215291.09240194,19680.0,0.0,19750.0,BID
920,1712613461.8965356,215291.39727998,19660.0,-7.087904710542976e-11,19750.0,ASK
921,1712613480.572537,215291.39727998,19660.0,-0.0,19750.0,ASK
922,1712613483.3178835,215291.70215802,19680.0,7.087894833012024e-11,19750.0,BID
923,1712613510.5126894,215291.70215802,19680.0,0.0,19750.0,BID
924,1712613525.946492,215292.00703606,19660.0,-7.087884946814206e-11,19750.0,ASK
925,1712613535.4997754,215356.31853482,19660.0,-1.4951306560102172e-08,19750.0,ASK
926,1712613535.5065885,215421.89495312,19660.0,-1.5245378385226836e-08,19750.0,ASK
927,1712613540.7995944,215421.89495312,19660.0,-0.0,19750.0,ASK
928,1712613546.7764566,215422.20014131,19660.0,7.090875896328523e-11,19750.0,BID
929,1712613570.825065,215422.20014131,19660.0,0.0,19750.0,BID
930,1712613592.7366254,215422.5053295,19650.0,-7.09086601186809e-11,19750.0,ASK
931,1712613600.9844234,215422.5053295,19650.0,-0.0,19750.0,ASK
932,1712613603.0394096,215422.81656003,19650.0,-7.235119915190177e-11,19750.0,ASK
933,1712613603.043324,215426.37567911,19650.0,-8.273819838949344e-10,19750.0,ASK
1133,1712613603.043324,215426.37567911,19650.0,-8.273819838949345e-10,19750.0,ASK
934,1712613613.1587958,215426.68102262,19650.0,7.098265424566233e-11,19750.0,BID
935,1712613619.9366827,215426.93585968,19640.0,-5.924151104033151e-11,19750.0,ASK
936,1712613630.7966492,215426.93585968,19640.0,-0.0,19750.0,ASK
937,1712613637.3373492,215436.63051617,19630.0,-2.2536536737350277e-09,19750.0,ASK
938,1712613637.345549,215451.65263125,19630.0,-3.492093285847788e-09,19750.0,ASK
939,1712613637.3544226,215456.74687476,19630.0,-1.184225620889622e-09,19750.0,ASK
940,1712613648.35665,215460.01581076,19630.0,-7.599082683560568e-10,19750.0,ASK
941,1712613656.4782307,215479.44185086,19630.0,-4.515845061930111e-09,19750.0,ASK
942,1712613656.4875553,215480.49146879,19630.0,-2.4399784627668457e-10,19750.0,ASK
943,1712613657.3464856,215480.7968123,19620.0,-7.098121772284629e-11,19750.0,ASK
944,1712613660.6050808,215480.7968123,19620.0,-0.0,19750.0,ASK
945,1712613663.6673536,215488.25312128,19620.0,-1.7328936897673527e-09,19750.0,ASK
946,1712613663.6755404,215543.34996124,19620.0,-1.2804856471051334e-08,19750.0,ASK
947,1712613671.7374396,215576.05594379,19610.0,-7.601078620875051e-09,19750.0,ASK
948,1712613671.7451549,215602.55313909,19610.0,-6.158116925550458e-09,19750.0,ASK
949,1712613671.7525518,215652.23002096,19610.0,-1.1545223695887045e-08,19750.0,ASK
950,1712613672.2765882,215658.86794448,19610.0,-1.542695697269273e-09,19750.0,ASK
951,1712613677.6966543,215659.17391082,19610.0,7.11085258535099e-11,19750.0,BID
952,1712613678.3975716,215681.24131836,19600.0,-5.1286060406169356e-09,19750.0,ASK
953,1712613678.4056158,215682.7719306,19600.0,-3.5572403172611656e-10,19750.0,ASK
954,1712613678.4125774,215687.87397142,19600.0,-1.185746777073962e-09,19750.0,ASK
955,1712613678.4167123,217714.60785042,19590.0,-4.710258600031425e-07,19750.0,ASK
956,1712613678.420841,218144.79714733,19600.0,-9.997873210722921e-08,19750.0,ASK
957,1712613681.8684874,218700.63543298,19590.0,-1.2918035724065272e-07,19750.0,ASK
958,1712613681.8761892,218721.05401389,19590.0,-4.74540823185408e-09,19750.0,ASK
959,1712613681.9870446,218724.91686643,19590.0,8.97751529475016e-10,19750.0,BID
960,1712613690.544381,218724.91686643,19590.0,0.0,19750.0,BID
961,1712613695.779605,218772.76371389,19590.0,-1.0958039847895604e-08,19750.0,ASK
962,1712613695.846547,218797.90325561,19590.0,5.757539201638121e-09,19750.0,BID
1163,1712613696.966812,218825.99586402,19590.0,6.433860091731474e-09,19750.0,BID
963,1712613696.966812,218825.99586402,19590.0,6.4338600917314745e-09,19750.0,BID
964,1712613718.04778,218826.70012238,19590.0,-1.6129152873701348e-10,19750.0,ASK
965,1712613720.8272336,218826.70012238,19590.0,-0.0,19750.0,ASK
966,1712613721.6468363,218827.00608872,19590.0,-7.004141644231356e-11,19750.0,ASK
967,1712613743.8066912,218827.31205506,19610.0,7.004141644231356e-11,19750.0,BID
968,1712613743.907174,218833.63279235,19610.0,1.4469349561229754e-09,19750.0,BID
969,1712613743.919181,218836.58181428,19610.0,6.75086263065537e-10,19750.0,BID
970,1712613744.006672,218858.25298044,19670.0,4.960935159652668e-09,19750.0,BID
971,1712613750.7752564,218858.25298044,19670.0,0.0,19750.0,BID
972,1712613780.57227,218858.25298044,19670.0,0.0,19750.0,BID
973,1712613792.0579815,218858.55894678,19590.0,-7.003147616412707e-11,19750.0,ASK
974,1712613810.5463388,218858.55894678,19590.0,-0.0,19750.0,ASK
975,1712613810.9278536,218858.86397982,19670.0,6.981776088497328e-11,19750.0,BID
976,1712613812.6487556,218866.89931737,19590.0,-1.8391754404591622e-09,19750.0,ASK
977,1712613812.6627488,218870.68777156,19590.0,-8.671237344056023e-10,19750.0,ASK
978,1712613840.798811,218870.68777156,19590.0,-0.0,19750.0,ASK
979,1712613859.027149,218870.9928046,19590.0,-6.981396372330009e-11,19750.0,ASK
980,1712613870.7964494,218870.9928046,19590.0,-0.0,19750.0,ASK
981,1712613899.4747784,218876.09484541,19600.0,-1.167720076728227e-09,19750.0,ASK
982,1712613899.5864778,218900.30924052,19600.0,5.542024528779011e-09,19750.0,BID
983,1712613900.5473368,218900.30924052,19600.0,0.0,19750.0,BID
984,1712613912.2268677,218900.61442871,19660.0,6.98699891950016e-11,19750.0,BID
985,1712613930.5261862,218900.61442871,19660.0,0.0,19750.0,BID
986,1712613954.8766494,218900.9196169,19600.0,-6.986989322530589e-11,19750.0,ASK
987,1712613955.6468508,218953.24600765,19660.0,1.1979622587494924e-08,19750.0,BID
988,1712613955.6564884,219212.58210723,19660.0,5.937249926378319e-08,19750.0,BID
989,1712613960.076771,219212.92616947,19600.0,-7.876973211475111e-11,19750.0,ASK
990,1712613960.8104837,219212.92616947,19600.0,-0.0,19750.0,ASK
991,1712613971.796642,219263.2973272,19600.0,-1.151580312256402e-08,19750.0,ASK
992,1712613971.8051128,219263.55235014,19610.0,-5.830308654884552e-11,19750.0,ASK
993,1712613979.1669962,219263.85109402,19600.0,6.829852362427006e-11,19750.0,BID
994,1712613979.175393,219263.85844633,19670.0,1.6808776742784924e-12,19750.0,BID
995,1712613990.7886455,219263.85844633,19670.0,0.0,19750.0,BID
996,1712614020.5767045,219263.85844633,19670.0,0.0,19750.0,BID
997,1712614021.03709,219264.11320944,19630.0,-5.823039485692701e-11,19750.0,ASK
998,1712614021.0476544,219264.16454252,19620.0,-1.1733039052403542e-11,19750.0,ASK
999,1712614022.9969835,219267.67818631,19670.0,8.03102400841284e-10,19750.0,BID
1000,1712614023.0052145,219269.2484266,19670.0,3.5890483560402807e-10,19750.0,BID
1201,1712614032.2550786,219269.50293041,19650.0,-5.817112748058684e-11,19750.0,ASK
1202,1712614032.396629,219269.70649029,19620.0,-4.652703521305855e-11,19750.0,ASK
1203,1712614032.3997445,219270.49541355,19610.0,-1.8032168371534468e-10,19750.0,ASK
1204,1712614041.4541929,219270.75017666,19630.0,-5.823039485692701e-11,19750.0,ASK
1205,1712614044.000123,219271.0552097,19670.0,6.972043308964285e-11,19750.0,BID
1206,1712614050.616904,219271.0552097,19670.0,0.0,19750.0,BID
1207,1712614053.0544524,219273.59715174,19670.0,5.809848312403046e-10,19750.0,BID
1208,1712614062.567407,219273.85165555,19650.0,-5.816924650076803e-11,19750.0,ASK
1209,1712614062.6667397,219274.10662243,19630.0,-5.827508551042328e-11,19750.0,ASK
1210,1712614080.8004322,219274.10662243,19630.0,-0.0,19750.0,ASK
1211,1712614087.7471688,219274.36151539,19620.0,-5.825739139974226e-11,19750.0,ASK
1212,1712614087.7503257,219274.41165547,19610.0,-1.1459831084722067e-11,19750.0,ASK
1213,1712614088.4267569,219274.66641858,19630.0,-5.822771336458696e-11,19750.0,ASK
1214,1712614104.8387277,219274.92092239,19650.0,-5.816844872414368e-11,19750.0,ASK
1215,1712614104.8463488,219275.1756855,19630.0,-5.822771336458696e-11,19750.0,ASK
1216,1712614110.3264098,219275.48071854,19670.0,6.971722248446432e-11,19750.0,BID
1217,1712614110.823612,219275.48071854,19670.0,0.0,19750.0,BID
1218,1712614127.0471103,219275.7350929,19660.0,-5.813850350115103e-11,19750.0,ASK
1219,1712614127.0676134,219275.99419539,19640.0,-5.921914072792287e-11,19750.0,ASK
1220,1712614133.5371687,219295.32516574,19630.0,-4.418187774079293e-09,19750.0,ASK
1221,1712614133.539076,219295.83459009,19630.0,-1.164314255414357e-10,19750.0,ASK
1222,1712614133.5490613,219319.53997758,19630.0,-5.417982196015448e-09,19750.0,ASK
1223,1712614133.6164758,219327.7913324,19630.0,-1.885887481345413e-09,19750.0,ASK
1224,1712614140.5474012,219327.7913324,19630.0,-0.0,19750.0,ASK
1225,1712614152.426648,219328.04570676,19660.0,-5.812486185161704e-11,19750.0,ASK
1226,1712614152.430108,219328.09636544,19630.0,-1.1575572226898626e-11,19750.0,ASK
1227,1712614170.5923736,219328.09636544,19630.0,-0.0,19750.0,ASK
1228,1712614176.9567134,219328.40139848,19670.0,6.970033859161209e-11,19750.0,BID
1229,1712614180.179642,219328.6558237,19660.0,-5.813640378567823e-11,19750.0,ASK
1230,1712614200.62534,219328.6558237,19660.0,-0.0,19750.0,ASK
1231,1712614211.437013,219374.67354068,19660.0,1.0515147717439135e-08,19750.0,BID
1232,1712614211.4405613,219582.96178363,19660.0,4.759431336799066e-08,19750.0,BID
1233,1712614217.47694,219584.48772462,19660.0,3.4868081189480166e-10,19750.0,BID
1234,1712614218.526816,219589.5741946,19660.0,1.162269376012986e-09,19750.0,BID
1235,1712614220.7969022,219589.93024749,19660.0,8.135885435887459e-11,19750.0,BID
1236,1712614222.7965674,219589.97815223,19630.0,-1.0946336553126937e-11,19750.0,ASK
1237,1712614222.8065455,219590.23528053,19650.0,-5.875437188696827e-11,19750.0,ASK
1238,1712614230.524318,219590.23528053,19650.0,-0.0,19750.0,ASK
1239,1712614243.3669872,219590.54046872,19660.0,6.965430933666367e-11,19750.0,BID
1240,1712614244.467304,219592.0054738,19660.0,3.3436391174527217e-10,19750.0,BID
1241,1712614260.842271,219592.0054738,19660.0,0.0,19750.0,BID
1242,1712614270.1371713,219623.12831964,19670.0,7.103233950976067e-09,19750.0,BID
1243,1712614270.1408725,219642.84431467,19660.0,4.499823891241219e-09,19750.0,BID
1244,1712614282.6089542,219643.14950286,19660.0,-6.965375608364512e-11,19750.0,ASK
1245,1712614290.7960346,219643.14950286,19660.0,-0.0,19750.0,ASK
1246,1712614291.056552,219643.19319564,19660.0,-9.969808384518067e-12,19750.0,ASK
1247,1712614306.3564692,219643.49838383,19660.0,6.963777027788233e-11,19750.0,BID
1248,1712614320.5176077,219643.49838383,19660.0,0.0,19750.0,BID
1249,1712614322.8470604,219643.78646936,19650.0,-6.5735186405619e-11,19750.0,ASK
1250,1712614327.346813,219648.78646936,19650.0,1.1408970524885315e-09,19750.0,BID
1251,1712614341.88647,219653.65082793,19650.0,1.109946470949817e-09,19750.0,BID
1252,1712614348.517026,219653.90546133,19640.0,-5.8102099106658376e-11,19750.0,ASK
1253,1712614348.520676,219654.32385578,19650.0,-9.546899895901395e-11,19750.0,ASK
1254,1712614348.523455,219654.37441057,19640.0,-1.1535562175724183e-11,19750.0,ASK
1255,1712614350.564716,219654.37441057,19640.0,-0.0,19750.0,ASK
1256,1712614368.9088287,219658.24633293,19650.0,8.83449880676913e-10,19750.0,BID
1257,1712614372.0563958,219658.55152112,19660.0,6.963426561436887e-11,19750.0,BID
1258,1712614380.7686098,219658.55152112,19660.0,0.0,19750.0,BID
1259,1712614404.5065975,219659.53910285,19650.0,-2.2533060846993917e-10,19750.0,ASK
1260,1712614404.626475,219680.86468001,19640.0,-4.865729216716451e-09,19750.0,ASK
1261,1712614410.7642865,219680.86468001,19640.0,-0.0,19750.0,ASK
1262,1712614411.6770806,219681.1698682,19640.0,-6.962599951571159e-11,19750.0,ASK
1263,1712614417.0566013,219684.94679653,19640.0,-8.616729568946123e-10,19750.0,ASK
1264,1712614417.0607817,219686.29544483,19630.0,-3.0768223988408756e-10,19750.0,ASK
1265,1712614435.339648,219686.60078834,19650.0,6.966143440960469e-11,19750.0,BID
1266,1712614440.6736825,219686.60078834,19650.0,0.0,19750.0,BID
1267,1712614470.5470393,219686.60078834,19650.0,0.0,19750.0,BID
1268,1712614476.4864924,219686.90613185,19630.0,-6.965964420125714e-11,19750.0,ASK
1269,1712614489.323115,219744.32057613,19630.0,-1.309826352800234e-08,19750.0,ASK
1270,1712614489.3261378,219860.4368777,19630.0,-2.6490231455407385e-08,19750.0,ASK
1271,1712614500.5987198,219860.4368777,19630.0,-0.0,19750.0,ASK
1272,1712614501.5566866,219860.74253231,19630.0,6.973174242829073e-11,19750.0,BID
1273,1712614507.536883,220187.48633645,19630.0,7.454301046391803e-08,19750.0,BID
1274,1712614516.3868127,220188.83443017,19630.0,-3.0755277683489116e-10,19750.0,ASK
1275,1712614530.56492,220188.83443017,19630.0,-0.0,19750.0,ASK
1276,1712614545.146968,220189.08932313,19620.0,-5.8065633190985327e-11,19750.0,ASK
1277,1712614545.1506605,220189.14008478,19610.0,-1.1563706384839678e-11,19750.0,ASK
1278,1712614548.810535,220341.96738992,19630.0,3.481466982170545e-08,19750.0,BID
1279,1712614560.7912862,220341.96738992,19630.0,0.0,19750.0,BID
1280,1712614567.6563358,220342.27304453,19630.0,6.958169157221304e-11,19750.0,BID
1281,1712614590.811292,220342.27304453,19630.0,0.0,19750.0,BID
1282,1712614603.576434,220342.84575309,19610.0,-1.3037583810364344e-10,19750.0,ASK
1283,1712614603.586668,220347.05536716,19610.0,-9.583093406027226e-10,19750.0,ASK
1284,1712614603.5925484,220347.47530089,19610.0,-9.559698565720032e-11,19750.0,ASK
1285,1712614607.0375774,220347.52580244,19600.0,-1.149656626424303e-11,19750.0,ASK
1286,1712614607.0468457,220347.7809555,19600.0,-5.8085030267260146e-11,19750.0,ASK
1287,1712614620.544105,220347.7809555,19600.0,-0.0,19750.0,ASK
1288,1712614628.1165009,220348.29064456,19610.0,1.1602673538099984e-10,19750.0,BID
1289,1712614642.7372367,220348.80548148,19610.0,1.1719860551577587e-10,19750.0,BID
1290,1712614650.562986,220348.80548148,19610.0,0.0,19750.0,BID
1291,1712614680.7881649,220348.80548148,19610.0,0.0,19750.0,BID
1292,1712614683.575347,220349.80548148,19600.0,-2.276411518956984e-10,19750.0,ASK
1293,1712614686.616552,220350.45703917,19600.0,-1.483213430777131e-10,19750.0,ASK
1294,1712614693.3468072,220368.36404625,19600.0,-4.076371718697457e-09,19750.0,ASK
1295,1712614693.3509476,220383.16302172,19600.0,-3.368855822869304e-09,19750.0,ASK
1296,1712614695.0491087,220383.24227667,19600.0,-1.8041688108991788e-11,19750.0,ASK
1297,1712614695.0530376,220383.74942364,19600.0,-1.1544752042906695e-10,19750.0,ASK
1298,1712614695.526512,220384.05538998,19610.0,6.965053008013966e-11,19750.0,BID
1299,1712614703.3478243,220393.8868944,19610.0,2.238054991036214e-09,19750.0,BID
1300,1712614703.3509648,220474.8129804,19630.0,1.8422107435448576e-08,19750.0,BID
1301,1712614703.353994,220475.8129804,19620.0,2.276411518956984e-10,19750.0,BID
1302,1712614706.406721,220567.48935311,19630.0,2.0869315085324733e-08,19750.0,BID
1303,1712614709.4263172,220568.01711484,19600.0,-1.2014028814735643e-10,19750.0,ASK
1304,1712614710.7630675,220568.01711484,19600.0,-0.0,19750.0,ASK
1305,1712614724.8967624,220578.15937195,19600.0,-2.306536352159477e-09,19750.0,ASK
1306,1712614735.3564117,220578.46533829,19610.0,-6.958238961079019e-11,19750.0,ASK
1307,1712614740.5531037,220578.46533829,19610.0,-0.0,19750.0,ASK
1308,1712614754.546617,220578.74817943,19620.0,-6.432029699355611e-11,19750.0,ASK
1309,1712614754.5507057,220583.93303829,19610.0,-1.1790776325865251e-09,19750.0,ASK
1310,1712614758.1273758,220584.2386929,19630.0,6.950825927159308e-11,19750.0,BID
1311,1712614760.366951,220589.18512955,19610.0,-1.124858549189562e-09,19750.0,ASK
1312,1712614770.5553534,220589.18512955,19610.0,-0.0,19750.0,ASK
1313,1712614799.816681,220589.49078416,19600.0,-6.950493648352328e-11,19750.0,ASK
1314,1712614800.1098075,220590.02508392,19600.0,-1.2149815400810105e-10,19750.0,ASK
1315,1712614800.625282,220590.02508392,19600.0,-0.0,19750.0,ASK
1316,1712614802.1285486,220595.12712474,19600.0,-1.160524923895628e-09,19750.0,ASK
1317,1712614805.5862896,220595.76575128,19600.0,-1.4526383517222034e-10,19750.0,ASK
1318,1712614812.7467427,220621.26294658,19610.0,5.799665600270902e-09,19750.0,BID
1319,1712614825.3169012,220622.46512105,19600.0,-2.7345007311573736e-10,19750.0,ASK
1320,1712614830.5407948,220622.46512105,19600.0,-0.0,19750.0,ASK
1321,1712614845.9191165,220627.56456012,19610.0,1.1597653222370935e-09,19750.0,BID
1322,1712614848.2578275,220632.66399919,19610.0,1.1597653222370935e-09,19750.0,BID
1323,1712614850.6597545,220637.76343826,19610.0,1.1597653222370935e-09,19750.0,BID
1324,1712614852.2775898,220640.31315779,19610.0,5.798826599767546e-10,19750.0,BID
1325,1712614853.0174062,220640.61912413,19610.0,6.958591838015091e-11,19750.0,BID
1326,1712614853.628543,220645.7185632,19610.0,1.1597653222370935e-09,19750.0,BID
1327,1712614855.8276832,220650.81800227,19610.0,1.1597653222370935e-09,19750.0,BID
1328,1712614860.7451663,220650.81800227,19610.0,0.0,19750.0,BID
1329,1712614882.428267,220893.70320369,19610.0,5.5232392141157273e-08,19750.0,BID
1330,1712614882.5137875,220977.78321213,19610.0,1.9119896849370505e-08,19750.0,BID
1331,1712614882.5282612,220997.71764377,19610.0,4.533114158523825e-09,19750.0,BID
1332,1712614882.5880632,221073.08214765,19610.0,1.7137980442975584e-08,19750.0,BID
1333,1712614886.4783554,221081.93395082,19610.0,2.012910877167821e-09,19750.0,BID
1334,1712614890.8297634,221081.93395082,19610.0,0.0,19750.0,BID
1335,1712614895.130263,221082.23991716,19610.0,-6.944361550211743e-11,19750.0,ASK
1336,1712614900.89839,221092.23991716,19630.0,2.269648860750248e-09,19750.0,BID
1337,1712614916.4909742,221092.54557177,19630.0,6.937286373317065e-11,19750.0,BID
1338,1712614920.536652,221092.54557177,19630.0,0.0,19750.0,BID
1339,1712614950.529691,221092.54557177,19630.0,0.0,19750.0,BID
1340,1712614961.5532956,221097.78117386,19620.0,-1.188241655649104e-09,19750.0,ASK
1341,1712614966.029632,221098.08682847,19620.0,-6.936958416220255e-11,19750.0,ASK
1342,1712614980.8284876,221098.08682847,19620.0,-0.0,19750.0,ASK
1343,1712614985.103445,221098.39248308,19630.0,6.936787256285359e-11,19750.0,BID
1344,1712615010.7624662,221098.39248308,19630.0,0.0,19750.0,BID
1345,1712615032.3028414,221098.69813769,19620.0,-6.936777809874594e-11,19750.0,ASK
1346,1712615040.574854,221098.69813769,19620.0,-0.0,19750.0,ASK
1347,1712615051.0612426,221099.0037923,19630.0,6.936768369622439e-11,19750.0,BID
1348,1712615063.0319445,221102.0037923,19620.0,-6.808438160975672e-10,19750.0,ASK
1349,1712615070.5677085,221102.0037923,19620.0,-0.0,19750.0,ASK
1350,1712615085.4619267,221103.02316029,19630.0,2.3134005881626686e-10,19750.0,BID
1351,1712615087.0314062,221103.27787246,19630.0,5.7805551052161605e-11,19750.0,BID
1352,1712615094.581728,221131.39281051,19620.0,-6.380533316655406e-09,19750.0,ASK
1353,1712615094.5855129,221183.31429176,19620.0,-1.1783299695570873e-08,19750.0,ASK
1354,1712615095.3217669,221183.82371611,19630.0,1.1561110437642846e-10,19750.0,BID
1355,1712615095.7217865,221184.12937072,19620.0,-6.936666262982005e-11,19750.0,ASK
1356,1712615100.777075,221184.12937072,19620.0,-0.0,19750.0,ASK
1357,1712615106.2423656,222045.73013826,19630.0,1.9546615830782374e-07,19750.0,BID
1358,1712615106.2460792,222046.08038941,19630.0,7.945936135636214e-11,19750.0,BID
1359,1712615106.342237,222048.80286329,19650.0,6.176311935505121e-10,19750.0,BID
1360,1712615106.3451288,222049.80286329,19640.0,2.2686395564144126e-10,19750.0,BID
1361,1712615117.381784,222050.1082068,19650.0,6.927143650826123e-11,19750.0,BID
1362,1712615118.1226308,222051.1082068,19650.0,2.2686395564144126e-10,19750.0,BID
1363,1712615130.7810707,222051.1082068,19650.0,0.0,19750.0,BID
1364,1712615153.0028713,222101.98836468,19650.0,1.1498478581112802e-08,19750.0,BID
1365,1712615157.8624384,222102.29370819,19640.0,-6.900501012416642e-11,19750.0,ASK
1366,1712615160.5790453,222102.29370819,19640.0,-0.0,19750.0,ASK
1367,1712615171.2930188,222102.98836468,19640.0,-1.5695072414872603e-10,19750.0,ASK
1368,1712615181.0295186,222103.29386366,19640.0,6.902445572130433e-11,19750.0,BID
1369,1712615190.525985,222103.29386366,19640.0,0.0,19750.0,BID
1370,1712615220.784849,222103.29386366,19640.0,0.0,19750.0,BID
1371,1712615223.3736377,222103.59936264,19630.0,-6.902414938817661e-11,19750.0,ASK
1372,1712615233.2433388,222104.59936264,19630.0,-2.2593905022147278e-10,19750.0,ASK
1373,1712615233.2456636,222156.20325532,19630.0,-1.1659334499849022e-08,19750.0,ASK
1374,1712615245.283516,222156.5087543,19640.0,6.902414938817661e-11,19750.0,BID
1375,1712615250.8055398,222156.5087543,19640.0,0.0,19750.0,BID
1376,1712615266.113957,222161.21228913,19640.0,-1.062461431618617e-09,19750.0,ASK
1377,1712615280.574318,222161.21228913,19640.0,-0.0,19750.0,ASK
1378,1712615282.7740586,222171.78370338,19640.0,-2.38788187177496e-09,19750.0,ASK
1379,1712615282.7795613,222197.24195185,19640.0,-5.750535223669965e-09,19750.0,ASK
1380,1712615287.2942665,222197.54745083,19630.0,-6.900642231034695e-11,19750.0,ASK
1381,1712615297.4644144,222207.54745083,19640.0,2.258810236079148e-09,19750.0,BID
1382,1712615307.1442115,222268.31467414,19640.0,1.3726162603077284e-08,19750.0,BID
1383,1712615309.5344963,222268.62017312,19640.0,6.900642231034695e-11,19750.0,BID
1384,1712615310.5243382,222268.62017312,19640.0,0.0,19750.0,BID
1385,1712615340.5613532,222268.62017312,19640.0,0.0,19750.0,BID
1386,1712615347.4512236,222268.9256721,19630.0,-6.897355688191265e-11,19750.0,ASK
1387,1712615352.6905084,222325.47141328,19630.0,-1.2766526734454494e-08,19750.0,ASK
1388,1712615354.679021,222326.47141328,19630.0,-2.2577344408340479e-10,19750.0,ASK
1389,1712615358.6447718,222426.58858186,19630.0,-2.2603797962187083e-08,19750.0,ASK
1390,1712615358.6550815,222452.05979938,19630.0,-5.750724504483901e-09,19750.0,ASK
1391,1712615358.6591885,222572.42464121,19620.0,-2.7175184886516643e-08,19750.0,ASK
1392,1712615358.6633208,222781.8514051,19610.0,-4.728300176668529e-08,19750.0,ASK
1393,1712615358.6674526,222785.40112463,19610.0,-8.01432403820985e-10,19750.0,ASK
1394,1712615358.6698625,222787.40112463,19620.0,-4.5154688816680957e-10,19750.0,ASK
1395,1712615370.5533135,222787.40112463,19620.0,-0.0,19750.0,ASK
1396,1712615370.5684793,222787.70709097,19610.0,6.892069705449567e-11,19750.0,BID
1397,1712615385.166469,222798.70709097,19610.0,2.477813956875379e-09,19750.0,BID
1398,1712615386.365223,222965.03657283,19610.0,3.74666828720468e-08,19750.0,BID
1399,1712615386.4653313,222976.10249243,19610.0,2.4926627300536e-09,19750.0,BID
1400,1712615400.6839943,222976.10249243,19610.0,0.0,19750.0,BID
1401,1712615408.9287689,222981.01189852,19610.0,1.1049838503019867e-09,19750.0,BID
1402,1712615408.931944,223012.34357322,19610.0,7.051972053618169e-09,19750.0,BID
1403,1712615412.8854916,223012.64953956,19610.0,-6.886532876796628e-11,19750.0,ASK
1404,1712615422.016314,223013.64953956,19640.0,2.2507485224273808e-10,19750.0,BID
1405,1712615424.4455383,223016.5361951,19610.0,-6.497135691415891e-10,19750.0,ASK
1406,1712615430.5594242,223016.5361951,19610.0,-0.0,19750.0,ASK
1407,1712615437.0255475,223016.84169408,19640.0,6.874786837517788e-11,19750.0,BID
1408,1712615460.7787373,223016.84169408,19640.0,0.0,19750.0,BID
1409,1712615463.6314783,223021.93334377,19640.0,1.145796264385362e-09,19750.0,BID
1410,1712615481.385862,223022.23884275,19620.0,-6.874777554482269e-11,19750.0,ASK
1411,1712615490.7921698,223022.23884275,19620.0,-0.0,19750.0,ASK
1412,1712615503.9459713,223022.54434173,19640.0,6.874613579998027e-11,19750.0,BID
1413,1712615520.6063726,223022.54434173,19640.0,0.0,19750.0,BID
1414,1712615548.8467083,223022.84984071,19620.0,-6.87460429743039e-11,19750.0,ASK
1415,1712615550.602415,223022.84984071,19620.0,-0.0,19750.0,ASK
1416,1712615573.0268722,223023.15533969,19640.0,6.874595025649666e-11,19750.0,BID
1417,1712615580.7951317,223023.15533969,19640.0,0.0,19750.0,BID
1418,1712615610.809482,223023.15533969,19640.0,0.0,19750.0,BID
1419,1712615615.5253365,223023.46083867,19620.0,-6.874585743132131e-11,19750.0,ASK
1420,1712615640.5445714,223023.46083867,19620.0,-0.0,19750.0,ASK
1421,1712615662.107063,223023.97052266,19640.0,1.1469306920050662e-10,19750.0,BID
1422,1712615670.5577593,223023.97052266,19640.0,0.0,19750.0,BID
1423,1712615672.2871263,223024.27602164,19640.0,6.874560985303784e-11,19750.0,BID
1424,1712615692.8719654,223026.27602164,19630.0,-4.5005459498589875e-10,19750.0,ASK
1425,1712615692.8758886,223029.27602164,19620.0,-6.750818924788481e-10,19750.0,ASK
1426,1712615700.8466928,223029.27602164,19620.0,-0.0,19750.0,ASK
1427,1712615717.1973145,223029.58152062,19620.0,-6.877727292910247e-11,19750.0,ASK
1428,1712615730.7766109,223029.58152062,19620.0,-0.0,19750.0,ASK
1429,1712615735.5876446,223029.88717523,19630.0,6.881221719450162e-11,19750.0,BID
1430,1712615753.377664,223066.32577523,19620.0,-8.203445246914426e-09,19750.0,ASK
1431,1712615760.5323255,223066.32577523,19620.0,-0.0,19750.0,ASK
1432,1712615775.117706,223066.63142984,19620.0,-6.880105062026919e-11,19750.0,ASK
1433,1712615784.6675866,223067.63142984,19640.0,2.2509410417210277e-10,19750.0,BID
1434,1712615784.887637,223070.62145957,19620.0,-6.730380635200661e-10,19750.0,ASK
1435,1712615784.892447,223071.13114356,19620.0,-1.1472686114149624e-10,19750.0,ASK
1436,1712615790.5267706,223267.57075118,19610.0,-4.4217397501144736e-08,19750.0,ASK
1437,1712615790.530979,223280.20814509,19610.0,-2.844602861241723e-09,19750.0,ASK
1438,1712615790.5516188,223280.20814509,19610.0,-0.0,19750.0,ASK
1439,1712615790.5816998,223284.19395712,19600.0,-8.963365457555455e-10,19750.0,ASK
1440,1712615790.5841014,223287.7543495,19610.0,-8.006674131629264e-10,19750.0,ASK
1441,1712615790.5864627,223299.83452441,19600.0,-2.7166113628623076e-09,19750.0,ASK
1442,1712615802.0094275,223306.05279401,19600.0,-1.3983756012302007e-09,19750.0,ASK
1443,1712615802.01465,223783.43983462,19600.0,-1.073556524360932e-07,19750.0,ASK
1444,1712615808.3681002,223883.50959621,19600.0,-2.25038671575439e-08,19750.0,ASK
1445,1712615808.3780642,223894.51679667,19600.0,-2.475318947429102e-09,19750.0,ASK
1446,1712615817.5903394,223899.6214419,19590.0,-1.147941758997897e-09,19750.0,ASK
1447,1712615817.59576,223908.25678731,19590.0,-1.941931937065779e-09,19750.0,ASK
1448,1712615817.6009383,224001.71434645,19590.0,-2.1016903231680727e-08,19750.0,ASK
1449,1712615820.8323345,224001.71434645,19590.0,-0.0,19750.0,ASK
1450,1712615821.5382311,224010.80974261,19590.0,-2.038905381494734e-09,19750.0,ASK
1451,1712615821.5435553,224120.59385368,19580.0,-2.461018859712825e-08,19750.0,ASK
1452,1712615823.0495925,224127.14805194,19580.0,-1.4692477236371415e-09,19750.0,ASK
1453,1712615832.199401,224127.45417438,19600.0,6.862314508724804e-11,19750.0,BID
1454,1712615850.7766595,224127.45417438,19600.0,0.0,19750.0,BID
1455,1712615868.3186066,224128.45417438,19600.0,2.24045291548538e-10,19750.0,BID
1456,1712615872.8787656,224128.7679952,19580.0,-7.031007711330591e-11,19750.0,ASK
1457,1712615873.1981795,224129.07411764,19580.0,-6.858529131952079e-11,19750.0,ASK
1458,1712615882.2565243,224129.07411764,19580.0,-0.0,19750.0,ASK
1459,1712615895.198228,224129.37961662,19640.0,6.844512133507126e-11,19750.0,BID
1460,1712615897.2180943,224158.93892143,19580.0,-6.622575971927254e-09,19750.0,ASK
1461,1712615910.572292,224158.93892143,19580.0,-0.0,19750.0,ASK
1462,1712615918.4184902,224159.40965267,19590.0,-1.0545055243398184e-10,19750.0,ASK
1463,1712615936.5787077,224159.71515165,19590.0,-6.843615522012002e-11,19750.0,ASK
1464,1712615940.8022037,224159.71515165,19590.0,-0.0,19750.0,ASK
1465,1712615947.138404,224164.09893057,19590.0,-9.820260371273768e-10,19750.0,ASK
1466,1712615970.799382,224164.09893057,19590.0,-0.0,19750.0,ASK
1467,1712615984.4290664,224169.21663783,19590.0,-1.1464139020161959e-09,19750.0,ASK
1468,1712615990.1944225,224169.52244822,19620.0,6.850436429437932e-11,19750.0,BID
1469,1712616000.6355383,224169.52244822,19620.0,0.0,19750.0,BID
1470,1712616025.3086998,224170.57260112,19620.0,2.3527705496540084e-10,19750.0,BID
1471,1712616030.5435655,224170.57260112,19620.0,0.0,19750.0,BID
1472,1712616033.0788786,224170.87841151,19590.0,-6.8513676256311e-11,19750.0,ASK
1473,1712616059.189293,224171.1842219,19620.0,6.8513676256311e-11,19750.0,BID
1474,1712616060.7595544,224171.1842219,19620.0,0.0,19750.0,BID
1475,1712616068.8890996,224171.65495314,19590.0,-1.0546221512901664e-10,19750.0,ASK
1476,1712616090.7516427,224171.65495314,19590.0,-0.0,19750.0,ASK
1477,1712616102.539139,224171.90997608,19610.0,-5.713499829496255e-11,19750.0,ASK
1478,1712616102.549146,224171.96076353,19600.0,-1.1378352349816078e-11,19750.0,ASK
1479,1712616120.5465567,224171.96076353,19600.0,-0.0,19750.0,ASK
1480,1712616124.8198254,224172.26657392,19620.0,6.851325860832489e-11,19750.0,BID
1481,1712616130.9994695,224172.52159686,19610.0,-5.7134921538022186e-11,19750.0,ASK
1482,1712616142.579515,224224.17960297,19610.0,1.1573375030440396e-08,19750.0,BID
1483,1712616150.5262785,224224.17960297,19610.0,0.0,19750.0,BID
1484,1712616166.3103666,224224.38396858,19600.0,-4.5775234657716907e-11,19750.0,ASK
1485,1712616166.31465,224224.48541336,19600.0,-2.272230934473432e-11,19750.0,ASK
1486,1712616180.7539845,224224.48541336,19600.0,-0.0,19750.0,ASK
1487,1712616191.949865,224224.7913797,19610.0,6.853238276153878e-11,19750.0,BID
1488,1712616197.1295805,224225.04635166,19610.0,5.711032120826737e-11,19750.0,BID
1489,1712616197.1342297,224244.7913797,19610.0,4.422623152763395e-09,19750.0,BID
1490,1712616210.7644095,224244.7913797,19610.0,0.0,19750.0,BID
1491,1712616219.3168192,224254.89675166,19610.0,2.263266787662963e-09,19750.0,BID
1492,1712616230.6894495,224255.202718,19610.0,-6.852627079458715e-11,19750.0,ASK
1493,1712616240.528037,224255.202718,19610.0,-0.0,19750.0,ASK
1494,1712616270.5653477,224255.202718,19610.0,-0.0,19750.0,ASK
1495,1712616286.0803025,224255.50852839,19620.0,6.848821147229046e-11,19750.0,BID
1496,1712616286.160009,224256.69222839,19610.0,-2.650972581944846e-10,19750.0,ASK
1497,1712616286.1798477,224258.42912839,19610.0,-3.8898997023322816e-10,19750.0,ASK
1498,1712616300.5531268,224258.42912839,19610.0,-0.0,19750.0,ASK
1499,1712616330.5316308,224258.42912839,19610.0,-0.0,19750.0,ASK
1500,1712616333.1700375,224258.73493878,19610.0,-6.851820392154949e-11,19750.0,ASK
1501,1712616360.782663,224258.73493878,19610.0,-0.0,19750.0,ASK
1502,1712616386.9505048,224259.04074917,19620.0,6.851811186425892e-11,19750.0,BID
1503,1712616387.069957,224291.94984917,19610.0,-7.373423103999156e-09,19750.0,ASK
1504,1712616390.775538,224291.94984917,19610.0,-0.0,19750.0,ASK
1505,1712616403.335107,224292.45953316,19620.0,1.141801914661903e-10,19750.0,BID
1506,1712616420.5344808,224292.45953316,19620.0,0.0,19750.0,BID
1507,1712616429.0055196,224292.76534355,19610.0,-6.850796051260079e-11,19750.0,ASK
1508,1712616450.5865965,224292.76534355,19610.0,-0.0,19750.0,ASK
1509,1712616451.5805972,224293.07115394,19620.0,6.850786846979436e-11,19750.0,BID
1510,1712616469.82051,224293.45375341,19610.0,-8.571021464979795e-11,19750.0,ASK
1511,1712616475.8203695,224330.83377386,19620.0,8.373899672074512e-09,19750.0,BID
1512,1712616475.824556,224369.90635279,19620.0,8.75306786754163e-09,19750.0,BID
1513,1712616480.749246,224369.90635279,19620.0,0.0,19750.0,BID
1514,1712616493.6505373,224370.21216318,19610.0,-6.848464833853747e-11,19750.0,ASK
1515,1712616510.7812004,224370.21216318,19610.0,-0.0,19750.0,ASK
1516,1712616521.3605652,224613.43828958,19620.0,5.4469154445105457e-08,19750.0,BID
