,time,acc_trade_volume,trade_price,dev,high,ask_bid
0,1712601588.477883,19804826.01695852,1213.0,0.0,1227.0,ASK
1,1712601600.6364052,19804830.95929789,1213.0,-1.8720277446967144e-10,1227.0,ASK
2,1712601609.4763668,19804835.89756949,1215.0,1.8704869789119424e-10,1227.0,BID
3,1712601630.6389456,19804835.89756949,1215.0,0.0,1227.0,BID
4,1712601653.906105,19804840.83584109,1213.0,-1.8704865552284127e-10,1227.0,ASK
5,1712601660.9959145,19804840.83584109,1213.0,-0.0,1227.0,ASK
6,1712601666.5761826,19804845.77411269,1215.0,1.8704861308337795e-10,1227.0,BID
7,1712601669.3261786,19805009.75453561,1213.0,-6.211142918022357e-09,1227.0,ASK
8,1712601691.0064037,19805009.75453561,1213.0,-0.0,1227.0,ASK
9,1712601700.7459238,19805528.01091676,1213.0,-1.963002296686513e-08,1227.0,ASK
10,1712601705.985917,19805787.13910734,1213.0,-9.815011483714777e-09,1227.0,ASK
11,1712601720.625869,19805787.13910734,1213.0,-0.0,1227.0,ASK
12,1712601722.795691,19805792.07737894,1213.0,-1.8704048084674462e-10,1227.0,ASK
13,1712601736.786016,19805797.01565054,1215.0,1.8704048084674462e-10,1227.0,BID
14,1712601750.6306243,19805797.01565054,1215.0,0.0,1227.0,BID
15,1712601778.7781394,19806133.78108269,1215.0,1.2755219811480365e-08,1227.0,BID
16,1712601778.7798252,19806229.73104465,1215.0,3.634170074691308e-09,1227.0,BID
17,1712601780.9858315,19806229.73104465,1215.0,0.0,1227.0,BID
18,1712601789.175726,19806234.66931625,1214.0,-1.8703667142371648e-10,1227.0,ASK
19,1712601803.485698,19806239.60758785,1215.0,1.8703667142371648e-10,1227.0,BID
20,1712601811.017607,19806239.60758785,1215.0,0.0,1227.0,BID
21,1712601813.9971092,19806250.43977224,1214.0,-4.1026799572106377e-10,1227.0,ASK
22,1712601822.145821,19809156.5776498,1215.0,1.1006970703892445e-07,1227.0,BID
23,1712601824.6954355,19809165.5954433,1214.0,-3.4154810638558037e-10,1227.0,ASK
24,1712601831.6156318,19809173.27275399,1214.0,-2.9077744213450154e-10,1227.0,ASK
25,1712601840.615506,19809173.27275399,1214.0,-0.0,1227.0,ASK
26,1712601858.1157188,19809178.21102559,1214.0,-1.8701133970348835e-10,1227.0,ASK
27,1712601870.655136,19809178.21102559,1214.0,-0.0,1227.0,ASK
28,1712601882.7553463,19809185.88833628,1214.0,-2.9073812635468676e-10,1227.0,ASK
29,1712601884.5061803,19809276.08213904,1214.0,-3.415620167259972e-09,1227.0,ASK
30,1712601884.9249926,19809280.8291813,1214.0,-1.7976948273981867e-10,1227.0,ASK
31,1712601900.6679497,19809280.8291813,1214.0,-0.0,1227.0,ASK
32,1712601902.3457053,19809285.7674529,1215.0,1.8707032676712223e-10,1227.0,BID
33,1712601930.6551232,19809285.7674529,1215.0,0.0,1227.0,BID
34,1712601946.5089505,19809290.39744319,1214.0,-1.7539205410289955e-10,1227.0,ASK
35,1712601947.0051594,19810207.16205224,1215.0,3.472863177010874e-08,1227.0,BID
36,1712601956.6152809,19810211.79204254,1214.0,-1.7539205438514055e-10,1227.0,ASK
37,1712601957.3255055,19810216.73031414,1214.0,-1.870702842478338e-10,1227.0,ASK
38,1712601960.975031,19810216.73031414,1214.0,-0.0,1227.0,ASK
39,1712601978.8553183,19810221.66858574,1215.0,1.8706226895830848e-10,1227.0,BID
40,1712601986.8879993,19810225.7880256,1214.0,-1.5604483291961935e-10,1227.0,ASK
41,1712601986.8897896,19810720.02196298,1214.0,-1.8721635664775386e-08,1227.0,ASK
42,1712601986.8915532,19813148.95858574,1214.0,-9.200838522928825e-08,1227.0,ASK
43,1712601990.8154693,19814718.20405526,1214.0,-5.9443190211837784e-08,1227.0,ASK
44,1712601990.8168528,19815541.92728425,1214.0,-3.120272610857046e-08,1227.0,ASK
45,1712601990.8246875,19817973.39342064,1214.0,-9.21042034827443e-08,1227.0,ASK
46,1712601990.994746,19817973.39342064,1214.0,-0.0,1227.0,ASK
47,1712602020.664988,19817973.39342064,1214.0,-0.0,1227.0,ASK
48,1712602022.715039,19817978.33169224,1213.0,-1.8699556733839647e-10,1227.0,ASK
49,1712602030.165629,19820448.26641186,1214.0,9.352803602649454e-08,1227.0,BID
50,1712602042.284613,19820453.20875123,1214.0,1.8714960001076007e-10,1227.0,BID
51,1712602050.5912788,19820453.20875123,1214.0,0.0,1227.0,BID
52,1712602056.45471,19821051.68948643,1213.0,-2.265984889845597e-08,1227.0,ASK
53,1712602073.354936,19821190.31148643,1213.0,-5.248545841655844e-09,1227.0,ASK
54,1712602073.8944974,19821223.26123931,1214.0,1.2475529746489855e-09,1227.0,BID
55,1712602080.99431,19821223.26123931,1214.0,0.0,1227.0,BID
56,1712602091.6445506,19821228.20357868,1213.0,-1.8712164992967838e-10,1227.0,ASK
57,1712602092.8648872,19821272.30657868,1213.0,-1.669781353706455e-09,1227.0,ASK
58,1712602093.164459,19828646.26189868,1213.0,-2.791849329154099e-07,1227.0,ASK
59,1712602093.4443395,19831576.91189868,1213.0,-1.1095718486778922e-07,1227.0,ASK
60,1712602094.8544266,19832255.62889868,1213.0,-2.569686849059745e-08,1227.0,ASK
61,1712602097.2449958,19832502.94959117,1213.0,-9.363795676161869e-09,1227.0,ASK
62,1712602097.2550154,19833079.52089868,1213.0,-2.1829535822052386e-08,1227.0,ASK
63,1712602098.9345987,19833256.79341681,1213.0,-6.711705446209679e-09,1227.0,ASK
64,1712602098.9366086,19833453.87637691,1213.0,-7.461747543379447e-09,1227.0,ASK
65,1712602099.2154927,19833457.99921286,1213.0,-1.560944742611244e-10,1227.0,ASK
66,1712602099.2253666,19833980.72669473,1213.0,-1.9790957583179227e-08,1227.0,ASK
67,1712602099.227005,19834277.81337691,1213.0,-1.1247983183464925e-08,1227.0,ASK
68,1712602101.4752016,19834777.60737691,1213.0,-1.8922674237392252e-08,1227.0,ASK
69,1712602101.6137683,19835277.48237691,1213.0,-1.8925740974123263e-08,1227.0,ASK
70,1712602103.0446444,19835653.77657105,1213.0,-1.4246854610355368e-08,1227.0,ASK
71,1712602103.0467317,19835910.36837691,1213.0,-9.714808809795364e-09,1227.0,ASK
72,1712602110.9945698,19835910.36837691,1213.0,-0.0,1227.0,ASK
73,1712602113.9846127,19835992.74737691,1213.0,-3.1168446246080512e-09,1227.0,ASK
74,1712602116.3548927,19836022.78185667,1213.0,-1.1363673605041092e-09,1227.0,ASK
75,1712602116.35697,19836092.95437691,1213.0,-2.655007253063202e-09,1227.0,ASK
76,1712602127.15811,19836175.49837691,1213.0,-3.1230874699966763e-09,1227.0,ASK
77,1712602129.764843,19836268.81447665,1213.0,-3.5306544612516943e-09,1227.0,ASK
78,1712602129.767111,19836569.60537691,1213.0,-1.1380552089726634e-08,1227.0,ASK
79,1712602133.3366623,19836585.84637691,1213.0,-6.14485166718023e-10,1227.0,ASK
80,1712602134.3065815,19836681.01563081,1213.0,-3.6007693398296903e-09,1227.0,ASK
81,1712602136.9843004,19836685.96204465,1213.0,1.8714967868001567e-10,1227.0,BID
82,1712602140.624385,19836685.96204465,1213.0,0.0,1227.0,BID
83,1712602156.175074,19837337.77504465,1212.0,-2.4660745241897465e-08,1227.0,ASK
84,1712602170.6346714,19837337.77504465,1212.0,-0.0,1227.0,ASK
85,1712602190.6542437,19837342.72145849,1212.0,-1.871374240758472e-10,1227.0,ASK
86,1712602200.7170324,19837342.72145849,1212.0,-0.0,1227.0,ASK
87,1712602203.4141889,19837347.66787233,1213.0,1.8737628331228468e-10,1227.0,BID
88,1712602230.6544168,19837347.66787233,1213.0,0.0,1227.0,BID
89,1712602254.1642716,19840281.81787233,1212.0,-1.1114921128652737e-07,1227.0,ASK
90,1712602259.008249,19840286.76428617,1212.0,-1.8737624086513875e-10,1227.0,ASK
91,1712602260.508841,19840330.20128617,1212.0,-1.6454469916454802e-09,1227.0,ASK
92,1712602260.6859486,19840330.20128617,1212.0,-0.0,1227.0,ASK
93,1712602262.0549967,19840475.26258624,1212.0,-5.494348121648788e-09,1227.0,ASK
94,1712602262.057692,19840830.19028617,1212.0,-1.3443257026567269e-08,1227.0,ASK
95,1712602276.0693948,19841077.71503864,1212.0,-9.375258308974586e-09,1227.0,ASK
96,1712602276.070428,19841329.36602874,1212.0,-9.531543865399178e-09,1227.0,ASK
97,1712602276.0716407,19841471.03003617,1212.0,-5.365672117595913e-09,1227.0,ASK
98,1712602277.386321,19841486.26934038,1212.0,-5.77204550262612e-10,1227.0,ASK
99,1712602277.3873143,19841529.57703617,1212.0,-1.6403241725332823e-09,1227.0,ASK
100,1712602278.4640353,19841534.52345001,1213.0,1.8735058615766315e-10,1227.0,BID
101,1712602279.4552453,19841766.80889827,1212.0,-8.798053758853074e-09,1227.0,ASK
102,1712602279.4574168,19842034.50845001,1212.0,-1.0139399885163873e-08,1227.0,ASK
103,1712602279.9012845,19844102.23287077,1212.0,-7.831722025018288e-08,1227.0,ASK
104,1712602281.0941312,19844227.88087077,1212.0,-4.759049122478471e-09,1227.0,ASK
105,1712602286.174085,19844232.61985212,1212.0,-1.7949386399359535e-10,1227.0,ASK
106,1712602290.663955,19844232.61985212,1212.0,-0.0,1227.0,ASK
107,1712602294.35412,19844238.61985212,1213.0,2.272155571815659e-10,1227.0,BID
108,1712602314.0443654,19844553.54110212,1212.0,-1.1925834547866772e-08,1227.0,ASK
109,1712602316.3174453,19844776.19210212,1212.0,-8.431628503692453e-09,1227.0,ASK
110,1712602320.9640226,19844776.19210212,1212.0,-0.0,1227.0,ASK
111,1712602324.9038925,19844781.13851596,1212.0,-1.8731235626331608e-10,1227.0,ASK
112,1712602325.4436047,19844851.00351596,1212.0,-2.645669810580014e-09,1227.0,ASK
113,1712602328.214062,19844944.56151596,1212.0,-3.5428837923064862e-09,1227.0,ASK
114,1712602332.994403,19845263.48251596,1212.0,-1.2077000811279196e-08,1227.0,ASK
115,1712602336.1243408,19845503.2636155,1212.0,-9.08010615062705e-09,1227.0,ASK
116,1712602336.1302946,19862755.52130969,1212.0,-6.533139246680335e-07,1227.0,ASK
117,1712602336.132748,19868709.11988027,1212.0,-2.2545274461990146e-07,1227.0,ASK
118,1712602351.0336022,19868709.11988027,1212.0,-0.0,1227.0,ASK
119,1712602351.9536664,19868714.06629411,1213.0,1.8710683153968727e-10,1227.0,BID
120,1712602354.063696,19868780.01847877,1213.0,2.4947577580429954e-09,1227.0,BID
121,1712602357.414125,19868841.84865189,1213.0,2.3388353982621878e-09,1227.0,BID
122,1712602357.613747,19869089.16934438,1213.0,9.355341593471497e-09,1227.0,BID
123,1712602358.884057,19869775.89646721,1213.0,2.5976665158337084e-08,1227.0,BID
124,1712602361.633925,19870270.5378522,1213.0,1.8710683187365745e-08,1227.0,BID
125,1712602367.6136754,19870291.1479099,1213.0,7.79611799044954e-10,1227.0,BID
126,1712602367.693611,19870456.02837156,1213.0,6.236894395741609e-09,1227.0,BID
127,1712602370.8136628,19870579.6887178,1213.0,4.6776707965243755e-09,1227.0,BID
128,1712602380.6188245,19870579.6887178,1213.0,0.0,1227.0,BID
129,1712602387.2138371,19870584.22293049,1213.0,1.7149987600962219e-10,1227.0,BID
130,1712602392.5741367,19870996.42408465,1213.0,1.559089783929544e-08,1227.0,BID
131,1712602394.6637645,19871001.37049849,1211.0,-1.8709077373901277e-10,1227.0,ASK
132,1712602399.223914,19871569.04024581,1211.0,-2.147126699584197e-08,1227.0,ASK
133,1712602399.2268512,19874011.37049849,1211.0,-9.23775226617093e-08,1227.0,ASK
134,1712602399.2438507,19874015.50014342,1211.0,-1.5619770001237075e-10,1227.0,ASK
135,1712602399.2463803,19874180.65290972,1211.0,-6.246658655043505e-09,1227.0,ASK
136,1712602399.2489414,19875331.37049849,1211.0,-4.35241876143686e-08,1227.0,ASK
137,1712602399.266237,19877011.37049849,1211.0,-6.354351050654023e-08,1227.0,ASK
138,1712602399.2834644,19880001.37049849,1211.0,-1.1309231929437817e-07,1227.0,ASK
139,1712602402.1136224,19880030.22457928,1213.0,1.0913628486661387e-09,1227.0,BID
140,1712602408.6635742,19880035.17507432,1212.0,1.8724513911189416e-10,1227.0,BID
141,1712602410.6136134,19880035.17507432,1212.0,0.0,1227.0,BID
142,1712602437.0838633,19880065.56107432,1211.0,-1.148807833145979e-09,1227.0,ASK
143,1712602440.7836308,19880117.75145747,1211.0,-1.973169254889612e-09,1227.0,ASK
144,1712602440.7860055,19880176.57907432,1211.0,-2.2241040953229958e-09,1227.0,ASK
145,1712602440.9633362,19880176.57907432,1211.0,-0.0,1227.0,ASK
146,1712602449.8933609,19880235.21407432,1211.0,-2.216807450912854e-09,1227.0,ASK
147,1712602465.5636904,19880240.16456936,1211.0,-1.8716285982845016e-10,1227.0,ASK
148,1712602470.9949827,19880240.16456936,1211.0,-0.0,1227.0,ASK
149,1712602480.8234797,19880245.1150644,1212.0,1.8716231510085408e-10,1227.0,BID
150,1712602486.2836316,19881358.68742226,1211.0,-4.210059373153418e-08,1227.0,ASK
151,1712602486.2863872,19881372.94506057,1211.0,-5.390355047772083e-10,1227.0,ASK
152,1712602500.6636,19881372.94506057,1211.0,-0.0,1227.0,ASK
153,1712602509.2039297,19884165.37307033,1210.0,-1.0559065775941208e-07,1227.0,ASK
154,1712602509.207287,19884382.94506057,1210.0,-8.227094657126741e-09,1227.0,ASK
155,1712602509.3643827,19885012.94506057,1210.0,-2.382232027322905e-08,1227.0,ASK
156,1712602515.403828,19885032.75874251,1210.0,-7.49218852383838e-10,1227.0,ASK
157,1712602518.913592,19885041.02320531,1210.0,-3.1250584076191567e-10,1227.0,ASK
158,1712602518.9759357,19885371.32873792,1211.0,1.2489911406050152e-08,1227.0,BID
159,1712602528.9937851,19885383.71519539,1211.0,4.683716777356841e-10,1227.0,BID
160,1712602530.627491,19885383.71519539,1211.0,0.0,1227.0,BID
161,1712602531.4038613,19885388.66569043,1210.0,-1.8715974469027908e-10,1227.0,ASK
162,1712602533.2038293,19885636.59957472,1210.0,-9.373455003131426e-09,1227.0,ASK
163,1712602533.213668,19885888.65169043,1210.0,-9.529149966119324e-09,1227.0,ASK
164,1712602540.254198,19885901.28897401,1210.0,-4.77768536255787e-10,1227.0,ASK
165,1712602542.164659,19886149.2228583,1210.0,-9.373455003131426e-09,1227.0,ASK
166,1712602542.1675425,19886153.35591616,1210.0,-1.5625549533397335e-10,1227.0,ASK
167,1712602542.170306,19887079.58295322,1210.0,-3.501718806783241e-08,1227.0,ASK
168,1712602542.484459,19887274.48596946,1210.0,-7.368555766259071e-09,1227.0,ASK
169,1712602549.2843337,19887282.75043226,1210.0,-3.1244849969594684e-10,1227.0,ASK
170,1712602551.4145253,19887291.01489506,1210.0,3.1244849969594684e-10,1227.0,BID
171,1712602555.2045429,19887620.47689506,1209.0,-1.2455728837176581e-08,1227.0,ASK
172,1712602560.985403,19887620.47689506,1209.0,-0.0,1227.0,ASK
173,1712602561.4446626,19887687.53324409,1209.0,-2.5348909934395016e-09,1227.0,ASK
174,1712602567.2051902,19889771.74641343,1209.0,-7.878826193131595e-08,1227.0,ASK
175,1712602571.885606,19889962.61778272,1209.0,-7.215396035357421e-09,1227.0,ASK
176,1712602583.485351,19890789.06406371,1210.0,3.124165369293972e-08,1227.0,BID
177,1712602587.3753684,19890918.50526653,1209.0,-4.8931882508278275e-09,1227.0,ASK
178,1712602588.6054356,19890923.46394421,1210.0,1.8744992204751318e-10,1227.0,BID
179,1712602590.995553,19890923.46394421,1210.0,0.0,1227.0,BID
180,1712602595.0457933,19891047.43088635,1210.0,4.6855405923089745e-09,1227.0,BID
181,1712602620.677734,19891047.43088635,1210.0,0.0,1227.0,BID
182,1712602621.2191744,19891444.52033163,1210.0,1.500858320795822e-08,1227.0,BID
183,1712602621.8161893,19891591.13085698,1210.0,-5.5413617638526e-09,1227.0,ASK
184,1712602621.8861418,19891957.72389637,1210.0,-1.3855926418003869e-08,1227.0,ASK
185,1712602626.5965557,19891961.85271552,1211.0,1.5605482967395368e-10,1227.0,BID
186,1712602638.6670566,19891966.8113932,1209.0,-1.8742056101497023e-10,1227.0,ASK
187,1712602650.648702,19891966.8113932,1209.0,-0.0,1227.0,ASK
188,1712602660.0373645,19891967.4215554,1211.0,2.3061013589418408e-11,1227.0,BID
189,1712602660.039497,19891971.76239168,1212.0,1.6406143261673658e-10,1227.0,BID
190,1712602676.0177388,19892029.51816725,1212.0,2.1828732236878477e-09,1227.0,BID
191,1712602680.9876294,19892029.51816725,1212.0,0.0,1227.0,BID
192,1712602706.528442,19892034.46916573,1209.0,-1.8712190885579327e-10,1227.0,ASK
193,1712602710.9682748,19892034.46916573,1209.0,-0.0,1227.0,ASK
194,1712602713.5284088,19892043.87510632,1212.0,3.5549539470940124e-10,1227.0,BID
195,1712602727.5887437,19892048.82560136,1212.0,1.871028391428893e-10,1227.0,BID
196,1712602740.629033,19892048.82560136,1212.0,0.0,1227.0,BID
197,1712602760.2692354,19892218.622716,1211.0,6.417439279369951e-09,1227.0,BID
198,1712602765.3019395,19893115.82172508,1211.0,3.3909411091113215e-08,1227.0,BID
199,1712602768.24953,19893120.77222012,1209.0,-1.8710271595790966e-10,1227.0,ASK
200,1712602770.6506891,19893120.77222012,1209.0,-0.0,1227.0,ASK
201,1712602781.6196408,19893125.7268031,1211.0,1.8724803199114808e-10,1227.0,BID
202,1712602800.7500038,19893125.7268031,1211.0,0.0,1227.0,BID
203,1712602830.6604676,19893125.7268031,1211.0,0.0,1227.0,BID
204,1712602838.580866,19893130.68138608,1209.0,-1.8739705752643976e-10,1227.0,ASK
205,1712602851.1709409,19893135.63596906,1211.0,1.873970576673413e-10,1227.0,BID
206,1712602860.9957542,19893135.63596906,1211.0,0.0,1227.0,BID
207,1712602873.9110513,19893203.45896906,1210.0,-2.5652663251036902e-09,1227.0,ASK
208,1712602876.3217082,19893436.83096906,1210.0,-8.826818820091786e-09,1227.0,ASK
209,1712602887.2413342,19893533.6110685,1210.0,-3.6605094146370445e-09,1227.0,ASK
210,1712602887.3615336,19893773.89329786,1210.0,-9.088184119078996e-09,1227.0,ASK
211,1712602887.4412563,19893954.11122137,1210.0,-6.816374539164169e-09,1227.0,ASK
212,1712602889.49144,19894136.60022137,1210.0,-6.9022733646315485e-09,1227.0,ASK
213,1712602890.9838328,19894136.60022137,1210.0,-0.0,1227.0,ASK
214,1712602891.1112883,19894230.8186421,1210.0,-3.563455912754324e-09,1227.0,ASK
215,1712602892.5813932,19894391.84925264,1210.0,-6.090374651080417e-09,1227.0,ASK
216,1712602894.2615442,19894574.94405985,1210.0,-6.924869556186204e-09,1227.0,ASK
217,1712602894.4219222,19894709.80517593,1210.0,-5.100612362026744e-09,1227.0,ASK
218,1712602896.1702492,19895162.70517593,1210.0,-1.7129231952660743e-08,1227.0,ASK
219,1712602902.1316938,19895260.52264128,1210.0,-3.6995761823969164e-09,1227.0,ASK
220,1712602909.151771,19895265.47722426,1210.0,-1.8738838843815864e-10,1227.0,ASK
221,1712602919.8308198,19895734.87722426,1210.0,-1.7753282134201552e-08,1227.0,ASK
222,1712602920.631812,19895734.87722426,1210.0,-0.0,1227.0,ASK
223,1712602924.1017408,19895909.56417158,1210.0,-6.606390799883647e-09,1227.0,ASK
224,1712602932.892691,19895914.51875456,1211.0,1.8737468328471395e-10,1227.0,BID
225,1712602934.982097,19895918.64757371,1211.0,1.5614556931000516e-10,1227.0,BID
226,1712602950.6725676,19895918.64757371,1211.0,0.0,1227.0,BID
227,1712602956.5352662,19896152.94757371,1210.0,-8.860789950464304e-09,1227.0,ASK
228,1712602980.992669,19896152.94757371,1210.0,-0.0,1227.0,ASK
229,1712602981.5726972,19896157.90215669,1210.0,-1.8737109847578736e-10,1227.0,ASK
230,1712603003.2932198,19896162.85265173,1212.0,1.8721650199669687e-10,1227.0,BID
231,1712603011.0027702,19896162.85265173,1212.0,0.0,1227.0,BID
232,1712603014.76465,19904360.82058545,1210.0,-3.100284256054828e-07,1227.0,ASK
233,1712603040.6337488,19904360.82058545,1210.0,-0.0,1227.0,ASK
234,1712603048.4835837,19904365.77108049,1210.0,-1.8714621208952382e-10,1227.0,ASK
235,1712603070.705289,19904365.77108049,1210.0,-0.0,1227.0,ASK
236,1712603099.5849016,19904370.72157553,1212.0,1.8714616957002164e-10,1227.0,BID
237,1712603100.9871416,19904370.72157553,1212.0,0.0,1227.0,BID
238,1712603102.064212,19904404.04857553,1211.0,-1.2614069536775283e-09,1227.0,ASK
239,1712603119.4745638,19904420.56385216,1212.0,6.25093311137016e-10,1227.0,BID
240,1712603123.8245358,19905245.64636041,1212.0,3.1228877881525246e-08,1227.0,BID
241,1712603130.9860923,19905245.64636041,1212.0,0.0,1227.0,BID
242,1712603153.6951363,19905245.6924405,1211.0,-1.7440337660406149e-12,1227.0,ASK
243,1712603153.6992674,19905250.59685545,1211.0,-1.8562171339132788e-10,1227.0,ASK
244,1712603160.644851,19905250.59685545,1211.0,-0.0,1227.0,ASK
245,1712603166.3048546,19905255.54735049,1212.0,1.8736570450311086e-10,1227.0,BID
246,1712603173.8750153,19907009.89985914,1212.0,6.63985098854485e-08,1227.0,BID
247,1712603173.8794732,19908562.49290649,1212.0,5.8762343539211824e-08,1227.0,BID
248,1712603173.9546251,19909075.69647123,1212.0,-1.9423663031581075e-08,1227.0,ASK
249,1712603173.995083,19909158.34109933,1212.0,-3.127923338563792e-09,1227.0,ASK
250,1712603174.135815,19909658.33309933,1212.0,-1.8923633415211653e-08,1227.0,ASK
251,1712603176.3651774,19910451.72209933,1212.0,-3.002808563249371e-08,1227.0,ASK
252,1712603187.0110655,19910533.38809933,1212.0,-3.090884347150842e-09,1227.0,ASK
253,1712603188.9784117,19913502.7529556,1212.0,-1.1238414217783461e-07,1227.0,ASK
254,1712603190.6208663,19913502.7529556,1212.0,-0.0,1227.0,ASK
255,1712603220.995677,19913502.7529556,1212.0,-0.0,1227.0,ASK
256,1712603222.035257,19913505.27462057,1210.0,-9.540353996124092e-11,1227.0,ASK
257,1712603222.0390058,19913507.70345064,1211.0,-9.189126600724238e-11,1227.0,ASK
258,1712603236.035596,19913512.65803362,1211.0,1.8744946739010256e-10,1227.0,BID
259,1712603243.0055468,19913516.78685277,1211.0,1.5620788939779148e-10,1227.0,BID
260,1712603251.0255945,19913516.78685277,1211.0,0.0,1227.0,BID
261,1712603252.985445,19913557.00485277,1210.0,-1.5215887716541321e-09,1227.0,ASK
262,1712603256.9156606,19913602.20530057,1210.0,-1.710092342708792e-09,1227.0,ASK
263,1712603256.919602,19913607.16397825,1210.0,-1.8760426372921528e-10,1227.0,ASK
264,1712603256.9233673,19913615.42844105,1210.0,-3.1267377302296635e-10,1227.0,ASK
265,1712603280.6383045,19913615.42844105,1210.0,-0.0,1227.0,ASK
266,1712603291.1959145,19913620.38302403,1209.0,-1.8744850028461198e-10,1227.0,ASK
267,1712603301.406142,19916043.85288114,1209.0,-9.168799719653452e-08,1227.0,ASK
268,1712603310.61721,19916043.85288114,1209.0,-0.0,1227.0,ASK
269,1712603312.8472962,19916047.36322901,1211.0,1.3279348930359718e-10,1227.0,BID
270,1712603313.226201,19916706.54822901,1211.0,-2.4936410722503643e-08,1227.0,ASK
271,1712603337.7160034,19916711.49872405,1212.0,1.8727303813793976e-10,1227.0,BID
272,1712603341.0062172,19916711.49872405,1212.0,0.0,1227.0,BID
273,1712603370.9983754,19916711.49872405,1212.0,0.0,1227.0,BID
274,1712603396.216589,19916716.44921909,1210.0,-1.872673102800328e-10,1227.0,ASK
275,1712603400.6662362,19916716.44921909,1210.0,-0.0,1227.0,ASK
276,1712603417.3370216,19916721.39971413,1212.0,1.8753182679612024e-10,1227.0,BID
277,1712603430.6564035,19916721.39971413,1212.0,0.0,1227.0,BID
278,1712603457.1168675,19916726.35020917,1210.0,-1.8753178403116912e-10,1227.0,ASK
279,1712603457.396822,19916731.30070421,1211.0,1.8753178417228838e-10,1227.0,BID
280,1712603460.9766586,19916731.30070421,1211.0,0.0,1227.0,BID
281,1712603479.056872,19916736.25119925,1212.0,1.8753169888906808e-10,1227.0,BID
282,1712603484.7969244,19917595.25898908,1212.0,3.2540420492015784e-08,1227.0,BID
283,1712603490.9981067,19917595.25898908,1212.0,0.0,1227.0,BID
284,1712603520.62833,19917595.25898908,1212.0,0.0,1227.0,BID
285,1712603522.9670513,19917600.20948412,1210.0,-1.8752426049960904e-10,1227.0,ASK
286,1712603529.3971477,19918233.74776794,1212.0,2.399836728558788e-08,1227.0,BID
287,1712603542.2172918,19918238.69826298,1212.0,1.8752426049960904e-10,1227.0,BID
288,1712603550.6646936,19918238.69826298,1212.0,0.0,1227.0,BID
289,1712603551.5473905,19918242.82367552,1212.0,1.5626560136494488e-10,1227.0,BID
290,1712603579.5076487,19918292.32862601,1212.0,1.8751872156737913e-09,1227.0,BID
291,1712603580.6774154,19918292.32862601,1212.0,0.0,1227.0,BID
292,1712603592.738385,19918297.27912105,1210.0,-1.8751825946555203e-10,1227.0,ASK
293,1712603597.7277443,19918422.96749697,1210.0,-4.7609108393811575e-09,1227.0,ASK
294,1712603597.7874353,19918464.22162238,1212.0,1.562652165787697e-09,1227.0,BID
295,1712603610.1197386,19918469.17211742,1212.0,1.8751825946555203e-10,1227.0,BID
296,1712603610.641475,19918469.17211742,1212.0,0.0,1227.0,BID
297,1712603640.983355,19918469.17211742,1212.0,0.0,1227.0,BID
298,1712603650.117864,19919292.61741956,1210.0,-3.1190775175525776e-08,1227.0,ASK
299,1712603650.1211998,19921031.78783271,1210.0,-6.587696014241202e-08,1227.0,ASK
300,1712603654.3478825,19921036.73832775,1210.0,-1.875167389287384e-10,1227.0,ASK
301,1712603668.1578248,19921041.68882279,1212.0,1.8751673906984638e-10,1227.0,BID
302,1712603671.0089204,19921041.68882279,1212.0,0.0,1227.0,BID
303,1712603700.699981,19921041.68882279,1212.0,0.0,1227.0,BID
304,1712603725.958122,19921046.63931783,1210.0,-1.8963110438078007e-10,1227.0,ASK
305,1712603730.6144514,19921046.63931783,1210.0,-0.0,1227.0,ASK
306,1712603745.528523,19921051.58981287,1212.0,1.8963106101194256e-10,1227.0,BID
307,1712603760.989154,19921051.58981287,1212.0,0.0,1227.0,BID
308,1712603791.0085762,19921051.58981287,1212.0,0.0,1227.0,BID
309,1712603793.9384246,19921067.50449901,1210.0,-6.096194621294061e-10,1227.0,ASK
310,1712603793.942466,19921129.33981287,1210.0,-2.3686304866650744e-09,1227.0,ASK
311,1712603797.528383,19921134.29030791,1210.0,-1.896310172858072e-10,1227.0,ASK
312,1712603803.3685637,19921205.05230791,1210.0,-2.710571355401326e-09,1227.0,ASK
313,1712603806.218397,19921210.00689089,1211.0,1.89787607725345e-10,1227.0,BID
314,1712603806.3987586,19921217.97651012,1210.0,-3.052799750736853e-10,1227.0,ASK
315,1712603806.4025607,19921385.44765579,1210.0,-6.415060206029515e-09,1227.0,ASK
316,1712603806.406188,19924230.00689089,1210.0,-1.0896216586853449e-07,1227.0,ASK
317,1712603820.6381874,19924230.00689089,1210.0,-0.0,1227.0,ASK
318,1712603850.668541,19924230.00689089,1210.0,-0.0,1227.0,ASK
319,1712603858.5988247,19924234.96147387,1210.0,-1.8975965274310327e-10,1227.0,ASK
320,1712603858.6020093,19924239.08688641,1210.0,-1.5800257128338692e-10,1227.0,ASK
321,1712603863.6382782,19924243.21229895,1212.0,1.5800257128338692e-10,1227.0,BID
322,1712603873.008664,19924248.16279399,1212.0,1.8960308536885078e-10,1227.0,BID
323,1712603881.0188649,19924248.16279399,1212.0,0.0,1227.0,BID
324,1712603881.3791363,19924661.17942616,1210.0,-1.5818450707848332e-08,1227.0,ASK
325,1712603881.382786,19924909.11331045,1210.0,-9.495815959836089e-09,1227.0,ASK
326,1712603881.3862543,19925145.36180307,1209.0,-9.048267900730444e-09,1227.0,ASK
327,1712603884.468722,19925149.491448,1211.0,-1.5816453789941222e-10,1227.0,ASK
328,1712603904.2086787,19925153.62109293,1211.0,1.5816453789941222e-10,1227.0,BID
329,1712603906.1207895,19925157.87702845,1210.0,1.63001441090212e-10,1227.0,BID
330,1712603907.2249467,19925158.00331904,1211.0,4.8369031907997615e-12,1227.0,BID
331,1712603911.0399148,19925158.00331904,1211.0,0.0,1227.0,BID
332,1712603922.4387937,19925162.00667338,1211.0,-1.5332117133469108e-10,1227.0,ASK
333,1712603931.269044,19925166.95716842,1210.0,-1.8959493298074327e-10,1227.0,ASK
334,1712603940.6384375,19925166.95716842,1210.0,-0.0,1227.0,ASK
335,1712603942.9089546,19925172.43177677,1211.0,2.096674301205632e-10,1227.0,BID
336,1712603944.4587014,19925177.38227181,1212.0,1.8959485442604027e-10,1227.0,BID
337,1712603969.1191716,19925549.05451117,1212.0,1.4234363133190052e-08,1227.0,BID
338,1712603969.1296568,19928891.29051414,1212.0,1.2800149138147258e-07,1227.0,BID
339,1712603969.1329973,19931701.35932449,1212.0,1.0762046674422484e-07,1227.0,BID
340,1712603969.1363895,19931994.50967565,1213.0,1.1227119244277294e-08,1227.0,BID
341,1712603969.139748,19932387.50967565,1212.0,1.5051177136566474e-08,1227.0,BID
342,1712603969.1431053,19934009.50967565,1213.0,6.211961657890795e-08,1227.0,BID
343,1712603970.6887827,19934009.50967565,1213.0,0.0,1227.0,BID
344,1712604000.6688323,19934009.50967565,1213.0,0.0,1227.0,BID
345,1712604001.5487936,19934014.46017069,1210.0,-1.8979814061807462e-10,1227.0,ASK
346,1712604013.340054,19934019.40658453,1213.0,1.8964167068691128e-10,1227.0,BID
347,1712604026.4190602,19934264.01317007,1210.0,-9.378026795368386e-09,1227.0,ASK
348,1712604030.658952,19934264.01317007,1210.0,-0.0,1227.0,ASK
349,1712604037.4028397,19935662.01317007,1212.0,5.3597603008131474e-08,1227.0,BID
350,1712604037.4089532,19942028.47597998,1213.0,2.440823649867976e-07,1227.0,BID
351,1712604037.4117675,19942528.47597998,1213.0,1.9169385911348882e-08,1227.0,BID
352,1712604048.539104,19942536.72000306,1213.0,3.1606571980026213e-10,1227.0,BID
353,1712604049.4496408,19943164.17525233,1212.0,-2.4055863630661332e-08,1227.0,ASK
354,1712604055.1694546,19946102.34525233,1211.0,1.1264582920636445e-07,1227.0,BID
355,1712604061.0090702,19946102.34525233,1211.0,0.0,1227.0,BID
356,1712604067.6793108,19946106.47831019,1210.0,-1.5836922143649036e-10,1227.0,ASK
357,1712604067.683956,19946107.29166617,1210.0,-3.1165920603812176e-11,1227.0,ASK
358,1712604074.3227727,19947943.9719643,1210.0,-7.037734258275077e-08,1227.0,ASK
359,1712604074.326479,19947947.29166617,1210.0,-1.2720330040444464e-10,1227.0,ASK
360,1712604074.358964,19948277.29166617,1210.0,-1.2644837033391969e-08,1227.0,ASK
361,1712604074.5930066,19950787.29166617,1210.0,-9.617739682973893e-08,1227.0,ASK
362,1712604075.0024014,19951557.29166617,1210.0,-2.950461974458126e-08,1227.0,ASK
363,1712604075.0424926,19952487.29166617,1210.0,-3.5635449821377373e-08,1227.0,ASK
364,1712604075.4593363,19953119.59666617,1210.0,-2.422846569816709e-08,1227.0,ASK
365,1712604075.6192703,19956060.84666617,1210.0,-1.1270189977110345e-07,1227.0,ASK
366,1712604079.2394574,19956884.22010341,1210.0,-3.1549766459189974e-08,1227.0,ASK
367,1712604079.2442813,19957322.27131427,1210.0,-1.6785109617047348e-08,1227.0,ASK
368,1712604091.0190055,19957322.27131427,1210.0,-0.0,1227.0,ASK
369,1712604091.679757,19957337.18410094,1209.0,-5.71126403627678e-10,1227.0,ASK
370,1712604091.6854954,19958999.01667427,1209.0,-6.364447383557921e-08,1227.0,ASK
371,1712604095.6092982,19959061.00014534,1210.0,2.373828426542222e-09,1227.0,BID
372,1712604120.648,19959061.00014534,1210.0,0.0,1227.0,BID
373,1712604123.5798285,19959065.95882302,1210.0,1.8989098609427555e-10,1227.0,BID
374,1712604134.366505,19959117.94886368,1210.0,1.9909420855857992e-09,1227.0,BID
375,1712604135.1258678,19959351.17503482,1209.0,-8.931322108775092e-09,1227.0,ASK
376,1712604135.1301172,19960142.75980529,1209.0,-3.03134872338583e-08,1227.0,ASK
377,1712604135.1336806,19983780.16806889,1209.0,-9.05187037918042e-07,1227.0,ASK
378,1712604140.3193944,19983826.99780775,1209.0,1.7933299679731535e-09,1227.0,BID
379,1712604143.2497747,19984788.00522737,1208.0,-3.68014737437331e-08,1227.0,ASK
380,1712604144.5296695,19985126.39223221,1208.0,-1.2958422817181678e-08,1227.0,ASK
381,1712604150.6393745,19985126.39223221,1208.0,-0.0,1227.0,ASK
382,1712604155.211826,19989056.2739318,1208.0,-1.5031218386770206e-07,1227.0,ASK
383,1712604165.6695726,19989061.23260948,1208.0,-1.8966211403998848e-10,1227.0,ASK
384,1712604167.8493848,19989065.36484088,1210.0,1.580517616999904e-10,1227.0,BID
385,1712604172.9893715,19989069.49707228,1210.0,1.580517616999904e-10,1227.0,BID
386,1712604180.9896069,19989069.49707228,1210.0,0.0,1227.0,BID
387,1712604190.249634,19989074.45574996,1210.0,1.8962756603736383e-10,1227.0,BID
388,1712604211.0295625,19989074.45574996,1210.0,0.0,1227.0,BID
389,1712604230.9195716,19989079.41442764,1208.0,-1.89627522669912e-10,1227.0,ASK
390,1712604240.639263,19989079.41442764,1208.0,-0.0,1227.0,ASK
391,1712604252.6989684,19989084.37720679,1209.0,1.897843256296929e-10,1227.0,BID
392,1712604265.7401073,19993295.72666915,1209.0,1.610484959419376e-07,1227.0,BID
393,1712604266.5592048,19993390.3926366,1208.0,-3.6201725387314814e-09,1227.0,ASK
394,1712604270.659742,19993390.3926366,1208.0,-0.0,1227.0,ASK
395,1712604297.9898288,19993395.35541575,1208.0,-1.8974650720604348e-10,1227.0,ASK
396,1712604301.0095575,19993395.35541575,1208.0,-0.0,1227.0,ASK
397,1712604316.4719317,19993454.7964616,1208.0,-2.2727892768011988e-09,1227.0,ASK
398,1712604318.53951,19993471.32538723,1208.0,-6.32000402846758e-10,1227.0,ASK
399,1712604322.7394953,19993476.28406491,1210.0,1.8960012065461126e-10,1227.0,BID
400,1712604326.1896367,19993976.12606491,1208.0,-1.9111970885441977e-08,1227.0,ASK
401,1712604330.9896476,19993976.12606491,1208.0,-0.0,1227.0,ASK
402,1712604335.2406256,19993984.4042106,1208.0,-3.1651488947329956e-10,1227.0,ASK
403,1712604335.2483134,19994476.00106491,1208.0,-1.879620507338255e-08,1227.0,ASK
404,1712604337.6145344,19994975.87606491,1208.0,-1.9112719962855852e-08,1227.0,ASK
405,1712604341.0009592,19995803.22306491,1208.0,-3.163361144904702e-08,1227.0,ASK
406,1712604352.0797358,19996630.48806491,1208.0,-3.1630476179211484e-08,1227.0,ASK
407,1712604353.4397404,19996730.46207367,1208.0,-3.822506092420124e-09,1227.0,ASK
408,1712604353.460424,19996896.18062849,1208.0,-6.336248724061767e-09,1227.0,ASK
409,1712604353.4690063,19996912.73691987,1208.0,-6.33029778946599e-10,1227.0,ASK
410,1712604353.4713676,19996967.2270964,1208.0,-2.0834318275382367e-09,1227.0,ASK
411,1712604353.6195648,19997794.4920964,1208.0,-3.1630476179211484e-08,1227.0,ASK
412,1712604357.5214524,19997811.9400964,1208.0,-6.67124256847018e-10,1227.0,ASK
413,1712604360.0995514,19998639.4080964,1208.0,-3.163823788386168e-08,1227.0,ASK
414,1712604360.685869,19998639.4080964,1208.0,-0.0,1227.0,ASK
415,1712604362.0296104,19998751.33330277,1208.0,-4.278538575292983e-09,1227.0,ASK
416,1712604362.1501071,19998899.52208097,1208.0,-5.664777618112141e-09,1227.0,ASK
417,1712604362.2296164,19999010.43715324,1208.0,-4.239924416274441e-09,1227.0,ASK
418,1712604363.619724,19999804.83015324,1208.0,-3.0367074626601385e-08,1227.0,ASK
419,1712604366.8907666,19999908.92692212,1208.0,-3.979282733995288e-09,1227.0,ASK
420,1712604367.7700348,20000112.11792212,1208.0,-7.767334632127909e-09,1227.0,ASK
421,1712604369.0100975,20000117.0765998,1208.0,-1.8955420696810744e-10,1227.0,ASK
422,1712604369.32623,20000617.0255998,1208.0,-1.911143299659905e-08,1227.0,ASK
423,1712604370.0595925,20000906.14263867,1209.0,1.1052009137926851e-08,1227.0,BID
424,1712604378.630205,20001071.76863867,1208.0,-6.331346200367251e-09,1227.0,ASK
425,1712604379.4898188,20001096.58253445,1209.0,9.48554965795498e-10,1227.0,BID
426,1712604381.0195785,20001290.43780651,1208.0,-7.410459952864147e-09,1227.0,ASK
427,1712604387.359835,20001349.28880651,1208.0,-2.2496833542555707e-09,1227.0,ASK
428,1712604388.9198592,20001408.16680651,1208.0,-2.2507154770118716e-09,1227.0,ASK
429,1712604390.1181092,20001535.69897526,1208.0,-4.8751422604437356e-09,1227.0,ASK
430,1712604390.6700375,20001535.69897526,1208.0,-0.0,1227.0,ASK
431,1712604390.7896645,20001652.86281654,1208.0,-4.47819565265517e-09,1227.0,ASK
432,1712604391.529986,20001657.82559569,1209.0,1.8968562131776398e-10,1227.0,BID
433,1712604392.7698116,20001808.86599284,1208.0,-5.773013606517647e-09,1227.0,ASK
434,1712604403.0300958,20001905.10951816,1208.0,-3.678586601292528e-09,1227.0,ASK
435,1712604411.2398603,20002048.93438611,1208.0,-5.497224155397821e-09,1227.0,ASK
436,1712604415.479872,20002149.72432001,1208.0,-3.852357851113286e-09,1227.0,ASK
437,1712604415.7197158,20002470.68832001,1208.0,-1.2267774543710571e-08,1227.0,ASK
438,1712604415.8201632,20002589.69473631,1208.0,-4.548621915221916e-09,1227.0,ASK
439,1712604417.1206276,20002695.15791006,1208.0,-4.030976801861251e-09,1227.0,ASK
440,1712604417.6401503,20003054.00493291,1208.0,-1.3715726287013856e-08,1227.0,ASK
441,1712604417.7996387,20003322.46469538,1208.0,-1.026097581040576e-08,1227.0,ASK
442,1712604418.3147569,20003554.65013164,1208.0,-8.874511111390867e-09,1227.0,ASK
443,1712604418.6500072,20003933.17113164,1208.0,-1.4467698209321997e-08,1227.0,ASK
444,1712604420.659721,20003933.17113164,1208.0,-0.0,1227.0,ASK
445,1712604421.240585,20004760.54813164,1208.0,-3.162021614095113e-08,1227.0,ASK
446,1712604425.0099175,20005195.58513164,1208.0,-1.6625992708669186e-08,1227.0,ASK
447,1712604426.3624232,20005529.60113557,1208.0,-1.2765230649111665e-08,1227.0,ASK
448,1712604426.6626592,20005927.95680503,1208.0,-1.5224126811998816e-08,1227.0,ASK
449,1712604427.1672473,20006126.50661333,1208.0,-7.588061854635493e-09,1227.0,ASK
450,1712604428.479854,20006720.40061333,1208.0,-2.2697097749691096e-08,1227.0,ASK
451,1712604430.149902,20006775.70079095,1208.0,-2.1134302366885793e-09,1227.0,ASK
452,1712604430.1541686,20006839.67059918,1208.0,-2.4447611702905366e-09,1227.0,ASK
453,1712604430.2495892,20006934.04304746,1208.0,-3.606671701506683e-09,1227.0,ASK
454,1712604431.569708,20007144.53604746,1208.0,-8.044499854430823e-09,1227.0,ASK
455,1712604436.1728573,20007248.36761601,1208.0,-3.9681748946535296e-09,1227.0,ASK
456,1712604440.0001707,20007253.33039516,1208.0,-1.8966462611866887e-10,1227.0,ASK
457,1712604450.6401296,20007253.33039516,1208.0,-0.0,1227.0,ASK
458,1712604462.115676,20007258.28907284,1210.0,1.8947883521316623e-10,1227.0,BID
459,1712604477.360181,20007262.42130424,1210.0,1.5789902922568095e-10,1227.0,BID
460,1712604481.0102143,20007262.42130424,1210.0,0.0,1227.0,BID
461,1712604482.7400148,20007266.55353564,1210.0,1.578989628564495e-10,1227.0,BID
462,1712604487.9603388,20007370.85270808,1209.0,-3.985432944819485e-09,1227.0,ASK
463,1712604487.980085,20007475.28439253,1209.0,-3.990496434015195e-09,1227.0,ASK
464,1712604488.0805511,20007579.09002798,1209.0,-3.9665741320490946e-09,1227.0,ASK
465,1712604506.1400645,20007600.28702798,1209.0,-8.099702055018641e-10,1227.0,ASK
466,1712604507.5899315,20007605.24570566,1209.0,-1.8947875542773927e-10,1227.0,ASK
467,1712604511.00989,20007605.24570566,1209.0,-0.0,1227.0,ASK
468,1712604521.7501922,20007680.11846533,1209.0,-2.860958818058657e-09,1227.0,ASK
469,1712604521.7542152,20007789.95949096,1209.0,-4.1971292662436056e-09,1227.0,ASK
470,1712604527.6402626,20007794.92227011,1209.0,1.8963247572046318e-10,1227.0,BID
471,1712604540.680354,20007794.92227011,1209.0,0.0,1227.0,BID
472,1712604570.6200228,20007794.92227011,1209.0,0.0,1227.0,BID
473,1712604574.8504753,20011816.59516802,1209.0,1.536705708771931e-07,1227.0,BID
474,1712604576.1200516,20011821.55794717,1209.0,-1.8963081393921715e-10,1227.0,ASK
475,1712604578.4157324,20013168.65794717,1209.0,-5.147351146746303e-08,1227.0,ASK
476,1712604596.2200968,20013173.61662485,1210.0,1.8947409426815747e-10,1227.0,BID
477,1712604597.461892,20013378.59697412,1209.0,-7.832423991298819e-09,1227.0,ASK
478,1712604597.464462,20013503.78123441,1209.0,-4.783366830659964e-09,1227.0,ASK
479,1712604597.559785,20013664.77455062,1209.0,-6.151652667324382e-09,1227.0,ASK
480,1712604597.5801687,20013785.8301318,1209.0,-4.625607487184217e-09,1227.0,ASK
481,1712604597.6634734,20013921.5493429,1209.0,-5.185913717602266e-09,1227.0,ASK
482,1712604600.754946,20013921.5493429,1209.0,-0.0,1227.0,ASK
483,1712604622.2899816,20014051.15380948,1209.0,-4.95667167901522e-09,1227.0,ASK
484,1712604626.4304936,20014181.34863651,1209.0,-4.979249781510681e-09,1227.0,ASK
485,1712604630.6519876,20014181.34863651,1209.0,-0.0,1227.0,ASK
486,1712604643.4111967,20014311.64118295,1209.0,-4.982927164171566e-09,1227.0,ASK
487,1712604643.4709945,20014428.40062221,1209.0,-4.465365037816903e-09,1227.0,ASK
488,1712604643.970215,20014433.35929989,1209.0,-1.8964039295947827e-10,1227.0,ASK
489,1712604645.8005233,20014542.99083023,1209.0,-4.192764248694728e-09,1227.0,ASK
490,1712604657.162836,20014547.94950791,1210.0,1.8964039295947827e-10,1227.0,BID
491,1712604659.2989929,20014858.94103159,1209.0,-1.1893605225403541e-08,1227.0,ASK
492,1712604659.3045611,20018905.37356387,1209.0,-1.5475235640119377e-07,1227.0,ASK
493,1712604659.3080504,20021224.35889722,1208.0,-8.868761357881413e-08,1227.0,ASK
494,1712604659.3111868,20021724.35889722,1208.0,-1.912207298239209e-08,1227.0,ASK
495,1712604659.313782,20021898.16576313,1209.0,-6.647095149475084e-09,1227.0,ASK
496,1712604659.3169105,20023380.07691175,1208.0,-5.667442627476493e-08,1227.0,ASK
497,1712604661.0301538,20023380.07691175,1208.0,-0.0,1227.0,ASK
498,1712604675.0910206,20023388.35505744,1208.0,-3.1645606795664714e-10,1227.0,ASK
499,1712604675.095665,20023396.63320314,1208.0,-3.1645606838387714e-10,1227.0,ASK
500,1712604675.0996091,20023404.90450173,1209.0,-3.16194317666328e-10,1227.0,ASK
501,1712604675.1032858,20023513.23314411,1208.0,-4.141175753636093e-09,1227.0,ASK
502,1712604675.1058977,20034829.14432176,1208.0,-4.325834421059394e-07,1227.0,ASK
503,1712604675.1913588,20035498.02804029,1208.0,2.557001524565676e-08,1227.0,BID
504,1712604675.1940846,20036257.04130303,1208.0,2.901547782110296e-08,1227.0,BID
505,1712604675.2700062,20036456.11118284,1208.0,7.610022072004332e-09,1227.0,BID
506,1712604675.310109,20037138.48671498,1208.0,2.6085778853251084e-08,1227.0,BID
507,1712604675.3303883,20037829.44227796,1208.0,2.641377535430297e-08,1227.0,BID
508,1712604676.6801994,20038760.37969295,1208.0,3.558777592355766e-08,1227.0,BID
509,1712604677.600322,20039768.89522586,1208.0,3.855342391742481e-08,1227.0,BID
510,1712604677.6801536,20040503.26807654,1208.0,2.807352678441428e-08,1227.0,BID
511,1712604679.5503511,20041141.12179902,1208.0,2.4383803875653623e-08,1227.0,BID
512,1712604679.650743,20042174.44681499,1208.0,3.9501838182219663e-08,1227.0,BID
513,1712604679.70998,20042794.44182456,1208.0,2.3701102908705195e-08,1227.0,BID
514,1712604679.8103209,20042794.44182457,1208.0,4.272299971747835e-19,1227.0,BID
515,1712604691.0101843,20042794.44182457,1208.0,0.0,1227.0,BID
516,1712604711.6504066,20042799.40050225,1207.0,-1.8939000383292958e-10,1227.0,ASK
517,1712604720.620122,20042799.40050225,1207.0,-0.0,1227.0,ASK
518,1712604722.890615,20042930.18687387,1207.0,-4.995207868429917e-09,1227.0,ASK
519,1712604722.8929744,20042933.51320033,1207.0,-1.2704452228542955e-10,1227.0,ASK
520,1712604724.2604766,20042938.48008774,1208.0,1.8970351994120182e-10,1227.0,BID
521,1712604750.680243,20042938.48008774,1208.0,0.0,1227.0,BID
522,1712604755.7501664,20042942.61916058,1208.0,1.5808525316149408e-10,1227.0,BID
523,1712604757.0215144,20046111.22783046,1207.0,-1.2101992952526706e-07,1227.0,ASK
524,1712604757.0274484,20046117.85583378,1207.0,-2.531459635572304e-10,1227.0,ASK
525,1712604757.0324912,20047878.50803491,1207.0,-6.724528886290207e-08,1227.0,ASK
526,1712604757.03706,20047893.43340805,1206.0,-5.70050704840948e-10,1227.0,ASK
527,1712604757.0416384,20048073.85461765,1207.0,-6.890898922990452e-09,1227.0,ASK
528,1712604757.0443738,20048084.35322461,1206.0,-4.00977465658089e-10,1227.0,ASK
529,1712604757.0470295,20048089.32422709,1207.0,-1.8985947231221907e-10,1227.0,ASK
530,1712604757.0496645,20062942.62479753,1206.0,-5.672980085363306e-07,1227.0,ASK
531,1712604758.2403548,20062977.88112015,1208.0,1.346558733863923e-09,1227.0,BID
532,1712604758.2462847,20063736.89440285,1208.0,2.8989295792347243e-08,1227.0,BID
533,1712604778.6899388,20063745.15886565,1210.0,3.1564791038644445e-10,1227.0,BID
534,1712604780.695334,20063745.15886565,1210.0,0.0,1227.0,BID
535,1712604783.9303305,20063750.12575306,1207.0,-1.895206218656106e-10,1227.0,ASK
536,1712604787.0804996,20063754.25798446,1210.0,1.576728038606732e-10,1227.0,BID
537,1712604792.2506151,20063758.39021586,1210.0,1.576728038606732e-10,1227.0,BID
538,1712604794.8405044,20063763.34889354,1210.0,1.8920736477495304e-10,1227.0,BID
539,1712604810.6601553,20063763.34889354,1210.0,0.0,1227.0,BID
540,1712604824.5504832,20063796.98414203,1209.0,1.283412997579528e-09,1227.0,BID
541,1712604841.0402827,20063796.98414203,1209.0,0.0,1227.0,BID
542,1712604849.5704622,20063801.94281971,1206.0,-1.8920691225646806e-10,1227.0,ASK
543,1712604867.2003186,20064060.82522538,1206.0,-9.878105370416884e-09,1227.0,ASK
544,1712604869.330528,20064065.78800453,1209.0,1.8936341093332192e-10,1227.0,BID
545,1712604871.0104196,20064065.78800453,1209.0,0.0,1227.0,BID
546,1712604900.6305134,20064065.78800453,1209.0,0.0,1227.0,BID
547,1712604914.4005558,20064070.75078368,1206.0,-1.8936562643706736e-10,1227.0,ASK
548,1712604930.62576,20064070.75078368,1206.0,-0.0,1227.0,ASK
549,1712604961.0005984,20064070.75078368,1206.0,-0.0,1227.0,ASK
550,1712604968.780746,20064244.88013691,1207.0,-6.644282474151172e-09,1227.0,ASK
551,1712604969.6018052,20064249.84291606,1209.0,1.8936558319071262e-10,1227.0,BID
552,1712604982.9111466,20067244.88013691,1209.0,1.1428212961508349e-07,1227.0,BID
553,1712604982.9142654,20068641.30712239,1209.0,5.328369498770063e-08,1227.0,BID
554,1712604991.0046058,20068641.30712239,1209.0,0.0,1227.0,BID
555,1712605000.9924262,20068951.22447775,1209.0,-1.1823074959288238e-08,1227.0,ASK
556,1712605015.6310625,20068956.1872569,1209.0,-1.8932566658621486e-10,1227.0,ASK
557,1712605019.3205323,20068990.2202569,1209.0,-1.29832906460421e-09,1227.0,ASK
558,1712605020.734605,20068990.2202569,1209.0,-0.0,1227.0,ASK
559,1712605022.820592,20069084.1942569,1209.0,-3.584967887045732e-09,1227.0,ASK
560,1712605029.9406023,20069402.3872569,1209.0,-1.2138588192946215e-08,1227.0,ASK
561,1712605030.5007942,20069407.34593458,1210.0,1.891661549141128e-10,1227.0,BID
562,1712605045.6825936,20069453.95891506,1209.0,-1.7782156567316415e-09,1227.0,ASK
563,1712605045.6882925,20069499.61409457,1209.0,-1.741676978966506e-09,1227.0,ASK
564,1712605050.661301,20069499.61409457,1209.0,-0.0,1227.0,ASK
565,1712605080.997306,20069499.61409457,1209.0,-0.0,1227.0,ASK
566,1712605087.4711828,20069504.57277225,1209.0,-1.8916171070716287e-10,1227.0,ASK
567,1712605087.6312182,20069917.02424585,1209.0,-1.5734038664335024e-08,1227.0,ASK
568,1712605087.6388483,20069925.29554585,1209.0,-3.155303407103028e-10,1227.0,ASK
569,1712605094.171083,20073517.35915984,1209.0,1.370286479856236e-07,1227.0,BID
570,1712605100.081992,20073558.74988831,1208.0,-1.5789574380833587e-09,1227.0,ASK
571,1712605100.0853796,20074565.71677572,1208.0,-3.841338182621265e-08,1227.0,ASK
572,1712605100.088317,20077242.59079613,1209.0,-1.02116350728457e-07,1227.0,ASK
573,1712605100.0910778,20077755.51430606,1208.0,-1.9566806893938925e-08,1227.0,ASK
574,1712605100.0938473,20081681.58997354,1207.0,-1.4977041010875408e-07,1227.0,ASK
575,1712605100.0966284,20081794.67204317,1206.0,-4.31381088372148e-09,1227.0,ASK
576,1712605104.1711934,20081798.80427457,1210.0,1.5763475892263567e-10,1227.0,BID
577,1712605111.0006328,20081798.80427457,1210.0,0.0,1227.0,BID
578,1712605111.410716,20081803.76295225,1210.0,1.8905454089516728e-10,1227.0,BID
579,1712605115.8711295,20081820.29187786,1210.0,6.30181803409982e-10,1227.0,BID
580,1712605140.631776,20081820.29187786,1210.0,0.0,1227.0,BID
581,1712605147.381084,20081971.82700182,1210.0,5.777422277605395e-09,1227.0,BID
582,1712605157.921104,20082302.27518832,1208.0,1.25986547827415e-08,1227.0,BID
583,1712605161.6110463,20082307.233866,1207.0,-1.8905435349012838e-10,1227.0,ASK
584,1712605170.6277516,20082307.233866,1207.0,-0.0,1227.0,ASK
585,1712605186.7009022,20082312.19254368,1210.0,1.89050111717332e-10,1227.0,BID
586,1712605200.691497,20082312.19254368,1210.0,0.0,1227.0,BID
587,1712605230.630893,20082312.19254368,1210.0,0.0,1227.0,BID
588,1712605237.4813714,20082317.15122136,1207.0,-1.8906506360821918e-10,1227.0,ASK
589,1712605261.0110295,20082317.15122136,1207.0,-0.0,1227.0,ASK
590,1712605261.93088,20082322.10989904,1210.0,1.8906502046329184e-10,1227.0,BID
591,1712605291.0008495,20082322.10989904,1210.0,0.0,1227.0,BID
592,1712605310.5811794,20082327.06857672,1208.0,-1.8906497721114759e-10,1227.0,ASK
593,1712605320.626216,20082327.06857672,1208.0,-0.0,1227.0,ASK
594,1712605350.6868212,20082327.06857672,1208.0,-0.0,1227.0,ASK
595,1712605368.481014,20082332.0272544,1210.0,1.8906493403051416e-10,1227.0,BID
596,1712605375.8210156,20082460.50010175,1208.0,-4.898424939036659e-09,1227.0,ASK
597,1712605381.0008752,20082460.50010175,1208.0,-0.0,1227.0,ASK
598,1712605395.591473,20082518.23510175,1208.0,-2.201312040048058e-09,1227.0,ASK
599,1712605400.9713917,20082767.06857672,1208.0,-9.487488082222113e-09,1227.0,ASK
600,1712605400.9757817,20083277.24838445,1208.0,-1.9452064663671763e-08,1227.0,ASK
601,1712605401.0511892,20083636.27387473,1208.0,-1.3688873897050494e-08,1227.0,ASK
602,1712605401.0553453,20084036.26164719,1208.0,-1.5250678087807252e-08,1227.0,ASK
603,1712605401.0709994,20084284.3780827,1208.0,-9.460148901460005e-09,1227.0,ASK
604,1712605401.1116226,20084556.8502903,1208.0,-1.0388782387996853e-08,1227.0,ASK
605,1712605401.1143093,20084792.24871002,1208.0,-8.975238166617962e-09,1227.0,ASK
606,1712605406.9513493,20085072.51397998,1208.0,-1.0685915184395873e-08,1227.0,ASK
607,1712605406.9911208,20085402.96216998,1208.0,-1.2599282571514613e-08,1227.0,ASK
608,1712605407.0711484,20086025.85127958,1208.0,-2.3749429229967755e-08,1227.0,ASK
609,1712605411.041159,20086025.85127958,1208.0,-0.0,1227.0,ASK
610,1712605414.4810548,20086029.98692887,1209.0,1.5765757054375292e-10,1227.0,BID
611,1712605419.4714673,20086029.98692888,1208.0,-4.26042086877365e-19,1227.0,ASK
612,1712605419.477177,20086034.94560655,1207.0,-1.890327296776636e-10,1227.0,ASK
613,1712605430.0515351,20086039.9083857,1209.0,1.8918908485132315e-10,1227.0,BID
614,1712605432.6443028,20086072.84056103,1209.0,1.255427235434384e-09,1227.0,BID
615,1712605432.6494985,20087528.74213259,1209.0,5.550129825603412e-08,1227.0,BID
616,1712605440.6530929,20087528.74213259,1209.0,0.0,1227.0,BID
617,1712605456.9013617,20087564.76299726,1209.0,1.3730779088431443e-09,1227.0,BID
618,1712605470.6217132,20087564.76299726,1209.0,0.0,1227.0,BID
619,1712605471.551378,20088647.80995726,1209.0,4.1284555493049126e-08,1227.0,BID
620,1712605471.561061,20090160.1807557,1209.0,5.7649906661821854e-08,1227.0,BID
621,1712605487.311425,20090165.14353485,1207.0,-1.8917566713238568e-10,1227.0,ASK
622,1712605491.1812568,20090211.14353485,1209.0,1.7534692610931191e-09,1227.0,BID
623,1712605491.2611525,20090992.27339422,1209.0,-2.977580863752104e-08,1227.0,ASK
624,1712605494.41148,20090992.27339423,1209.0,-4.2601187132617704e-19,1227.0,ASK
625,1712605494.4235098,20091334.82039422,1209.0,-1.3057513803560404e-08,1227.0,ASK
626,1712605499.9714377,20091424.73539422,1209.0,-3.4274606219482634e-09,1227.0,ASK
627,1712605500.652972,20091424.73539422,1209.0,-0.0,1227.0,ASK
628,1712605505.2716432,20091444.33239422,1209.0,-7.468862927398591e-10,1227.0,ASK
629,1712605510.071385,20091444.35610721,1209.0,-9.037560035768861e-13,1227.0,ASK
630,1712605519.001389,20091527.27484685,1208.0,-3.1602219754714635e-09,1227.0,ASK
631,1712605530.7302215,20091527.27484685,1208.0,-0.0,1227.0,ASK
632,1712605542.581768,20091532.237626,1209.0,1.8914192067704547e-10,1227.0,BID
633,1712605561.0013163,20091532.237626,1209.0,0.0,1227.0,BID
634,1712605584.571579,20092032.237626,1209.0,1.9056044177167512e-08,1227.0,BID
635,1712605591.051361,20092032.237626,1209.0,0.0,1227.0,BID
636,1712605601.4417608,20092037.20040515,1208.0,-1.8913751993204514e-10,1227.0,ASK
637,1712605611.9016857,20092818.52418437,1208.0,-2.9777194877326377e-08,1227.0,ASK
638,1712605611.9076643,20093757.29106795,1208.0,-3.57775421410821e-08,1227.0,ASK
639,1712605620.6344624,20093757.29106795,1208.0,-0.0,1227.0,ASK
640,1712605623.4427495,20093762.2538471,1209.0,1.89122500087776e-10,1227.0,BID
641,1712605626.091599,20102033.5524271,1209.0,3.152041667231441e-07,1227.0,BID
642,1712605626.1714852,20103300.43633712,1209.0,4.827864492273444e-08,1227.0,BID
643,1712605626.177189,20103575.31825504,1209.0,1.0475250657102925e-08,1227.0,BID
644,1712605626.191194,20104334.33151778,1209.0,2.8924616938813327e-08,1227.0,BID
645,1712605626.255254,20104633.76293647,1209.0,1.1410787545187532e-08,1227.0,BID
646,1712605650.6419485,20104633.76293647,1209.0,0.0,1227.0,BID
647,1712605673.0015278,20104638.72571562,1208.0,-1.8902777648258327e-10,1227.0,ASK
648,1712605681.0015194,20104638.72571562,1208.0,-0.0,1227.0,ASK
649,1712605686.6915183,20104643.6843933,1210.0,1.8887151220347848e-10,1227.0,BID
650,1712605704.8717692,20105056.90753379,1210.0,1.5739292692657057e-08,1227.0,BID
651,1712605711.001562,20105056.90753379,1210.0,0.0,1227.0,BID
652,1712605719.0019107,20105241.9959193,1210.0,7.049711992360175e-09,1227.0,BID
653,1712605719.008724,20106178.144436,1210.0,3.5656356322628225e-08,1227.0,BID
654,1712605719.141636,20107389.06598526,1210.0,4.612200892129666e-08,1227.0,BID
655,1712605719.148591,20108271.37516855,1210.0,3.360570471977518e-08,1227.0,BID
656,1712605723.9615896,20108275.5039877,1211.0,1.572599263270892e-10,1227.0,BID
657,1712605737.752087,20108385.4379877,1210.0,-4.187205134702467e-09,1227.0,ASK
658,1712605740.6768906,20108385.4379877,1210.0,-0.0,1227.0,ASK
659,1712605741.9217627,20108390.39666538,1210.0,-1.888389037616533e-10,1227.0,ASK
660,1712605750.253131,20108410.39566538,1210.0,-7.616121637458366e-10,1227.0,ASK
661,1712605759.9216886,20108468.23966538,1210.0,-2.202844842060002e-09,1227.0,ASK
662,1712605760.2418892,20108547.19706678,1210.0,-3.006896210700786e-09,1227.0,ASK
663,1712605760.254151,20108584.79379808,1210.0,-1.431777982588911e-09,1227.0,ASK
664,1712605762.3118544,20108589.74838106,1211.0,1.886829672505024e-10,1227.0,BID
665,1712605770.63779,20108589.74838106,1211.0,0.0,1227.0,BID
666,1712605797.731563,20109895.94829514,1211.0,4.974290598835141e-08,1227.0,BID
667,1712605800.684775,20109895.94829514,1211.0,0.0,1227.0,BID
668,1712605803.6920314,20109900.90287812,1210.0,-1.8899640083162488e-10,1227.0,ASK
669,1712605817.9825652,20109905.85337316,1212.0,1.8884046306108582e-10,1227.0,BID
670,1712605830.651754,20109905.85337316,1212.0,0.0,1227.0,BID
671,1712605842.2819655,20112263.11121288,1212.0,8.991938278759742e-08,1227.0,BID
672,1712605848.521736,20112481.72837459,1212.0,8.339316945511639e-09,1227.0,BID
673,1712605852.4420226,20112645.66401815,1212.0,6.253449087120601e-09,1227.0,BID
674,1712605861.0017507,20112645.66401815,1212.0,0.0,1227.0,BID
675,1712605870.7617848,20112650.61451319,1210.0,-1.8881645951516207e-10,1227.0,ASK
676,1712605890.2940714,20112655.56092703,1213.0,1.886607988836796e-10,1227.0,BID
677,1712605891.0251572,20112655.56092703,1213.0,0.0,1227.0,BID
678,1712605920.6541023,20112655.56092703,1213.0,0.0,1227.0,BID
679,1712605939.242393,20112660.50734087,1210.0,-1.8866071260659527e-10,1227.0,ASK
680,1712605950.6965814,20112660.50734087,1210.0,-0.0,1227.0,ASK
681,1712605962.0420544,20112872.75864219,1210.0,-8.095455395299525e-09,1227.0,ASK
682,1712605980.9939675,20112872.75864219,1210.0,-0.0,1227.0,ASK
683,1712605991.621899,20112877.70913723,1212.0,1.888144806736484e-10,1227.0,BID
684,1712606011.007579,20112877.70913723,1212.0,0.0,1227.0,BID
685,1712606031.0629334,20113877.70913723,1212.0,3.814051642641985e-08,1227.0,BID
686,1712606038.0617833,20113882.65963227,1210.0,-1.8881443732267314e-10,1227.0,ASK
687,1712606040.6529083,20113882.65963227,1210.0,-0.0,1227.0,ASK
688,1712606055.5619507,20114057.01111741,1212.0,6.649546779801154e-09,1227.0,BID
689,1712606057.352274,20114061.96161245,1212.0,1.888056665406836e-10,1227.0,BID
690,1712606070.612063,20114061.96161245,1212.0,0.0,1227.0,BID
691,1712606100.6820967,20114061.96161245,1212.0,0.0,1227.0,BID
692,1712606104.1455278,20114066.91210749,1211.0,-1.8891479905213136e-10,1227.0,ASK
693,1712606121.8734608,20114071.86260253,1212.0,1.8891479905213136e-10,1227.0,BID
694,1712606124.6820517,20114169.26128103,1211.0,-3.71681046741707e-09,1227.0,ASK
695,1712606130.6766028,20114169.26128103,1211.0,-0.0,1227.0,ASK
696,1712606131.3723252,20114525.97241568,1211.0,-1.3612311019484351e-08,1227.0,ASK
697,1712606131.381,20114836.16449626,1211.0,-1.183711599254594e-08,1227.0,ASK
698,1712606131.391984,20114891.99461573,1211.0,-2.130510871781897e-09,1227.0,ASK
699,1712606159.5322137,20114956.88796103,1210.0,-2.476369009863002e-09,1227.0,ASK
700,1712606161.0121548,20114956.88796103,1210.0,-0.0,1227.0,ASK
701,1712606164.6123762,20114961.83845607,1210.0,-1.8890698686229006e-10,1227.0,ASK
702,1712606168.2524416,20114981.83845607,1211.0,7.631842286693043e-10,1227.0,BID
703,1712606176.4525602,20114986.78895111,1212.0,1.8890698700444408e-10,1227.0,BID
704,1712606190.9726624,20114986.78895111,1212.0,0.0,1227.0,BID
705,1712606194.682284,20115192.30648021,1210.0,-7.842376010023276e-09,1227.0,ASK
706,1712606220.6662946,20115192.30648021,1210.0,-0.0,1227.0,ASK
707,1712606229.4824047,20115197.25697525,1210.0,-1.8890493326978846e-10,1227.0,ASK
708,1712606243.752422,20115473.74137224,1210.0,-1.0550311869980656e-08,1227.0,ASK
709,1712606243.758351,20116419.14562109,1210.0,-3.6075488444084313e-08,1227.0,ASK
710,1712606249.8123732,20116424.09611613,1212.0,1.8890493326978846e-10,1227.0,BID
711,1712606250.656737,20116424.09611613,1212.0,0.0,1227.0,BID
712,1712606281.022353,20116424.09611613,1212.0,0.0,1227.0,BID
713,1712606287.3621843,20116544.10891307,1210.0,-4.5792834632615525e-09,1227.0,ASK
714,1712606293.9222777,20116549.05940811,1210.0,-1.8889418996068936e-10,1227.0,ASK
715,1712606308.832428,20116554.05940811,1210.0,-1.9078313229667992e-10,1227.0,ASK
716,1712606311.052994,20116554.05940811,1210.0,-0.0,1227.0,ASK
717,1712606313.9723532,20116559.00990315,1212.0,1.888930566797884e-10,1227.0,BID
718,1712606340.6369772,20116559.00990315,1212.0,0.0,1227.0,BID
719,1712606343.6224985,20116600.26402856,1212.0,1.574108447565356e-09,1227.0,BID
720,1712606344.002314,20116608.51485364,1212.0,3.1482168948464263e-10,1227.0,BID
721,1712606361.8624237,20116616.76567872,1212.0,3.14821689342499e-10,1227.0,BID
722,1712606364.5330265,20116621.71617376,1211.0,-1.8889301343492702e-10,1227.0,ASK
723,1712606364.9022996,20116803.23432557,1212.0,6.9260771696571425e-09,1227.0,BID
724,1712606370.633505,20116803.23432557,1212.0,0.0,1227.0,BID
725,1712606376.1125429,20116808.18482061,1212.0,1.88890880082026e-10,1227.0,BID
726,1712606400.8391054,20116808.18482061,1212.0,0.0,1227.0,BID
727,1712606406.972576,20117963.30033216,1212.0,4.407922158962042e-08,1227.0,BID
728,1712606421.8422475,20118308.43933216,1212.0,1.3170508324259437e-08,1227.0,BID
729,1712606422.7421248,20119859.15733216,1212.0,5.917541723022648e-08,1227.0,BID
730,1712606428.1225734,20119864.1078272,1210.0,-1.8891094938041046e-10,1227.0,ASK
731,1712606430.671263,20119864.1078272,1210.0,-0.0,1227.0,ASK
732,1712606461.035594,20119864.1078272,1210.0,-0.0,1227.0,ASK
733,1712606480.0224082,20119869.05832224,1212.0,1.8888425311978727e-10,1227.0,BID
734,1712606491.013111,20119869.05832224,1212.0,0.0,1227.0,BID
735,1712606492.8925612,20119951.63470539,1211.0,3.150669734210969e-09,1227.0,BID
736,1712606500.942774,20120999.63470539,1211.0,3.9986031785996817e-08,1227.0,BID
737,1712606500.950456,20121330.62325193,1211.0,1.2628739067474484e-08,1227.0,BID
738,1712606501.042393,20122089.63652467,1211.0,-2.8959855772684163e-08,1227.0,ASK
739,1712606501.0694811,20122644.0270263,1211.0,-2.1152553645051864e-08,1227.0,ASK
740,1712606501.0746346,20123403.04029904,1211.0,-2.8959855772684163e-08,1227.0,ASK
741,1712606507.7436028,20123411.29793735,1211.0,-3.1506697319367773e-10,1227.0,ASK
742,1712606520.7184882,20123411.29793735,1211.0,-0.0,1227.0,ASK
743,1712606522.362386,20123419.55557566,1211.0,3.1501541476042317e-10,1227.0,BID
744,1712606526.2357385,20123424.5060707,1210.0,-1.8885330025783007e-10,1227.0,ASK
745,1712606543.598949,20123432.636152,1211.0,3.1014932304131153e-10,1227.0,BID
746,1712606550.662566,20123432.636152,1211.0,0.0,1227.0,BID
747,1712606567.915086,20124151.79350732,1210.0,-2.7434651494794146e-08,1227.0,ASK
748,1712606567.9228735,20124797.54663743,1210.0,-2.4634402951235973e-08,1227.0,ASK
749,1712606567.9297411,20126912.11614666,1210.0,-8.06672936293172e-08,1227.0,ASK
750,1712606569.3225534,20126917.07072964,1211.0,1.8900906220188528e-10,1227.0,BID
751,1712606576.7827368,20126930.04983764,1211.0,4.951312840162444e-10,1227.0,BID
752,1712606576.79242,20128560.77406376,1211.0,6.220940451586229e-08,1227.0,BID
753,1712606580.6505952,20128560.77406376,1211.0,0.0,1227.0,BID
754,1712606606.7929118,20128602.82815129,1211.0,1.603913406144197e-09,1227.0,BID
755,1712606610.6404102,20128602.82815129,1211.0,0.0,1227.0,BID
756,1712606621.6622713,20128607.78273427,1210.0,-1.8896395327288364e-10,1227.0,ASK
757,1712606641.0215094,20128607.78273427,1210.0,-0.0,1227.0,ASK
758,1712606642.461472,20128612.73731725,1211.0,1.8896390992488927e-10,1227.0,BID
759,1712606656.281295,20128942.73731725,1210.0,-1.2585941249061934e-08,1227.0,ASK
760,1712606670.9905577,20128942.73731725,1210.0,-0.0,1227.0,ASK
761,1712606678.5405216,20129624.99750189,1211.0,2.6020466266501977e-08,1227.0,BID
762,1712606678.6909266,20130045.7925447,1211.0,-1.604854491438916e-08,1227.0,ASK
763,1712606678.7206855,20132139.0232747,1211.0,-7.98329447094722e-08,1227.0,ASK
764,1712606678.78043,20132408.71705999,1211.0,-1.0285750510327817e-08,1227.0,ASK
765,1712606678.870999,20132594.86261804,1211.0,-7.099335888239195e-09,1227.0,ASK
766,1712606678.8863988,20132798.98771618,1211.0,-7.785050849861782e-09,1227.0,ASK
767,1712606678.893398,20132950.81593018,1211.0,-5.790519525607904e-09,1227.0,ASK
768,1712606678.9503136,20133776.22393018,1211.0,-3.1479927311555355e-08,1227.0,ASK
769,1712606678.992417,20137675.79935765,1211.0,-1.4872445021452893e-07,1227.0,ASK
770,1712606679.1707597,20137902.32137163,1210.0,-8.639238454906244e-09,1227.0,ASK
771,1712606684.1707983,20147130.29757947,1210.0,-3.519423367058058e-07,1227.0,ASK
772,1712606684.178821,20147411.60295135,1210.0,-1.0728600472918957e-08,1227.0,ASK
773,1712606685.230255,20147416.55753433,1209.0,-1.8896098899913959e-10,1227.0,ASK
774,1712606698.899918,20147421.51621201,1210.0,1.891171552805879e-10,1227.0,BID
775,1712606700.6452932,20147421.51621201,1210.0,0.0,1227.0,BID
776,1712606719.349545,20148117.88750986,1210.0,2.6538010173197293e-08,1227.0,BID
777,1712606719.4494936,20148775.75042213,1210.0,2.5070494307121654e-08,1227.0,BID
778,1712606719.529282,20149534.76369487,1210.0,2.8925232868900364e-08,1227.0,BID
779,1712606719.5392742,20150293.77696761,1210.0,2.8925232868900364e-08,1227.0,BID
780,1712606719.6095104,20151441.8515294,1210.0,4.375196751269944e-08,1227.0,BID
781,1712606719.6192,20156068.14085971,1210.0,1.7630323606198473e-07,1227.0,BID
782,1712606719.6994247,20156361.14135854,1210.0,1.1165954488258672e-08,1227.0,BID
783,1712606730.649317,20156361.14135854,1210.0,0.0,1227.0,BID
784,1712606734.948965,20156402.46367258,1210.0,-1.5741029697213727e-09,1227.0,ASK
785,1712606755.1991637,20156407.42235026,1210.0,-1.8889235630412487e-10,1227.0,ASK
786,1712606761.0291955,20156407.42235026,1210.0,-0.0,1227.0,ASK
787,1712606773.967844,20156412.37693324,1211.0,1.88735972895785e-10,1227.0,BID
788,1712606790.989242,20156412.37693324,1211.0,0.0,1227.0,BID
789,1712606810.2871614,20159554.50917292,1210.0,-1.1969387783161432e-07,1227.0,ASK
790,1712606810.2966878,20159602.88061132,1210.0,-1.8426229695706647e-09,1227.0,ASK
791,1712606820.6014204,20159602.88061132,1210.0,-0.0,1227.0,ASK
792,1712606823.3572557,20159607.8351943,1210.0,-1.887081786329868e-10,1227.0,ASK
793,1712606841.005602,20159612.78977728,1211.0,1.8870817849109944e-10,1227.0,BID
794,1712606850.6264548,20159612.78977728,1211.0,0.0,1227.0,BID
795,1712606855.3266485,20159617.43281761,1210.0,-1.7684218580663983e-10,1227.0,ASK
796,1712606880.9784925,20159617.43281761,1210.0,-0.0,1227.0,ASK
797,1712606885.3759258,20159622.38740059,1210.0,-1.8870805189787987e-10,1227.0,ASK
798,1712606899.765462,20160282.73727433,1210.0,-2.5151125492669764e-08,1227.0,ASK
799,1712606899.773693,20162122.38740059,1210.0,-7.00678125765299e-08,1227.0,ASK
800,1712606906.2653334,20162127.34198357,1211.0,1.8870805203976715e-10,1227.0,BID
801,1712606911.0348246,20162127.34198357,1211.0,0.0,1227.0,BID
802,1712606940.6968665,20162127.34198357,1211.0,0.0,1227.0,BID
803,1712606950.4843364,20162132.29656655,1210.0,-1.8868622622674807e-10,1227.0,ASK
804,1712606951.00418,20162191.91374243,1211.0,2.2704110487414233e-09,1227.0,BID
805,1712606970.716436,20162196.86832541,1211.0,1.8868622622674807e-10,1227.0,BID
806,1712606970.746148,20162196.86832541,1211.0,0.0,1227.0,BID
807,1712606978.9839375,20162205.13278821,1210.0,-3.1473593339669565e-10,1227.0,ASK
808,1712606978.992308,20162247.62332688,1210.0,-1.618169222568808e-09,1227.0,ASK
809,1712607000.763608,20162247.62332688,1210.0,-0.0,1227.0,ASK
810,1712607020.5433712,20162252.57790986,1210.0,-1.8879765675843288e-10,1227.0,ASK
811,1712607030.6351666,20162252.57790986,1210.0,-0.0,1227.0,ASK
812,1712607030.663251,20162257.53249284,1211.0,1.8879761348657635e-10,1227.0,BID
813,1712607061.012509,20162257.53249284,1211.0,0.0,1227.0,BID
814,1712607082.0521424,20162262.48707582,1210.0,-1.8879757046300423e-10,1227.0,ASK
815,1712607091.0119135,20162262.48707582,1210.0,-0.0,1227.0,ASK
816,1712607099.2319164,20162293.9002239,1210.0,-1.1970179336798006e-09,1227.0,ASK
817,1712607099.2417765,20162707.59668145,1210.0,-1.576416593270555e-08,1227.0,ASK
818,1712607099.4120266,20162758.35168145,1210.0,1.9340514700961884e-09,1227.0,BID
819,1712607107.521876,20162781.63966884,1210.0,8.874035317263341e-10,1227.0,BID
820,1712607120.62204,20162781.63966884,1210.0,0.0,1227.0,BID
821,1712607135.6816742,20162786.59425182,1211.0,1.8879300805426915e-10,1227.0,BID
822,1712607150.6522326,20162786.59425182,1211.0,0.0,1227.0,BID
823,1712607179.78098,20162791.5488348,1210.0,-1.8879296503279947e-10,1227.0,ASK
824,1712607180.990614,20162791.5488348,1210.0,-0.0,1227.0,ASK
825,1712607192.704565,20162796.50341778,1211.0,1.8879292176309004e-10,1227.0,BID
826,1712607210.9903278,20162796.50341778,1211.0,0.0,1227.0,BID
827,1712607240.6424034,20162796.50341778,1211.0,0.0,1227.0,BID
828,1712607246.6901991,20162801.45800076,1210.0,-1.8879287874165967e-10,1227.0,ASK
829,1712607259.5299213,20162806.41258374,1211.0,1.8879287859970868e-10,1227.0,BID
830,1712607263.7700052,20162822.92786037,1211.0,6.29309596846506e-10,1227.0,BID
831,1712607270.6768034,20162822.92786037,1211.0,0.0,1227.0,BID
832,1712607274.1001189,20162846.75767044,1211.0,9.080265633429603e-10,1227.0,BID
833,1712607284.8396146,20162851.40071076,1211.0,1.7692142466954327e-10,1227.0,BID
1034,1712607284.8484285,20163466.35373533,1211.0,2.3432569538904642e-08,1227.0,BID
834,1712607284.8484285,20163466.35373533,1211.0,2.343256953890464e-08,1227.0,BID
835,1712607300.6446018,20163466.35373533,1211.0,0.0,1227.0,BID
836,1712607315.1126978,20163471.30831831,1210.0,-1.8881630370386959e-10,1227.0,ASK
837,1712607330.6291256,20163471.30831831,1210.0,-0.0,1227.0,ASK
838,1712607335.2593436,20163476.26290129,1211.0,1.8881626070741627e-10,1227.0,BID
839,1712607361.0128448,20163476.26290129,1211.0,0.0,1227.0,BID
840,1712607377.0821664,20163481.21748427,1210.0,-1.8881621739139367e-10,1227.0,ASK
841,1712607391.0141964,20163481.21748427,1210.0,-0.0,1227.0,ASK
842,1712607391.1485095,20163486.17206725,1211.0,1.8881617439497983e-10,1227.0,BID
843,1712607420.6284862,20163486.17206725,1211.0,0.0,1227.0,BID
844,1712607442.2479334,20163491.12665023,1210.0,-1.8881613107899688e-10,1227.0,ASK
845,1712607450.6247067,20163491.12665023,1210.0,-0.0,1227.0,ASK
846,1712607455.3079598,20163496.08123321,1211.0,1.8881608808262238e-10,1227.0,BID
847,1712607481.0073097,20163496.08123321,1211.0,0.0,1227.0,BID
848,1712607486.598053,20163578.65761636,1211.0,3.146934086306458e-09,1227.0,BID
849,1712607508.278199,20163583.61219934,1210.0,-1.8881604490864727e-10,1227.0,ASK
850,1712607510.987259,20163583.61219934,1210.0,-0.0,1227.0,ASK
851,1712607529.54735,20163588.56678232,1211.0,1.8881528220732923e-10,1227.0,BID
852,1712607540.649884,20163588.56678232,1211.0,0.0,1227.0,BID
853,1712607547.877367,20163635.55129705,1210.0,-1.790542697929664e-09,1227.0,ASK
854,1712607547.884769,20163872.96265654,1210.0,-9.04755915002527e-09,1227.0,ASK
855,1712607547.892312,20164224.36838359,1210.0,-1.339179434377968e-08,1227.0,ASK
1055,1712607547.892312,20164224.36838359,1210.0,-1.3391794343779681e-08,1227.0,ASK
856,1712607570.6868098,20164224.36838359,1210.0,-0.0,1227.0,ASK
857,1712607571.5168858,20164229.32296657,1210.0,-1.8880970333594566e-10,1227.0,ASK
858,1712607578.86684,20164233.45178572,1211.0,1.5734141961224566e-10,1227.0,BID
859,1712607593.5369673,20164238.4063687,1211.0,1.8880970333594566e-10,1227.0,BID
860,1712607600.6732843,20164238.4063687,1211.0,0.0,1227.0,BID
861,1712607630.5968494,20164238.4063687,1211.0,0.0,1227.0,BID
862,1712607637.786497,20164243.36095168,1210.0,-1.8880965314732936e-10,1227.0,ASK
863,1712607643.6065276,20164650.84563908,1210.0,-1.5528459766206942e-08,1227.0,ASK
864,1712607659.626222,20164655.80022206,1211.0,1.8880965314732936e-10,1227.0,BID
865,1712607660.6666903,20164655.80022206,1211.0,0.0,1227.0,BID
866,1712607690.6510682,20164655.80022206,1211.0,0.0,1227.0,BID
867,1712607705.3366685,20164660.75480504,1210.0,-1.8880601914191884e-10,1227.0,ASK
868,1712607720.9994376,20164660.75480504,1210.0,-0.0,1227.0,ASK
869,1712607724.5858812,20164665.70938802,1211.0,1.88805976150157e-10,1227.0,BID
870,1712607746.0561728,20171477.05662171,1211.0,2.595623220133e-07,1227.0,BID
871,1712607746.155903,20173132.68576078,1211.0,6.309162181663191e-08,1227.0,BID
872,1712607746.1627946,20173794.28291521,1211.0,2.52117074271528e-08,1227.0,BID
873,1712607747.2657588,20175294.28291521,1211.0,5.7161009365985206e-08,1227.0,BID
874,1712607750.985748,20175294.28291521,1211.0,0.0,1227.0,BID
875,1712607765.6656995,20175458.62145259,1211.0,-6.2594328461734044e-09,1227.0,ASK
876,1712607771.1256044,20175463.57603557,1211.0,-1.8871337149255183e-10,1227.0,ASK
877,1712607776.185429,20175475.9522732,1211.0,-4.713941694599386e-10,1227.0,ASK
878,1712607780.628725,20175475.9522732,1211.0,-0.0,1227.0,ASK
879,1712607794.8855865,20180716.84991724,1211.0,-1.996170374267781e-07,1227.0,ASK
880,1712607795.065343,20182763.25938094,1211.0,-7.794431836891612e-08,1227.0,ASK
881,1712607804.5253484,20183091.9588029,1211.0,-1.2519611958143803e-08,1227.0,ASK
882,1712607810.6609457,20183091.9588029,1211.0,-0.0,1227.0,ASK
883,1712607814.0353196,20183381.05789455,1211.0,-1.1007434740414956e-08,1227.0,ASK
884,1712607822.8856564,20184207.50417554,1210.0,-3.146690448788043e-08,1227.0,ASK
885,1712607822.8915083,20185347.90086975,1210.0,-4.342055216463087e-08,1227.0,ASK
886,1712607822.9449823,20185352.85954743,1210.0,1.8880142667452323e-10,1227.0,BID
887,1712607822.965135,20188922.63233743,1210.0,1.3591893630621397e-07,1227.0,BID
888,1712607828.3854196,20189161.40471536,1210.0,9.091247408951034e-09,1227.0,BID
889,1712607840.9749465,20189161.40471536,1210.0,0.0,1227.0,BID
890,1712607851.1751096,20192003.04879706,1212.0,1.0816522217980973e-07,1227.0,BID
891,1712607851.1854343,20195359.83705859,1212.0,1.2777383010668121e-07,1227.0,BID
892,1712607855.4152696,20195518.4592774,1212.0,6.037845362383486e-09,1227.0,BID
893,1712607855.4196506,20198694.59081573,1212.0,1.2089725653127238e-07,1227.0,BID
894,1712607855.5669503,20199287.02273324,1212.0,-2.2550512358898528e-08,1227.0,ASK
895,1712607855.5715485,20199983.39403109,1212.0,-2.6506893187776573e-08,1227.0,ASK
896,1712607855.5757253,20200742.40730383,1212.0,-2.889131675991192e-08,1227.0,ASK
897,1712607855.5799196,20202856.64366133,1212.0,-8.047694882782295e-08,1227.0,ASK
898,1712607855.5842626,20203615.65693407,1212.0,-2.889131675991192e-08,1227.0,ASK
899,1712607855.5954666,20204655.93606849,1212.0,-3.959750780473959e-08,1227.0,ASK
900,1712607867.1769702,20204660.89474617,1210.0,-1.8874864602276166e-10,1227.0,ASK
901,1712607870.9749177,20204660.89474617,1210.0,-0.0,1227.0,ASK
902,1712607886.864906,20204665.84116001,1213.0,1.8814729633586248e-10,1227.0,BID
903,1712607888.1448257,20204669.96317155,1213.0,1.5678941377853456e-10,1227.0,BID
904,1712607900.6597488,20204669.96317155,1213.0,0.0,1227.0,BID
905,1712607903.685493,20204674.53691276,1213.0,1.7399870108589822e-10,1227.0,BID
906,1712607903.6934285,20210254.29987105,1213.0,2.122707564780191e-07,1227.0,BID
907,1712607903.7003973,20213949.11419785,1213.0,1.4056171168180945e-07,1227.0,BID
908,1712607930.0746658,20213954.06061169,1210.0,-1.8817627482610016e-10,1227.0,ASK
909,1712607930.669298,20213954.06061169,1210.0,-0.0,1227.0,ASK
910,1712607933.1646698,20214049.38529614,1210.0,-3.624881150871635e-09,1227.0,ASK
911,1712607950.824994,20214054.33579118,1212.0,1.882508845290636e-10,1227.0,BID
1111,1712607950.824994,20214054.33579118,1212.0,1.8825088452906357e-10,1227.0,BID
912,1712607957.1451523,20214615.86675732,1211.0,-2.1353157648039685e-08,1227.0,ASK
913,1712607960.114506,20214701.65897333,1210.0,-3.2623930360394603e-09,1227.0,ASK
914,1712607960.974249,20214701.65897333,1210.0,-0.0,1227.0,ASK
915,1712607990.9941597,20214701.65897333,1210.0,-0.0,1227.0,ASK
916,1712607992.7944753,20214706.60946837,1210.0,-1.8824440507461336e-10,1227.0,ASK
917,1712608005.4742486,20214711.55996341,1212.0,1.8824440493295783e-10,1227.0,BID
918,1712608006.754104,20217581.55996341,1210.0,-1.0913281156545556e-07,1227.0,ASK
1119,1712608006.893936,20217616.65855845,1210.0,-1.33463705885261e-09,1227.0,ASK
919,1712608006.893936,20217616.65855845,1210.0,-1.3346370588526101e-09,1227.0,ASK
920,1712608006.9038918,20217888.12774307,1210.0,-1.0322716157070532e-08,1227.0,ASK
921,1712608009.5441911,20218094.43120291,1210.0,-7.844765368715018e-09,1227.0,ASK
922,1712608020.6441429,20218094.43120291,1210.0,-0.0,1227.0,ASK
923,1712608049.2639802,20218142.14720291,1209.0,-1.8141353551512847e-09,1227.0,ASK
924,1712608050.645254,20218142.14720291,1209.0,-0.0,1227.0,ASK
925,1712608053.0538929,20218167.99420291,1209.0,-9.826861784007627e-10,1227.0,ASK
926,1712608061.4239593,20218172.94469795,1209.0,-1.8821461096932222e-10,1227.0,ASK
927,1712608081.0012915,20218172.94469795,1209.0,-0.0,1227.0,ASK
928,1712608081.2137506,20218177.90337563,1210.0,1.8852544279802848e-10,1227.0,BID
1129,1712608090.0041077,20218187.73853972,1210.0,3.7392603138260625e-10,1227.0,BID
929,1712608090.0041077,20218187.73853972,1210.0,3.739260313826063e-10,1227.0,BID
930,1712608090.01184,20218202.69676405,1210.0,5.687011834573333e-10,1227.0,BID
931,1712608101.2644026,20218501.96922586,1209.0,-1.1378128813668401e-08,1227.0,ASK
932,1712608101.2688966,20218532.69676405,1209.0,-1.1682394213663866e-09,1227.0,ASK
933,1712608111.0034876,20218532.69676405,1209.0,-0.0,1227.0,ASK
934,1712608111.0133286,20218619.96776405,1209.0,-3.3179272586536686e-09,1227.0,ASK
935,1712608116.4937766,20218688.92276405,1209.0,-2.6215773180409323e-09,1227.0,ASK
936,1712608117.3040998,20225524.42479041,1209.0,-2.5987668869866266e-07,1227.0,ASK
937,1712608117.3139586,20228267.73659482,1209.0,-1.0429706333918272e-07,1227.0,ASK
938,1712608117.3201594,20244089.93170608,1209.0,-6.015387981166209e-07,1227.0,ASK
939,1712608126.153791,20244094.89038376,1208.0,-1.8852232529809987e-10,1227.0,ASK
940,1712608140.6724246,20244094.89038376,1208.0,-0.0,1227.0,ASK
941,1712608146.403539,20244099.85316291,1209.0,1.88456829284046e-10,1227.0,BID
942,1712608147.2235124,20244440.22069032,1208.0,-1.2925133896921041e-08,1227.0,ASK
1142,1712608147.2235124,20244440.22069032,1208.0,-1.292513389692104e-08,1227.0,ASK
943,1712608160.5032856,20244589.60883302,1208.0,-5.672872972543073e-09,1227.0,ASK
944,1712608160.5233755,20244723.62523359,1208.0,-5.089145650744909e-09,1227.0,ASK
1144,1712608160.5233755,20244723.62523359,1208.0,-5.0891456507449094e-09,1227.0,ASK
945,1712608160.9538977,20245045.29723359,1208.0,-1.2215188982633521e-08,1227.0,ASK
1145,1712608160.9538977,20245045.29723359,1208.0,-1.221518898263352e-08,1227.0,ASK
946,1712608162.0530808,20245053.56853218,1208.0,-3.1409471580349353e-10,1227.0,ASK
947,1712608163.9061012,20245375.19053218,1208.0,-1.2213290280189013e-08,1227.0,ASK
948,1712608168.3826268,20245788.92053218,1208.0,-1.5711004183813672e-08,1227.0,ASK
949,1712608170.6447012,20245788.92053218,1208.0,-0.0,1227.0,ASK
950,1712608173.7733033,20246586.72703068,1208.0,-3.0293590674365845e-08,1227.0,ASK
951,1712608177.6633167,20246634.22603068,1208.0,-1.803589299162957e-09,1227.0,ASK
952,1712608179.2736006,20247176.12403068,1208.0,-2.0576463378167442e-08,1227.0,ASK
953,1712608180.7642834,20248003.46003068,1208.0,-3.1414858341385454e-08,1227.0,ASK
954,1712608180.8531208,20252105.24745971,1208.0,-1.5574938239072074e-07,1227.0,ASK
955,1712608181.9633937,20252232.99723605,1208.0,-4.850799586746804e-09,1227.0,ASK
956,1712608183.5335443,20252438.77523605,1208.0,-7.813617103337765e-09,1227.0,ASK
957,1712608184.7558465,20252709.57054747,1208.0,-1.0282395964515285e-08,1227.0,ASK
958,1712608185.0533118,20253093.11854747,1208.0,-1.4563739625915632e-08,1227.0,ASK
959,1712608186.9835825,20253201.38592801,1208.0,-4.111031579236446e-09,1227.0,ASK
960,1712608186.9891045,20253309.2265537,1208.0,-4.0948272280776375e-09,1227.0,ASK
961,1712608187.283157,20253433.04531621,1208.0,-4.701534665693183e-09,1227.0,ASK
962,1712608187.3485818,20253545.36992738,1208.0,-4.2650890910410375e-09,1227.0,ASK
963,1712608187.4633458,20260932.36900738,1208.0,-2.804924839077785e-07,1227.0,ASK
964,1712608187.5434096,20261081.00199224,1208.0,-5.64375799468792e-09,1227.0,ASK
965,1712608188.3433716,20261670.48999224,1208.0,-2.2383508047398937e-08,1227.0,ASK
966,1712608188.4431708,20261789.25289389,1208.0,-4.509558065443891e-09,1227.0,ASK
1166,1712608188.4431708,20261789.25289389,1208.0,-4.5095580654438914e-09,1227.0,ASK
967,1712608188.5835922,20265274.82638389,1208.0,-1.323510610282492e-07,1227.0,ASK
968,1712608189.6132474,20265399.87492118,1208.0,-4.748230567528143e-09,1227.0,ASK
969,1712608189.6731784,20265551.69832114,1208.0,-5.7649015668202445e-09,1227.0,ASK
970,1712608190.0748725,20323830.29892846,1208.0,-2.21290259630286e-06,1227.0,ASK
971,1712608190.083263,20325217.31149224,1208.0,-5.2666393350357496e-08,1227.0,ASK
972,1712608190.090061,20325919.61302787,1208.0,-2.6667162138300163e-08,1227.0,ASK
973,1712608192.4432454,20325923.75210071,1208.0,1.5716515044353188e-10,1227.0,BID
974,1712608193.6635556,20325927.89543129,1207.0,-1.5732682160457967e-10,1227.0,ASK
975,1712608193.6719532,20325928.71487986,1207.0,-3.111536386607045e-11,1227.0,ASK
976,1712608197.6833014,20325932.8539527,1208.0,1.5716515044353188e-10,1227.0,BID
977,1712608201.0730944,20325932.8539527,1208.0,0.0,1227.0,BID
978,1712608202.543332,20326394.37248501,1208.0,1.7462348098284912e-08,1227.0,BID
979,1712608202.6635308,20326545.64173318,1208.0,-5.723532389589196e-09,1227.0,ASK
980,1712608202.72358,20326666.51790252,1208.0,-4.573557935368817e-09,1227.0,ASK
981,1712608202.7449331,20326787.8835804,1208.0,-4.592079333707814e-09,1227.0,ASK
982,1712608202.803186,20326883.13995494,1208.0,-3.6041888988167845e-09,1227.0,ASK
983,1712608202.8431728,20326994.41143343,1208.0,-4.210147924172574e-09,1227.0,ASK
984,1712608202.851878,20327821.73543343,1208.0,-3.1303227642159965e-08,1227.0,ASK
985,1712608202.8858483,20327960.14091655,1208.0,-5.236809696078114e-09,1227.0,ASK
986,1712608203.023146,20328075.75060711,1208.0,-4.374291645467026e-09,1227.0,ASK
987,1712608203.0429332,20328205.67299249,1208.0,-4.915837090846658e-09,1227.0,ASK
988,1712608203.143047,20328345.13029283,1208.0,-5.276607011115889e-09,1227.0,ASK
989,1712608203.1843195,20328485.78160068,1208.0,-5.3217843406267445e-09,1227.0,ASK
990,1712608203.3636804,20328642.86462005,1208.0,-5.943506430370241e-09,1227.0,ASK
991,1712608203.3832946,20328829.37814667,1208.0,-7.057060332095098e-09,1227.0,ASK
992,1712608203.4232008,20328976.24547533,1208.0,-5.556978187740123e-09,1227.0,ASK
993,1712608203.563948,20329127.5592518,1208.0,-5.7252171945361426e-09,1227.0,ASK
994,1712608204.7931664,20329315.78766865,1208.0,-7.121946155724444e-09,1227.0,ASK
995,1712608204.91337,20329693.37867659,1208.0,-1.4286805746212576e-08,1227.0,ASK
996,1712608204.9735465,20329842.47328286,1208.0,-5.6412510700234276e-09,1227.0,ASK
997,1712608204.9871914,20329990.84528193,1208.0,-5.6139099827959975e-09,1227.0,ASK
998,1712608205.0931516,20330174.32828193,1208.0,-6.9423951408970466e-09,1227.0,ASK
999,1712608205.4730933,20331724.66003641,1208.0,-5.8659470571731126e-08,1227.0,ASK
1000,1712608212.813296,20331729.62281556,1209.0,1.8777529172568958e-10,1227.0,BID
1201,1712608226.4431612,20331877.68638315,1208.0,-5.6022399468331356e-09,1227.0,ASK
1202,1712608226.4458122,20332705.11238315,1208.0,-3.1307086987664006e-08,1227.0,ASK
1203,1712608226.5244682,20332823.87758819,1208.0,-4.493685967466927e-09,1227.0,ASK
1204,1712608226.6432762,20332917.921416,1208.0,-3.558310106142384e-09,1227.0,ASK
1205,1712608227.3827825,20336530.60394751,1208.0,-1.366920622181488e-07,1227.0,ASK
1206,1712608228.3230205,20336538.8752461,1209.0,3.1295881987170583e-10,1227.0,BID
1207,1712608231.003114,20336538.8752461,1209.0,0.0,1227.0,BID
1208,1712608234.4932196,20336610.2062461,1208.0,-2.6976234497789504e-09,1227.0,ASK
1209,1712608245.4604492,20336610.41332557,1208.0,-7.831411793794251e-12,1227.0,ASK
1210,1712608245.461964,20336967.5742461,1208.0,-1.3507250347880276e-08,1227.0,ASK
1211,1712608247.612913,20337389.0522461,1208.0,-1.5939618628120362e-08,1227.0,ASK
1212,1712608249.6433165,20337497.6108033,1208.0,-4.105509660162286e-09,1227.0,ASK
1213,1712608249.6467004,20337784.38200188,1208.0,-1.08452245168745e-08,1227.0,ASK
1214,1712608250.4398642,20338015.27600188,1208.0,-8.732038928580221e-09,1227.0,ASK
1215,1712608250.4828398,20338133.20841801,1208.0,-4.4600138963414085e-09,1227.0,ASK
1216,1712608252.753867,20338513.04641801,1208.0,-1.4364860942821857e-08,1227.0,ASK
1217,1712608253.6733365,20338518.00919716,1208.0,-1.8768430849821367e-10,1227.0,ASK
1218,1712608253.8529432,20338637.539949,1208.0,-4.520460376698388e-09,1227.0,ASK
1219,1712608253.9633682,20338731.47906387,1208.0,-3.552625914683337e-09,1227.0,ASK
1220,1712608254.340248,20339052.38406387,1208.0,-1.2136109870205612e-08,1227.0,ASK
1221,1712608256.2831688,20339391.40906387,1208.0,-1.2821379064561438e-08,1227.0,ASK
1222,1712608259.1932898,20339510.9458987,1208.0,-4.520690425689199e-09,1227.0,ASK
1223,1712608259.8555436,20339630.48273353,1208.0,-4.5206904255483154e-09,1227.0,ASK
1224,1712608259.8958664,20339937.85973353,1208.0,-1.162450271439931e-08,1227.0,ASK
1225,1712608260.5743015,20340127.08374714,1208.0,-7.156147206382046e-09,1227.0,ASK
1226,1712608260.672661,20340127.08374714,1208.0,-0.0,1227.0,ASK
1227,1712608260.8827848,20340268.47830118,1208.0,-5.346437716388993e-09,1227.0,ASK
1228,1712608260.9649334,20340410.52445224,1208.0,-5.371076026707384e-09,1227.0,ASK
1229,1712608262.467113,20340556.88145224,1208.0,-5.534078665106162e-09,1227.0,ASK
1230,1712608264.872869,20340686.43445224,1208.0,-4.898682627364863e-09,1227.0,ASK
1231,1712608278.3234649,20340686.47215046,1208.0,-1.4254522678651737e-12,1227.0,ASK
1232,1712608278.3284533,20340879.41371183,1207.0,-7.2955429421917404e-09,1227.0,ASK
1233,1712608290.6937857,20340879.41371183,1207.0,-0.0,1227.0,ASK
1234,1712608307.9229262,20340884.37649098,1209.0,1.8764710023184048e-10,1227.0,BID
1235,1712608317.5127292,20341325.18338281,1209.0,1.6667301228518745e-08,1227.0,BID
1236,1712608318.373387,20341330.33686231,1208.0,-1.9485765041444084e-10,1227.0,ASK
1237,1712608318.375013,20341383.94938281,1208.0,-2.027137155463741e-09,1227.0,ASK
1238,1712608320.9826603,20341383.94938281,1208.0,-0.0,1227.0,ASK
1239,1712608327.6330674,20343441.31108523,1209.0,7.778888461031303e-08,1227.0,BID
1240,1712608327.6361003,20343877.23293127,1209.0,1.6482213186336955e-08,1227.0,BID
1241,1712608333.447282,20344261.13446819,1209.0,1.451532432143712e-08,1227.0,BID
1242,1712608333.4490125,20344447.34489761,1209.0,7.040619833771258e-09,1227.0,BID
1243,1712608344.042597,20345132.36030646,1209.0,2.5900445474774097e-08,1227.0,BID
1244,1712608344.0454876,20346780.99088603,1209.0,6.233475317842487e-08,1227.0,BID
1245,1712608344.6631048,20346781.02302612,1208.0,-1.2152174467010525e-12,1227.0,ASK
1246,1712608344.66677,20346982.95688603,1208.0,-7.635123035994096e-09,1227.0,ASK
1247,1712608345.0081458,20347532.56406528,1208.0,-2.078065777030685e-08,1227.0,ASK
1248,1712608345.009815,20347532.57970868,1208.0,-5.914772179018896e-13,1227.0,ASK
1249,1712608345.261508,20347889.57970868,1208.0,-1.3498176705252474e-08,1227.0,ASK
1250,1712608346.8329504,20348717.00070868,1208.0,-3.1284803550806486e-08,1227.0,ASK
1251,1712608347.7428715,20348841.98314229,1208.0,-4.725588162228954e-09,1227.0,ASK
1252,1712608348.042654,20349030.38503945,1208.0,-7.123479270167738e-09,1227.0,ASK
1253,1712608350.2537029,20349529.19256254,1208.0,-1.885992181676028e-08,1227.0,ASK
1254,1712608350.2555315,20349643.48503945,1208.0,-4.321400698675031e-09,1227.0,ASK
1255,1712608350.5828233,20349781.06903945,1208.0,-5.2020536240901114e-09,1227.0,ASK
1256,1712608351.0026174,20349781.06903945,1208.0,-0.0,1227.0,ASK
1257,1712608353.1326282,20349786.0318186,1208.0,-1.8757079474842703e-10,1227.0,ASK
1258,1712608359.253131,20350002.7818186,1208.0,-8.192177918400717e-09,1227.0,ASK
1259,1712608360.5027149,20350080.03220894,1208.0,-2.919718301860473e-09,1227.0,ASK
1260,1712608360.5065067,20350480.8818186,1208.0,-1.5150317512670508e-08,1227.0,ASK
1261,1712608361.322531,20350630.65552252,1208.0,-5.660774302299912e-09,1227.0,ASK
1262,1712608361.3423836,20350780.39845547,1208.0,-5.659611297546112e-09,1227.0,ASK
1263,1712608361.7032976,20350891.97364653,1208.0,-4.217041828966452e-09,1227.0,ASK
1264,1712608361.7056704,20351038.59166179,1208.0,-5.541503423523187e-09,1227.0,ASK
1265,1712608361.9920356,20351866.00966179,1208.0,-3.127268959123067e-08,1227.0,ASK
1266,1712608362.0426369,20351914.5332295,1207.0,-1.833973240675766e-09,1227.0,ASK
1267,1712608362.0455823,20352021.01186648,1208.0,-4.024414941865869e-09,1227.0,ASK
1268,1712608362.048973,20352175.982226,1207.0,-5.8571845778970624e-09,1227.0,ASK
1269,1712608374.462448,20352180.94500515,1209.0,1.8757079474842703e-10,1227.0,BID
1270,1712608380.6260114,20352180.94500515,1209.0,0.0,1227.0,BID
1271,1712608410.642551,20352180.94500515,1209.0,0.0,1227.0,BID
1272,1712608413.9022243,20352261.39864753,1208.0,3.040453739974201e-09,1227.0,BID
1273,1712608421.6123989,20352269.67679322,1208.0,3.1284250518266456e-10,1227.0,BID
1274,1712608423.6130507,20352274.63957237,1207.0,-1.8755024606996848e-10,1227.0,ASK
1275,1712608430.282552,20352910.44495316,1208.0,2.4027959340774823e-08,1227.0,BID
1276,1712608440.6673784,20352910.44495316,1208.0,0.0,1227.0,BID
1277,1712608441.8422916,20352915.41184057,1208.0,1.8769925197747147e-10,1227.0,BID
1278,1712608458.6923478,20355066.17262025,1208.0,8.127749959799364e-08,1227.0,BID
1279,1712608458.701988,20359447.985438,1208.0,1.655892151732537e-07,1227.0,BID
1280,1712608458.9323895,20359885.15863413,1208.0,-1.652082584373409e-08,1227.0,ASK
1281,1712608458.936252,20360760.12556272,1208.0,-3.306510182747303e-08,1227.0,ASK
1282,1712608458.9673836,20361198.56052095,1207.0,-1.6568507980047014e-08,1227.0,ASK
1283,1712608458.9690912,20361627.85548981,1208.0,-1.6223106720383952e-08,1227.0,ASK
1284,1712608458.9708352,20361636.30071205,1207.0,-3.1914592905730526e-10,1227.0,ASK
1285,1712608458.976787,20362076.64587317,1207.0,-1.6640694769085705e-08,1227.0,ASK
1286,1712608459.942242,20362536.35310258,1207.0,-1.7372389577900666e-08,1227.0,ASK
1287,1712608459.945151,20362903.91087317,1207.0,-1.3890050829305858e-08,1227.0,ASK
1288,1712608470.658109,20362903.91087317,1207.0,-0.0,1227.0,ASK
1289,1712608490.8436007,20362908.87776058,1207.0,-1.8761367358970567e-10,1227.0,ASK
1290,1712608500.705678,20362908.87776058,1207.0,-0.0,1227.0,ASK
1291,1712608506.0219493,20363157.42788485,1207.0,-9.40900332033774e-09,1227.0,ASK
1292,1712608509.6923542,20363161.56695769,1208.0,1.56686906520036e-10,1227.0,BID
1293,1712608510.9008706,20363166.5338451,1208.0,1.8802428796506608e-10,1227.0,BID
1294,1712608512.0420277,20363309.03499689,1207.0,-5.394460430377686e-09,1227.0,ASK
1295,1712608512.0455396,20366019.48142985,1207.0,-1.0260545860646133e-07,1227.0,ASK
1296,1712608513.041688,20366137.79980005,1207.0,-4.479007770965818e-09,1227.0,ASK
1297,1712608517.4376192,20366149.38680005,1207.0,-4.386323354490355e-10,1227.0,ASK
1298,1712608520.1823654,20366356.80365933,1207.0,-7.851880675587787e-09,1227.0,ASK
1299,1712608522.6718304,20368095.21425535,1208.0,6.580850087351509e-08,1227.0,BID
1300,1712608523.8622296,20368242.98183736,1207.0,-5.593824078056759e-09,1227.0,ASK
1301,1712608525.0120995,20368353.73861411,1207.0,-4.1927594414063455e-09,1227.0,ASK
1302,1712608529.1716669,20369063.73561411,1207.0,-2.6877331685472423e-08,1227.0,ASK
1303,1712608530.6618702,20369063.73561411,1207.0,-0.0,1227.0,ASK
1304,1712608530.8430362,20369697.68094908,1207.0,-2.3991604926414453e-08,1227.0,ASK
1305,1712608530.9219146,20370216.02595744,1207.0,-1.9616720827644548e-08,1227.0,ASK
1306,1712608530.9237337,20370333.97577505,1207.0,-4.463800377106365e-09,1227.0,ASK
1307,1712608531.8419497,20370423.53399389,1207.0,-3.389322841761988e-09,1227.0,ASK
1308,1712608531.8454616,20370453.21893515,1207.0,-1.123423966917462e-09,1227.0,ASK
1309,1712608531.8620453,20370619.7805398,1207.0,-6.303509142199841e-09,1227.0,ASK
1310,1712608531.944607,20370739.65140484,1207.0,-4.536502246440016e-09,1227.0,ASK
1311,1712608532.0417168,20370834.61054268,1207.0,-3.59372014207504e-09,1227.0,ASK
1312,1712608538.2618294,20370952.9926229,1207.0,-4.4801593170930965e-09,1227.0,ASK
1313,1712608541.1425245,20371071.9566229,1207.0,-4.502182019439511e-09,1227.0,ASK
1314,1712608546.0921328,20371784.0268108,1207.0,-2.6948233050350453e-08,1227.0,ASK
1315,1712608547.681879,20372962.32079001,1207.0,-4.4592431045711326e-08,1227.0,ASK
1316,1712608550.411728,20373175.23379001,1207.0,-8.057673584588224e-09,1227.0,ASK
1317,1712608550.5521305,20373527.7839881,1208.0,1.3342230950679641e-08,1227.0,BID
1318,1712608550.555579,20375255.4817455,1208.0,6.538456826045754e-08,1227.0,BID
1319,1712608551.8516626,20375431.49011711,1207.0,-6.661021199259748e-09,1227.0,ASK
1320,1712608552.313378,20375524.43711711,1207.0,-3.5175709640842155e-09,1227.0,ASK
1321,1712608554.641637,20376013.41411711,1207.0,-1.8505291158259192e-08,1227.0,ASK
1322,1712608555.4015815,20376262.08916811,1207.0,-9.411085230117846e-09,1227.0,ASK
1323,1712608555.4523163,20376512.21279345,1207.0,-9.46590639749406e-09,1227.0,ASK
1324,1712608556.1120028,20376517.91213064,1207.0,-2.1569090995344126e-10,1227.0,ASK
1325,1712608556.116468,20376536.19027633,1207.0,-6.917348010620467e-10,1227.0,ASK
1326,1712608556.120388,20377340.24779345,1207.0,-3.042948535901781e-08,1227.0,ASK
1327,1712608556.3733494,20377957.47915744,1207.0,-2.3359066178323506e-08,1227.0,ASK
1328,1712608556.5515878,20378499.21660204,1207.0,-2.0502005500587173e-08,1227.0,ASK
1329,1712608556.739651,20378738.99798461,1207.0,-9.074505137952012e-09,1227.0,ASK
1330,1712608557.1515222,20379218.58266448,1207.0,-1.8149839636698287e-08,1227.0,ASK
1331,1712608557.6316848,20379319.90777191,1207.0,-3.834639696131014e-09,1227.0,ASK
1332,1712608557.7714863,20380147.85777191,1207.0,-3.1333694252544954e-08,1227.0,ASK
1333,1712608558.221779,20380152.82465932,1207.0,-1.8797141314665424e-10,1227.0,ASK
1334,1712608560.991683,20380152.82465932,1207.0,-0.0,1227.0,ASK
1335,1712608570.2216585,20380157.79154673,1208.0,1.8787623207059247e-10,1227.0,BID
1336,1712608570.2613986,20380794.72554673,1207.0,-2.4092505062416763e-08,1227.0,ASK
1337,1712608572.2319431,20381059.88840833,1207.0,-1.0029983617567611e-08,1227.0,ASK
1338,1712608574.532105,20381155.9178897,1207.0,-3.632386975803976e-09,1227.0,ASK
1339,1712608581.9216328,20381243.7778897,1207.0,-3.323370231088914e-09,1227.0,ASK
1340,1712608581.9621048,20381427.71510812,1207.0,-6.9575628965532e-09,1227.0,ASK
1341,1712608581.981484,20381612.03274158,1207.0,-6.971952380080691e-09,1227.0,ASK
1342,1712608582.0616622,20381721.53155381,1207.0,-4.141874492397737e-09,1227.0,ASK
1343,1712608584.5516083,20381821.06055381,1207.0,-3.764758886204187e-09,1227.0,ASK
1344,1712608584.791541,20382094.20844596,1207.0,-1.0332023371877868e-08,1227.0,ASK
1345,1712608586.711909,20382578.06298297,1207.0,-1.8302159850761363e-08,1227.0,ASK
1346,1712608586.9018176,20382953.62698297,1207.0,-1.4205989272420516e-08,1227.0,ASK
1347,1712608590.981602,20382953.62698297,1207.0,-0.0,1227.0,ASK
1348,1712608593.1443458,20383137.56218008,1207.0,-6.956596880085055e-09,1227.0,ASK
1349,1712608593.15614,20383285.14697933,1207.0,-5.581791686018954e-09,1227.0,ASK
1350,1712608593.5419254,20383423.36891496,1207.0,-5.227679646361495e-09,1227.0,ASK
1351,1712608593.5455954,20383469.46243816,1207.0,-1.743299078694697e-09,1227.0,ASK
1352,1712608593.62299,20383949.19586862,1207.0,-1.8143955795438363e-08,1227.0,ASK
1353,1712608594.4920473,20383996.03610634,1207.0,-1.771540502935349e-09,1227.0,ASK
1354,1712608594.4942992,20384211.67223312,1207.0,-8.15555494730843e-09,1227.0,ASK
1355,1712608596.5516834,20384395.27847015,1207.0,-6.944155309901355e-09,1227.0,ASK
1356,1712608596.651645,20385084.06620367,1207.0,-2.6050580167818447e-08,1227.0,ASK
1357,1712608599.0616546,20385594.75555057,1207.0,-1.9314736783104452e-08,1227.0,ASK
1358,1712608599.1691346,20385974.847995,1207.0,-1.4375442844003516e-08,1227.0,ASK
1359,1712608599.6918423,20386170.62453688,1207.0,-7.404447336936852e-09,1227.0,ASK
1360,1712608599.741834,20386290.5861903,1207.0,-4.537059121962024e-09,1227.0,ASK
1361,1712608599.746383,20386406.72348864,1207.0,-4.392418525627989e-09,1227.0,ASK
1362,1712608600.8614876,20386753.26548864,1207.0,-1.3106534441892589e-08,1227.0,ASK
1363,1712608603.211773,20386837.17948864,1207.0,-3.1737039988495423e-09,1227.0,ASK
1364,1712608605.221668,20386954.15848864,1207.0,-4.424252449803937e-09,1227.0,ASK
1365,1712608607.7747808,20387114.81748864,1207.0,-6.076269880498408e-09,1227.0,ASK
1366,1712608619.8921084,20387114.84820628,1207.0,-1.1617691975303805e-12,1227.0,ASK
1367,1712608619.8969843,20387138.29674739,1206.0,-8.86845206790052e-10,1227.0,ASK
1368,1712608619.9019156,20387555.62438047,1206.0,-1.5783711632397275e-08,1227.0,ASK
1369,1712608620.6157985,20387555.62438047,1206.0,-0.0,1227.0,ASK
1370,1712608625.0921562,20387560.59126788,1206.0,-1.8781275838146768e-10,1227.0,ASK
1371,1712608637.371483,20387565.56227036,1207.0,1.8796836129726067e-10,1227.0,BID
1372,1712608650.344625,20388552.54447492,1207.0,-3.7320727244876824e-08,1227.0,ASK
1373,1712608650.6172886,20388552.54447492,1207.0,-0.0,1227.0,ASK
1374,1712608650.6292267,20388675.17693653,1207.0,-4.636886461023179e-09,1227.0,ASK
1375,1712608653.411215,20388758.09493653,1208.0,-3.135233090247572e-09,1227.0,ASK
1376,1712608654.7016602,20388758.09567616,1208.0,-2.7966345399520245e-14,1227.0,ASK
1377,1712608654.7064474,20389251.58603881,1207.0,-1.865948665747832e-08,1227.0,ASK
1378,1712608681.0215032,20389251.58603881,1207.0,-0.0,1227.0,ASK
1379,1712608682.3714776,20389368.66603881,1208.0,-4.426799714202448e-09,1227.0,ASK
1380,1712608683.4775634,20389667.27146927,1208.0,-1.1290283858795321e-08,1227.0,ASK
1381,1712608688.5316932,20390248.51946927,1208.0,-2.19770112763642e-08,1227.0,ASK
1382,1712608688.5524464,20390248.51981364,1208.0,-1.3020627535771996e-14,1227.0,ASK
1383,1712608688.5630553,20390396.01367238,1207.0,-5.5767489897621935e-09,1227.0,ASK
1384,1712608688.611459,20390541.76901082,1207.0,-5.511015464037437e-09,1227.0,ASK
1385,1712608693.851758,20390804.31101082,1208.0,-9.926724039497805e-09,1227.0,ASK
1386,1712608694.672099,20390809.2820133,1208.0,-1.8795381248473038e-10,1227.0,ASK
1387,1712608695.8616982,20391123.0170133,1208.0,-1.186233351819002e-08,1227.0,ASK
1388,1712608696.0418503,20391123.01735519,1208.0,-1.2926819182997534e-14,1227.0,ASK
1389,1712608700.7858274,20391219.1041106,1207.0,-3.633044255038164e-09,1227.0,ASK
1390,1712608706.4866023,20391224.06688975,1209.0,1.8764288807994046e-10,1227.0,BID
1391,1712608706.7438054,20391436.65298246,1208.0,-8.037889087992593e-09,1227.0,ASK
1392,1712608708.3820963,20391638.05056244,1208.0,-7.614850952293412e-09,1227.0,ASK
1393,1712608711.0017807,20391638.05056244,1208.0,-0.0,1227.0,ASK
1394,1712608735.5625918,20391889.9361488,1208.0,-9.522766743121065e-09,1227.0,ASK
1395,1712608735.742099,20392196.2731488,1208.0,-1.1581352621129982e-08,1227.0,ASK
1396,1712608735.8946724,20392315.32428442,1208.0,-4.500837905755103e-09,1227.0,ASK
1397,1712608737.663087,20392489.11328442,1208.0,-6.570253317995702e-09,1227.0,ASK
1398,1712608740.6229775,20392489.11328442,1208.0,-0.0,1227.0,ASK
1399,1712608743.1226852,20392867.26229104,1208.0,-1.429571607607673e-08,1227.0,ASK
1400,1712608743.1277752,20393132.19956906,1208.0,-1.0015808684548912e-08,1227.0,ASK
1401,1712608743.2823966,20393316.92785395,1208.0,6.983551631096658e-09,1227.0,BID
1402,1712608761.7136445,20393321.8906331,1207.0,-1.8761514753777435e-10,1227.0,ASK
1403,1712608770.6255329,20393321.8906331,1207.0,-0.0,1227.0,ASK
1404,1712608780.8451028,20393326.84931078,1210.0,1.8745296484177719e-10,1227.0,BID
1405,1712608800.7374568,20393326.84931078,1210.0,0.0,1227.0,BID
1406,1712608812.6129282,20393330.98154218,1210.0,1.5623729378897206e-10,1227.0,BID
1407,1712608816.722834,20393335.11377358,1210.0,1.5623729378897206e-10,1227.0,BID
1408,1712608817.7828882,20393376.43608762,1210.0,1.562372939579933e-09,1227.0,BID
1409,1712608819.4928286,20393515.09508762,1209.0,-5.242617081616148e-09,1227.0,ASK
1410,1712608826.133444,20393520.0537653,1209.0,-1.8748475254676647e-10,1227.0,ASK
1411,1712608830.6379075,20393520.0537653,1209.0,-0.0,1227.0,ASK
1412,1712608845.7032423,20393525.01244298,1210.0,1.8748309640384308e-10,1227.0,BID
1413,1712608860.9814448,20393525.01244298,1210.0,0.0,1227.0,BID
1414,1712608874.3040104,20393625.01244298,1210.0,3.780908258165201e-09,1227.0,BID
1415,1712608885.62383,20393951.08591078,1210.0,1.2328538671680313e-08,1227.0,BID
1416,1712608885.6292615,20394451.45872397,1210.0,1.8918637015562072e-08,1227.0,BID
1417,1712608890.9739065,20394451.45872397,1210.0,0.0,1227.0,BID
1418,1712608891.1254592,20395210.47199671,1210.0,2.8696379242785546e-08,1227.0,BID
1419,1712608891.1636865,20395502.20469962,1210.0,1.1029678374441784e-08,1227.0,BID
1420,1712608891.1676154,20396261.21797236,1210.0,2.8696379242785546e-08,1227.0,BID
1421,1712608891.2032022,20396808.286248,1210.0,2.068327297193573e-08,1227.0,BID
1422,1712608891.2234354,20397024.62661982,1210.0,8.179284313292731e-09,1227.0,BID
1423,1712608891.2284734,20398803.1289389,1210.0,6.724069112549978e-08,1227.0,BID
1424,1712608891.503368,20398904.22707598,1210.0,-3.822265810890505e-09,1227.0,ASK
1425,1712608891.523147,20399077.21707598,1210.0,-6.540315991246397e-09,1227.0,ASK
1426,1712608891.8233638,20399212.19444186,1210.0,-5.10315408112693e-09,1227.0,ASK
1427,1712608892.2633388,20399306.6275197,1210.0,-3.570276716025097e-09,1227.0,ASK
1428,1712608892.403308,20399502.257819,1210.0,-7.396288657543135e-09,1227.0,ASK
1429,1712608892.507818,20399715.52553014,1210.0,-8.063114755593081e-09,1227.0,ASK
1430,1712608896.1034207,20399720.48420782,1210.0,-1.8747510793093967e-10,1227.0,ASK
1431,1712608916.039454,20399725.43470286,1212.0,1.871657428892666e-10,1227.0,BID
1432,1712608920.6635687,20399725.43470286,1212.0,0.0,1227.0,BID
1433,1712608950.65369,20399725.43470286,1212.0,0.0,1227.0,BID
1434,1712608959.3950095,20399730.3851979,1210.0,-1.871205965892925e-10,1227.0,ASK
1435,1712608963.6579435,20400007.31900038,1210.0,-1.0467643719822308e-08,1227.0,ASK
1436,1712608963.6625583,20400113.54583096,1210.0,-4.015200044486186e-09,1227.0,ASK
1437,1712608968.2741244,20400119.29418079,1212.0,2.1727819957059187e-10,1227.0,BID
1438,1712608981.003761,20400119.29418079,1212.0,0.0,1227.0,BID
1439,1712608998.7641776,20401019.29418079,1212.0,3.4017911713550245e-08,1227.0,BID
1440,1712609003.3542418,20401036.59318079,1211.0,-6.538620607656798e-10,1227.0,ASK
1441,1712609003.8839805,20401041.54367583,1212.0,1.8711722571914247e-10,1227.0,BID
1442,1712609010.90445,20401692.80124065,1211.0,-2.4616024825378187e-08,1227.0,ASK
1443,1712609011.0053363,20401692.80124065,1211.0,-0.0,1227.0,ASK
1444,1712609040.6791618,20401692.80124065,1211.0,-0.0,1227.0,ASK
1445,1712609058.524787,20401802.87902616,1211.0,-4.160385086408319e-09,1227.0,ASK
1446,1712609058.6442862,20401944.13904191,1211.0,-5.338916113866467e-09,1227.0,ASK
1447,1712609058.9441695,20401944.13904192,1211.0,-2.81594367626052e-19,1227.0,ASK
1448,1712609058.9542224,20402361.35780547,1211.0,-1.5768764910989333e-08,1227.0,ASK
1449,1712609059.3344114,20402366.30830051,1210.0,-1.8710374347701487e-10,1227.0,ASK
1450,1712609070.664626,20402366.30830051,1210.0,-0.0,1227.0,ASK
1451,1712609077.8943074,20402371.25879555,1212.0,1.870979758496004e-10,1227.0,BID
1452,1712609098.0047505,20404410.2373434,1211.0,7.706072951526266e-08,1227.0,BID
1453,1712609100.6780462,20404410.2373434,1211.0,0.0,1227.0,BID
