,time,acc_trade_volume,trade_price,dev,high,ask_bid
0,1712601588.469365,6789328.84106087,2397.0,0.0,2421.0,BID
1,1712601600.590206,6789328.84106087,2397.0,0.0,2421.0,BID
2,1712601620.4110997,6789331.34418978,2394.0,-1.4589255840777816e-10,2421.0,ASK
3,1712601630.59993,6789331.34418978,2394.0,-0.0,2421.0,ASK
4,1712601639.3798337,6789333.84627485,2398.0,1.4583166825868498e-10,2421.0,BID
5,1712601660.9294407,6789333.84627485,2398.0,0.0,2421.0,BID
6,1712601686.399359,6789336.34835992,2396.0,-1.4583161726073544e-10,2421.0,ASK
7,1712601690.9671474,6789336.34835992,2396.0,-0.0,2421.0,ASK
8,1712601706.1800456,6789338.84835992,2400.0,1.457100400447471e-10,2421.0,BID
9,1712601718.0125496,6789345.41335992,2396.0,-3.8263456512710837e-10,2421.0,ASK
10,1712601720.5795617,6789345.41335992,2396.0,-0.0,2421.0,ASK
11,1712601736.951574,6789395.49335992,2397.0,-2.918859825454922e-09,2421.0,ASK
12,1712601741.2591605,6789573.58135992,2397.0,-1.0379670698805298e-08,2421.0,ASK
13,1712601743.1888535,6789658.71635992,2397.0,-4.962003419310756e-09,2421.0,ASK
14,1712601750.5812693,6789658.71635992,2397.0,-0.0,2421.0,ASK
15,1712601757.5192523,6789661.21635992,2397.0,-1.4570347798965968e-10,2421.0,ASK
16,1712601775.6690564,6789785.55635992,2397.0,-7.246708181285028e-09,2421.0,ASK
17,1712601775.808802,6789849.70376444,2397.0,-3.738599977020184e-09,2421.0,ASK
18,1712601776.8093808,6789852.20480654,2399.0,1.4576421306244608e-10,2421.0,BID
19,1712601780.9306417,6789852.20480654,2399.0,0.0,2421.0,BID
20,1712601810.9489822,6789852.20480654,2399.0,0.0,2421.0,BID
21,1712601823.2688196,6790086.63134327,2399.0,1.3662335391020238e-08,2421.0,BID
22,1712601827.6288347,6790089.13238537,2396.0,-1.4576027305684578e-10,2421.0,ASK
23,1712601840.572616,6790089.13238537,2396.0,-0.0,2421.0,ASK
24,1712601845.28874,6790091.63342747,2399.0,1.4575544482660792e-10,2421.0,BID
25,1712601855.8921103,6790699.23530728,2399.0,3.540975271103493e-08,2421.0,BID
26,1712601855.8938456,6791346.55117825,2400.0,3.772420013605191e-08,2421.0,BID
27,1712601870.6088097,6791346.55117825,2400.0,0.0,2421.0,BID
28,1712601885.568516,6791349.05222035,2398.0,-1.4572982031517264e-10,2421.0,ASK
29,1712601900.628926,6791349.05222035,2398.0,-0.0,2421.0,ASK
30,1712601908.888793,6791351.55117911,2401.0,1.4560944704642512e-10,2421.0,BID
31,1712601930.6150613,6791351.55117911,2401.0,0.0,2421.0,BID
32,1712601956.8283365,6791354.05013787,2398.0,-1.4560939614017422e-10,2421.0,ASK
33,1712601957.1083205,6792627.38183787,2398.0,-7.419452569417523e-08,2421.0,ASK
34,1712601960.918358,6792627.38183787,2398.0,-0.0,2421.0,ASK
35,1712601974.8083842,6792629.88079663,2401.0,1.4558344332273546e-10,2421.0,BID
36,1712601985.9384148,6792646.54746329,2400.0,9.709606897229552e-10,2421.0,BID
37,1712601990.9382029,6792646.54746329,2400.0,0.0,2421.0,BID
38,1712602014.0982845,6792806.61146329,2397.0,-9.3249261244055e-09,2421.0,ASK
39,1712602015.8185787,6794289.49539329,2397.0,-8.638908872939421e-08,2421.0,ASK
40,1712602020.6476042,6794289.49539329,2397.0,-0.0,2421.0,ASK
41,1712602021.4600725,6797128.47462653,2397.0,-1.6535385434610585e-07,2421.0,ASK
42,1712602022.2500775,6797130.97358529,2395.0,-1.455496602335789e-10,2421.0,ASK
43,1712602039.1282036,6797133.47567036,2398.0,1.4573174942706512e-10,2421.0,BID
44,1712602050.5490017,6797133.47567036,2398.0,0.0,2421.0,BID
45,1712602080.930128,6797133.47567036,2398.0,0.0,2421.0,BID
46,1712602091.1279469,6797135.97775543,2394.0,-1.4567390941996022e-10,2421.0,ASK
47,1712602108.7579668,6797138.48192905,2396.0,1.4579550687527717e-10,2421.0,BID
48,1712602109.7777095,6797163.54458569,2396.0,1.4591730780066435e-09,2421.0,BID
49,1712602110.9379363,6797163.54458569,2396.0,0.0,2421.0,BID
50,1712602139.6077654,6797205.76058569,2394.0,-2.457847672706972e-09,2421.0,ASK
51,1712602140.5884693,6797205.76058569,2394.0,-0.0,2421.0,ASK
52,1712602144.8324957,6797263.56037408,2394.0,-3.365127901064698e-09,2421.0,ASK
53,1712602145.687746,6797329.25622675,2394.0,-3.8248400722661964e-09,2421.0,ASK
54,1712602146.5779774,6797364.90167723,2394.0,-2.075293064176285e-09,2421.0,ASK
55,1712602146.5798464,6797542.86632675,2394.0,-1.0361176471075189e-08,2421.0,ASK
56,1712602146.9274611,6797879.26220106,2394.0,-1.958510876887057e-08,2421.0,ASK
57,1712602147.403827,6798274.95520106,2394.0,-2.303741227501921e-08,2421.0,ASK
58,1712602148.6675549,6802342.75955795,2394.0,-2.368292742702504e-07,2421.0,ASK
59,1712602148.6777503,6803766.10760872,2394.0,-8.286791996932605e-08,2421.0,ASK
60,1712602148.687444,6803974.96308073,2394.0,-1.2159653101271378e-08,2421.0,ASK
61,1712602158.5180118,6803977.46725435,2392.0,-1.4579403751047016e-10,2421.0,ASK
62,1712602170.5988069,6803977.46725435,2392.0,-0.0,2421.0,ASK
63,1712602192.14768,6803979.97561555,2392.0,-1.4590013408800883e-10,2421.0,ASK
64,1712602200.6682248,6803979.97561555,2392.0,-0.0,2421.0,ASK
65,1712602230.607942,6803979.97561555,2392.0,-0.0,2421.0,ASK
66,1712602245.6177971,6803982.48188121,2394.0,1.4579030492391878e-10,2421.0,BID
67,1712602260.6416986,6803982.48188121,2394.0,0.0,2421.0,BID
68,1712602290.158883,6803984.98814687,2390.0,-1.4579025409408955e-10,2421.0,ASK
69,1712602290.6173792,6803984.98814687,2390.0,-0.0,2421.0,ASK
70,1712602307.8392656,6804124.00627092,2391.0,-8.086724757199873e-09,2421.0,ASK
71,1712602320.907414,6804124.00627092,2391.0,-0.0,2421.0,ASK
72,1712602346.137545,6805517.80659092,2394.0,8.107620284318438e-08,2421.0,BID
73,1712602346.1397812,6806118.8885384,2394.0,3.4964435866396085e-08,2421.0,BID
74,1712602346.1972702,6806257.3076384,2394.0,-8.051723670870088e-09,2421.0,ASK
75,1712602348.1871836,6806259.8128576,2395.0,1.4572651267652918e-10,2421.0,BID
76,1712602348.206946,6806345.8248576,2394.0,-5.0032463466176355e-09,2421.0,ASK
77,1712602350.8033228,6806352.2588576,2394.0,-3.7426041710328936e-10,2421.0,ASK
78,1712602350.9668615,6806352.2588576,2394.0,-0.0,2421.0,ASK
79,1712602351.4574451,6806380.3668576,2394.0,-1.634511742402215e-09,2421.0,ASK
80,1712602353.6501672,6806448.7558576,2394.0,-3.976897095143714e-09,2421.0,ASK
81,1712602355.546998,6806542.81065112,2394.0,-5.4693917901469455e-09,2421.0,ASK
82,1712602358.0990837,6806677.37274107,2394.0,-7.824936534265993e-09,2421.0,ASK
83,1712602358.2167993,6806769.12834544,2394.0,-5.3356913609915295e-09,2421.0,ASK
84,1712602369.270269,6808228.74219822,2394.0,-8.48781834972864e-08,2421.0,ASK
85,1712602371.3068388,6808474.08819822,2394.0,-1.4267145223820594e-08,2421.0,ASK
86,1712602373.517409,6808626.51149012,2394.0,-8.863585471213932e-09,2421.0,ASK
87,1712602373.5269926,6808778.82846263,2394.0,-8.857402879415666e-09,2421.0,ASK
88,1712602373.5405033,6810204.17313736,2394.0,-8.288539233731088e-08,2421.0,ASK
89,1712602374.787079,6810280.20213736,2394.0,-4.421171668678788e-09,2421.0,ASK
90,1712602376.5573878,6810819.38635648,2394.0,-3.135416740676997e-08,2421.0,ASK
91,1712602377.6176157,6811968.32794926,2394.0,-6.681224294622959e-08,2421.0,ASK
92,1712602377.7368116,6811988.53494926,2394.0,-1.1750597259800827e-09,2421.0,ASK
93,1712602380.5811272,6811988.53494926,2394.0,-0.0,2421.0,ASK
94,1712602394.147355,6811991.04016846,2394.0,-1.4556708900943008e-10,2421.0,ASK
95,1712602410.5769997,6811991.04016846,2394.0,-0.0,2421.0,ASK
96,1712602440.907362,6811991.04016846,2394.0,-0.0,2421.0,ASK
97,1712602448.5067656,6811993.54538766,2395.0,1.4556703822700566e-10,2421.0,BID
98,1712602470.937328,6811993.54538766,2395.0,0.0,2421.0,BID
99,1712602484.016886,6812411.0819221,2395.0,2.426116464683717e-08,2421.0,BID
100,1712602500.6189394,6812411.0819221,2395.0,0.0,2421.0,BID
101,1712602502.118287,6812413.5871413,2394.0,-1.45567201736389e-10,2421.0,ASK
102,1712602507.157254,6812626.57418674,2394.0,-1.2375734712036418e-08,2421.0,ASK
103,1712602507.1774087,6813091.9380818,2394.0,-2.7040236639262054e-08,2421.0,ASK
104,1712602507.257534,6819173.93042815,2394.0,-3.533976615492226e-07,2421.0,ASK
105,1712602507.3370135,6819848.44165923,2394.0,-3.9192862828132686e-08,2421.0,ASK
106,1712602507.6967125,6821242.48219923,2394.0,-8.100152694809168e-08,2421.0,ASK
107,1712602509.466539,6825242.48219923,2394.0,-2.324222994205522e-07,2421.0,ASK
108,1712602511.6665986,6826414.41695482,2394.0,-6.80959426662618e-08,2421.0,ASK
109,1712602512.3230643,6826555.32125482,2394.0,-8.187325351036844e-09,2421.0,ASK
110,1712602512.9967394,6827949.77371482,2394.0,-8.102546179647833e-08,2421.0,ASK
111,1712602521.386919,6827952.27893402,2395.0,1.45567201736389e-10,2421.0,BID
112,1712602524.7171493,6828121.74012771,2394.0,-9.846640074999784e-09,2421.0,ASK
113,1712602529.0978603,6828446.67422771,2394.0,-1.8880482670547825e-08,2421.0,ASK
114,1712602530.5922508,6828446.67422771,2394.0,-0.0,2421.0,ASK
115,1712602535.0773468,6830584.75582771,2394.0,-1.239579564728463e-07,2421.0,ASK
116,1712602547.466185,6832084.75582771,2394.0,-8.696437718245005e-08,2421.0,ASK
117,1712602547.5778186,6832576.38342771,2394.0,-2.8502725359815697e-08,2421.0,ASK
118,1712602548.3876584,6842721.69860498,2394.0,-5.881873438072539e-07,2421.0,ASK
119,1712602560.927973,6842721.69860498,2394.0,-0.0,2421.0,ASK
120,1712602567.8284032,6842724.20382418,2390.0,-1.4495601637684538e-10,2421.0,ASK
121,1712602585.0887778,6842726.71008984,2394.0,1.450165661904205e-10,2421.0,BID
122,1712602590.9289608,6842726.71008984,2394.0,0.0,2421.0,BID
123,1712602612.4894948,6843325.28577166,2394.0,3.4634528640059256e-08,2421.0,BID
124,1712602612.4918897,6843353.27650588,2394.0,1.6195878239968155e-09,2421.0,BID
125,1712602620.6316342,6843353.27650588,2394.0,0.0,2421.0,BID
126,1712602630.9600036,6843439.96151413,2394.0,5.0152953728289594e-09,2421.0,BID
127,1712602630.9624188,6843529.96151413,2394.0,5.2070893533506145e-09,2421.0,BID
128,1712602637.660192,6843532.46777979,2394.0,-1.4500388037665644e-10,2421.0,ASK
129,1712602650.6004937,6843532.46777979,2394.0,-0.0,2421.0,ASK
130,1712602656.3205538,6843534.97195341,2396.0,1.4487924632031968e-10,2421.0,BID
131,1712602659.2929478,6843546.70356673,2396.0,6.787338076776191e-10,2421.0,BID
132,1712602680.924778,6843546.70356673,2396.0,0.0,2421.0,BID
133,1712602705.5415726,6843549.20774035,2392.0,-1.4487896041952914e-10,2421.0,ASK
134,1712602710.9114633,6843549.20774035,2392.0,-0.0,2421.0,ASK
135,1712602723.7318065,6843551.71191397,2396.0,1.448789102655559e-10,2421.0,BID
136,1712602740.5857136,6843551.71191397,2396.0,0.0,2421.0,BID
137,1712602767.7827947,6843554.21608759,2392.0,-1.448788599198946e-10,2421.0,ASK
138,1712602770.6146684,6843554.21608759,2392.0,-0.0,2421.0,ASK
139,1712602789.2833326,6843556.72026121,2396.0,1.4487880971210935e-10,2421.0,BID
140,1712602800.7150283,6843556.72026121,2396.0,0.0,2421.0,BID
141,1712602830.6138318,6843556.72026121,2396.0,0.0,2421.0,BID
142,1712602838.074071,6843559.22443483,2393.0,-1.4503404925794774e-10,2421.0,ASK
143,1712602857.2397838,6843561.72965403,2395.0,1.4509460598935728e-10,2421.0,BID
144,1712602857.854166,6843573.58368418,2393.0,-6.8654903898557e-10,2421.0,ASK
145,1712602860.9245453,6843573.58368418,2393.0,-0.0,2421.0,ASK
146,1712602890.924997,6843573.58368418,2393.0,-0.0,2421.0,ASK
147,1712602908.5292156,6843608.58368418,2394.0,-2.027087825218527e-09,2421.0,ASK
148,1712602908.625002,6843611.08890338,2394.0,-1.4509426683442328e-10,2421.0,ASK
149,1712602920.5870154,6843611.08890338,2394.0,-0.0,2421.0,ASK
150,1712602950.636099,6843611.08890338,2394.0,-0.0,2421.0,ASK
151,1712602962.67582,6844942.01769041,2395.0,-7.708272888043169e-08,2421.0,ASK
152,1712602965.0260978,6844944.52186403,2396.0,1.4503295598967688e-10,2421.0,BID
153,1712602972.5034428,6848427.01386403,2396.0,2.0169372642640689e-07,2421.0,BID
154,1712602973.5193925,6849927.01386403,2396.0,8.687474074299738e-08,2421.0,BID
155,1712602979.2462544,6851427.01386403,2396.0,8.687474074299738e-08,2421.0,BID
156,1712602980.9262946,6851427.01386403,2396.0,0.0,2421.0,BID
157,1712603010.9362338,6851427.01386403,2396.0,0.0,2421.0,BID
158,1712603016.1370912,6851429.51803765,2394.0,-1.4487583487823824e-10,2421.0,ASK
159,1712603035.0770812,6851432.02221127,2396.0,1.4487583493211874e-10,2421.0,BID
160,1712603040.598758,6851432.02221127,2396.0,0.0,2421.0,BID
161,1712603070.688826,6851432.02221127,2396.0,0.0,2421.0,BID
162,1712603088.1174822,6851434.52638489,2394.0,-1.4487573434096188e-10,2421.0,ASK
163,1712603089.6375575,6851476.54132722,2394.0,-2.430720288552619e-09,2421.0,ASK
164,1712603089.6388094,6852687.61054515,2394.0,-7.006484730408706e-08,2421.0,ASK
165,1712603100.9245942,6852687.61054515,2394.0,-0.0,2421.0,ASK
166,1712603105.8374815,6852690.11471877,2396.0,1.4499797542868035e-10,2421.0,BID
167,1712603130.918043,6852690.11471877,2396.0,0.0,2421.0,BID
168,1712603134.957692,6852692.61889239,2396.0,1.4499792510813052e-10,2421.0,BID
169,1712603152.6579812,6852695.12306601,2394.0,-1.4499792505420458e-10,2421.0,ASK
170,1712603160.61316,6852695.12306601,2394.0,-0.0,2421.0,ASK
171,1712603172.658419,6852697.62723963,2396.0,1.4499782434740679e-10,2421.0,BID
172,1712603190.5801277,6852697.62723963,2396.0,0.0,2421.0,BID
173,1712603220.9293072,6852697.62723963,2396.0,0.0,2421.0,BID
174,1712603221.0484424,6852700.13141325,2394.0,-1.4499777402696189e-10,2421.0,ASK
175,1712603227.558722,6852818.01329972,2396.0,6.825649386141831e-09,2421.0,BID
176,1712603243.5297196,6852820.51747334,2396.0,1.4499777397303604e-10,2421.0,BID
177,1712603249.50906,6852991.87089361,2393.0,-9.921781903052274e-09,2421.0,ASK
178,1712603249.5113635,6852998.83537334,2393.0,-4.032604009021108e-10,2421.0,ASK
179,1712603250.958884,6852998.83537334,2393.0,-0.0,2421.0,ASK
180,1712603261.1405745,6853057.73037334,2394.0,-3.410022076426404e-09,2421.0,ASK
181,1712603280.592097,6853057.73037334,2394.0,-0.0,2421.0,ASK
182,1712603285.8694804,6853057.79589965,2394.0,-3.79394415126221e-12,2421.0,ASK
183,1712603290.1696248,6853060.30007327,2393.0,-1.4499053596497682e-10,2421.0,ASK
184,1712603300.0093637,6853089.76561211,2394.0,1.706041560105284e-09,2421.0,BID
185,1712603309.1994066,6853119.20202172,2394.0,1.704354990706804e-09,2421.0,BID
186,1712603310.202887,6853121.70828738,2394.0,1.451116641564658e-10,2421.0,BID
187,1712603310.5697205,6853121.70828738,2394.0,0.0,2421.0,BID
188,1712603312.909187,6853306.39065865,2394.0,1.0692932122241413e-08,2421.0,BID
189,1712603318.4099174,6853373.70231674,2394.0,-3.897280428242728e-09,2421.0,ASK
190,1712603340.9413338,6853373.70231674,2394.0,-0.0,2421.0,ASK
191,1712603358.7698023,6853376.2085824,2394.0,-1.4510530900265275e-10,2421.0,ASK
192,1712603370.939477,6853376.2085824,2394.0,-0.0,2421.0,ASK
193,1712603376.129929,6853622.3646941,2394.0,-1.4251699970389041e-08,2421.0,ASK
194,1712603380.2095685,6853624.86886772,2396.0,1.4498413569719258e-10,2421.0,BID
195,1712603400.6238232,6853624.86886772,2396.0,0.0,2421.0,BID
196,1712603424.8899891,6853627.37304134,2394.0,-1.4508717144299574e-10,2421.0,ASK
197,1712603430.6129098,6853627.37304134,2394.0,-0.0,2421.0,ASK
198,1712603460.9101477,6853627.37304134,2394.0,-0.0,2421.0,ASK
199,1712603475.240317,6853629.87721496,2396.0,1.4508712099466634e-10,2421.0,BID
200,1712603490.9404562,6853629.87721496,2396.0,0.0,2421.0,BID
201,1712603520.595466,6853629.87721496,2396.0,0.0,2421.0,BID
202,1712603522.430748,6853632.38138858,2394.0,-1.450870706121896e-10,2421.0,ASK
203,1712603538.9808617,6853634.8855622,2396.0,1.4508707055823048e-10,2421.0,BID
204,1712603550.6211624,6853634.8855622,2396.0,0.0,2421.0,BID
205,1712603557.031186,6853640.92894579,2396.0,3.5014194106921924e-10,2421.0,BID
206,1712603557.0344973,6855134.8855622,2396.0,8.655695303096207e-08,2421.0,BID
207,1712603557.050632,6855137.71912603,2396.0,1.6417120057554869e-10,2421.0,BID
208,1712603557.0529938,6855208.45902248,2396.0,4.098532599405648e-09,2421.0,BID
209,1712603577.2406898,6855937.5007909,2396.0,-4.223926813774401e-08,2421.0,ASK
210,1712603580.6407833,6855937.5007909,2396.0,-0.0,2421.0,ASK
211,1712603592.271247,6855940.00496452,2396.0,-1.4504060782328327e-10,2421.0,ASK
212,1712603610.596872,6855940.00496452,2396.0,-0.0,2421.0,ASK
213,1712603640.4412785,6855942.50392328,2401.0,1.4473851514416642e-10,2421.0,BID
214,1712603640.9252896,6855942.50392328,2401.0,0.0,2421.0,BID
215,1712603670.940951,6855942.50392328,2401.0,0.0,2421.0,BID
216,1712603686.861569,6855945.00288204,2397.0,-1.44738464845064e-10,2421.0,ASK
217,1712603700.6637907,6855945.00288204,2397.0,-0.0,2421.0,ASK
218,1712603706.9719565,6855947.50288204,2400.0,1.450063888933514e-10,2421.0,BID
219,1712603726.8612783,6855954.67350704,2400.0,4.1591457495848047e-10,2421.0,BID
220,1712603730.5716145,6855954.67350704,2400.0,0.0,2421.0,BID
221,1712603743.7215683,6856738.80019369,2399.0,4.5481290478992726e-08,2421.0,BID
222,1712603751.6515238,6856741.30019369,2397.0,-1.4500619368451798e-10,2421.0,ASK
223,1712603752.1523626,6856747.45719369,2397.0,-3.5712125384037086e-10,2421.0,ASK
224,1712603757.892676,6857139.38219369,2396.0,-2.2732620983911083e-08,2421.0,ASK
225,1712603760.835955,6857292.44519369,2396.0,-8.878033209578104e-09,2421.0,ASK
226,1712603760.9350228,6857292.44519369,2396.0,-0.0,2421.0,ASK
227,1712603762.4115305,6857658.03919369,2396.0,-2.1201413176942243e-08,2421.0,ASK
228,1712603763.2116048,6857731.61265397,2396.0,-4.266649152487936e-09,2421.0,ASK
229,1712603770.7617085,6857802.27965397,2396.0,-4.098098614814403e-09,2421.0,ASK
230,1712603790.9542804,6857802.27965397,2396.0,-0.0,2421.0,ASK
231,1712603820.592211,6857802.27965397,2396.0,-0.0,2421.0,ASK
232,1712603824.6719377,6857865.78365397,2396.0,-3.6824432875416895e-09,2421.0,ASK
233,1712603846.5320437,6857868.28573904,2398.0,1.4508985845589059e-10,2421.0,BID
234,1712603850.6259637,6857868.28573904,2398.0,0.0,2421.0,BID
235,1712603880.962174,6857868.28573904,2398.0,0.0,2421.0,BID
236,1712603881.7719636,6857875.683749,2396.0,-4.2898876093525656e-10,2421.0,ASK
237,1712603881.7746549,6857875.70099338,2396.0,-9.99950694270932e-13,2421.0,ASK
238,1712603893.37251,6857878.20307845,2396.0,-1.4508852784035486e-10,2421.0,ASK
239,1712603910.9619682,6857878.20307845,2396.0,-0.0,2421.0,ASK
240,1712603916.0923932,6857880.70516352,2398.0,1.4508832792531456e-10,2421.0,BID
241,1712603940.592387,6857880.70516352,2398.0,0.0,2421.0,BID
242,1712603965.4821258,6857883.20724859,2396.0,-1.4508827744593844e-10,2421.0,ASK
243,1712603970.634035,6857883.20724859,2396.0,-0.0,2421.0,ASK
244,1712603984.4527802,6857885.70933366,2398.0,1.4508822700869858e-10,2421.0,BID
245,1712604000.633929,6857885.70933366,2398.0,0.0,2421.0,BID
246,1712604030.6132257,6857885.70933366,2398.0,0.0,2421.0,BID
247,1712604035.703848,6857887.33498438,2396.0,-9.445767777924384e-11,2421.0,ASK
248,1712604035.7069376,6857888.21141873,2396.0,-5.0924809652046606e-11,2421.0,ASK
249,1712604053.4825802,6857890.7135038,2398.0,1.4538248743129046e-10,2421.0,BID
250,1712604059.2944653,6858022.35311147,2396.0,-7.648858080812858e-09,2421.0,ASK
251,1712604059.2961748,6858046.3135038,2396.0,-1.392207434644474e-09,2421.0,ASK
252,1712604060.9616413,6858046.3135038,2396.0,-0.0,2421.0,ASK
253,1712604075.382525,6859737.66491021,2396.0,-9.827298825153197e-08,2421.0,ASK
254,1712604075.3845794,6860446.16317743,2395.0,-4.116604132458511e-08,2421.0,ASK
255,1712604075.5426965,6860472.25353636,2395.0,1.515934256448057e-09,2421.0,BID
256,1712604090.9548037,6860472.25353636,2395.0,0.0,2421.0,BID
257,1712604103.2624788,6860474.75562143,2394.0,-1.4533016096989754e-10,2421.0,ASK
258,1712604114.183307,6860474.75980202,2394.0,-2.4282378723564853e-13,2421.0,ASK
259,1712604114.187735,6860516.53089642,2394.0,-2.426216416639917e-09,2421.0,ASK
260,1712604114.1912882,6861190.26172348,2394.0,-3.91327260276436e-08,2421.0,ASK
261,1712604114.322538,6861731.03702847,2394.0,3.1410187871340415e-08,2421.0,BID
262,1712604120.145005,6861733.54120209,2396.0,1.4545147149025842e-10,2421.0,BID
263,1712604120.603692,6861733.54120209,2396.0,0.0,2421.0,BID
264,1712604150.5983915,6861733.54120209,2396.0,0.0,2421.0,BID
265,1712604165.1630297,6861736.04537571,2392.0,-1.4542596599655662e-10,2421.0,ASK
266,1712604180.9329731,6861736.04537571,2392.0,-0.0,2421.0,ASK
267,1712604181.2472572,6861736.74773209,2392.0,-4.0788233926197566e-11,2421.0,ASK
268,1712604181.2513294,6862471.78577925,2391.0,-4.2686169995993584e-08,2421.0,ASK
269,1712604186.3428433,6862474.28995287,2396.0,1.4542591540885608e-10,2421.0,BID
270,1712604192.784397,6862890.68952907,2392.0,-2.4181745645107912e-08,2421.0,ASK
271,1712604192.788068,6863487.83466885,2392.0,-3.467825787714181e-08,2421.0,ASK
272,1712604210.9731507,6863487.83466885,2392.0,-0.0,2421.0,ASK
273,1712604230.3932204,6863490.33884247,2392.0,-1.4539054163319574e-10,2421.0,ASK
274,1712604240.5927749,6863490.33884247,2392.0,-0.0,2421.0,ASK
275,1712604249.3428328,6863492.84406167,2395.0,1.4545119662833086e-10,2421.0,BID
276,1712604270.6171465,6863492.84406167,2395.0,0.0,2421.0,BID
277,1712604297.4735827,6863492.84824925,2392.0,-2.431277625040932e-13,2421.0,ASK
278,1712604297.4826734,6863495.34928087,2391.0,-1.452080181971032e-10,2421.0,ASK
279,1712604300.9470654,6863495.34928087,2391.0,-0.0,2421.0,ASK
280,1712604318.7532663,6863497.85554653,2394.0,1.4555230869536756e-10,2421.0,BID
281,1712604318.994023,6863534.70410854,2390.0,-2.1399939186837702e-09,2421.0,ASK
282,1712604318.9978747,6863534.71143812,2391.0,-4.256681013195696e-13,2421.0,ASK
283,1712604319.001635,6863560.62045535,2390.0,-1.504675794284942e-09,2421.0,ASK
284,1712604319.0053089,6864069.7310736,2391.0,-2.9566788161461524e-08,2421.0,ASK
285,1712604330.9335575,6864069.7310736,2391.0,-0.0,2421.0,ASK
286,1712604360.6749816,6864069.7310736,2391.0,-0.0,2421.0,ASK
287,1712604368.523131,6864072.23733926,2391.0,-1.4554070112691472e-10,2421.0,ASK
288,1712604387.8532786,6864074.74465225,2393.0,1.4560152035355547e-10,2421.0,BID
289,1712604390.6337214,6864074.74465225,2393.0,0.0,2421.0,BID
290,1712604420.6241558,6864074.74465225,2393.0,0.0,2421.0,BID
291,1712604439.465736,6864077.25196524,2391.0,-1.45601418954943e-10,2421.0,ASK
292,1712604450.595424,6864077.25196524,2391.0,-0.0,2421.0,ASK
293,1712604458.5132818,6864079.75927823,2393.0,1.4560136832038546e-10,2421.0,BID
294,1712604463.697319,6864109.21485474,2391.0,-1.7105053339075015e-09,2421.0,ASK
295,1712604463.701366,6864111.72531499,2391.0,-1.4578413180870248e-10,2421.0,ASK
296,1712604463.705045,6864691.02474591,2390.0,-3.3640311409581986e-08,2421.0,ASK
297,1712604463.7067518,6869136.79146397,2390.0,-2.581686928505684e-07,2421.0,ASK
298,1712604463.708575,6869174.40929569,2389.0,-2.184493037743911e-09,2421.0,ASK
299,1712604463.7107587,6871307.62809799,2390.0,-1.2387746471641862e-07,2421.0,ASK
300,1712604463.7124991,6874829.01394381,2389.0,-2.044892677667769e-07,2421.0,ASK
301,1712604480.9546878,6874829.01394381,2389.0,-0.0,2421.0,ASK
302,1712604490.5787845,6874931.76907226,2393.0,5.958170383767e-09,2421.0,BID
303,1712604507.0834577,6874934.27638525,2389.0,-1.453844515987081e-10,2421.0,ASK
304,1712604510.943325,6874934.27638525,2389.0,-0.0,2421.0,ASK
305,1712604523.963371,6874936.78369824,2393.0,1.453823283110674e-10,2421.0,BID
306,1712604533.404735,6874999.50705803,2393.0,3.636908562852523e-09,2421.0,BID
307,1712604540.6436095,6874999.50705803,2393.0,0.0,2421.0,BID
308,1712604570.5843165,6874999.50705803,2393.0,0.0,2421.0,BID
309,1712604575.1237972,6875002.01437102,2392.0,-1.453810124103096e-10,2421.0,ASK
310,1712604585.5436945,6875015.13343914,2392.0,-7.606802234173672e-10,2421.0,ASK
311,1712604593.3537111,6875017.64075213,2393.0,1.453810124103096e-10,2421.0,BID
312,1712604600.7142875,6875017.64075213,2393.0,0.0,2421.0,BID
313,1712604630.6039698,6875017.64075213,2393.0,0.0,2421.0,BID
314,1712604642.634061,6875111.26841528,2393.0,5.430043087516941e-09,2421.0,BID
315,1712604642.637308,6875759.07554642,2393.0,3.757031326176445e-08,2421.0,BID
316,1712604643.458825,6875761.58285941,2393.0,-1.4541447591970311e-10,2421.0,ASK
317,1712604644.2160244,6875814.52685941,2393.0,-3.070547651789441e-09,2421.0,ASK
318,1712604660.9635415,6875814.52685941,2393.0,-0.0,2421.0,ASK
319,1712604665.4638095,6875817.03207861,2395.0,1.4527697717363436e-10,2421.0,BID
320,1712604690.9433703,6875817.03207861,2395.0,0.0,2421.0,BID
321,1712604710.153643,6875819.53729781,2393.0,-1.4527692668022578e-10,2421.0,ASK
322,1712604720.5742962,6875819.53729781,2393.0,-0.0,2421.0,ASK
323,1712604732.1340487,6875822.04251701,2395.0,1.4527687612104888e-10,2421.0,BID
324,1712604749.0337968,6875881.34251701,2393.0,-3.4387884122080127e-09,2421.0,ASK
325,1712604749.6736968,6875980.64251701,2393.0,-5.758375874075678e-09,2421.0,ASK
326,1712604750.647257,6875980.64251701,2393.0,-0.0,2421.0,ASK
327,1712604756.0238605,6875984.81788235,2395.0,2.4212271420493244e-10,2421.0,BID
328,1712604775.8537354,6879205.6815496,2393.0,-1.8677269884253453e-07,2421.0,ASK
329,1712604775.8556883,6879208.18886259,2393.0,-1.4539504379161272e-10,2421.0,ASK
330,1712604780.6542797,6879208.18886259,2393.0,-0.0,2421.0,ASK
331,1712604783.454086,6879210.59654259,2390.0,-1.3955498394947202e-10,2421.0,ASK
332,1712604783.458382,6879210.69408179,2390.0,-5.653609043525383e-12,2421.0,ASK
333,1712604796.183849,6879214.87119123,2394.0,2.421154143371431e-10,2421.0,BID
334,1712604802.0441787,6879217.37745689,2394.0,1.45269248418748e-10,2421.0,BID
335,1712604810.614231,6879217.37745689,2394.0,0.0,2421.0,BID
336,1712604840.980236,6879217.37745689,2394.0,0.0,2421.0,BID
337,1712604848.5938728,6879219.88372255,2390.0,-1.4526906322698347e-10,2421.0,ASK
338,1712604865.6039026,6879222.38998821,2394.0,1.4526906322698347e-10,2421.0,BID
339,1712604870.9538603,6879222.38998821,2394.0,0.0,2421.0,BID
340,1712604900.5944908,6879222.38998821,2394.0,0.0,2421.0,BID
341,1712604912.4240315,6879224.89625387,2390.0,-1.4533858132465708e-10,2421.0,ASK
342,1712604930.5803752,6879224.89625387,2390.0,-0.0,2421.0,ASK
343,1712604931.0084944,6879310.05165108,2390.0,-4.9381677776893886e-09,2421.0,ASK
344,1712604931.0128934,6879353.47714542,2390.0,-2.5182476261808195e-09,2421.0,ASK
345,1712604934.3541276,6879355.98341108,2394.0,1.453385308399799e-10,2421.0,BID
346,1712604960.9344208,6879355.98341108,2394.0,0.0,2421.0,BID
347,1712604973.6843705,6879387.3163267,2394.0,1.8169650804539675e-09,2421.0,BID
348,1712604976.2943382,6879403.32365814,2394.0,9.282494680969415e-10,2421.0,BID
349,1712604976.2984211,6879432.5712348,2394.0,1.696038317112864e-09,2421.0,BID
350,1712604977.4869196,6879435.07750046,2390.0,-1.453358902651434e-10,2421.0,ASK
351,1712604990.9340122,6879435.07750046,2390.0,-0.0,2421.0,ASK
352,1712604998.5543163,6879437.58376612,2394.0,1.4533429453642558e-10,2421.0,BID
353,1712605020.6841788,6879437.58376612,2394.0,0.0,2421.0,BID
354,1712605041.0343993,6879446.58376612,2392.0,5.218952710016701e-10,2421.0,BID
355,1712605045.0244834,6879455.58376612,2392.0,5.218952710016701e-10,2421.0,BID
356,1712605050.6144412,6879455.58376612,2392.0,0.0,2421.0,BID
357,1712605052.4543457,6879458.09003178,2390.0,-1.4533388116231578e-10,2421.0,ASK
358,1712605070.9843566,6879460.59839298,2392.0,1.4545539774318614e-10,2421.0,BID
359,1712605080.9246483,6879460.59839298,2392.0,0.0,2421.0,BID
360,1712605098.5942736,6879476.27021572,2392.0,9.087804520224819e-10,2421.0,BID
361,1712605110.9438818,6879476.27021572,2392.0,0.0,2421.0,BID
362,1712605122.8094895,6879525.42891255,2390.0,-2.8506170823150987e-09,2421.0,ASK
363,1712605122.8116462,6879623.26451356,2390.0,-5.6732959471841694e-09,2421.0,ASK
364,1712605122.914334,6879723.13596135,2390.0,5.791350736774927e-09,2421.0,BID
365,1712605122.9377077,6881592.23056563,2390.0,1.0838515564843045e-07,2421.0,BID
366,1712605124.2740555,6881594.73892683,2389.0,-1.4545498042097238e-10,2421.0,ASK
367,1712605140.5843074,6881594.73892683,2389.0,-0.0,2421.0,ASK
368,1712605148.1045668,6881597.24833711,2391.0,1.4547310340239514e-10,2421.0,BID
369,1712605168.9144008,6881605.0835525,2391.0,4.54215521423221e-10,2421.0,BID
370,1712605170.612753,6881605.0835525,2391.0,0.0,2421.0,BID
371,1712605177.5043762,6881612.91109,2391.0,4.537697755018708e-10,2421.0,BID
372,1712605195.0443904,6881615.42050028,2389.0,-1.4547289486927415e-10,2421.0,ASK
373,1712605200.6443794,6881615.42050028,2389.0,-0.0,2421.0,ASK
374,1712605205.625032,6881620.45297581,2389.0,-2.9175059286006593e-10,2421.0,ASK
375,1712605205.6289625,6881662.31149402,2389.0,-2.426687906007369e-09,2421.0,ASK
376,1712605205.6326938,6881997.1100202,2388.0,-1.940946715670632e-08,2421.0,ASK
377,1712605205.636369,6882002.62153129,2389.0,-3.19521996437277e-10,2421.0,ASK
378,1712605221.4445665,6882005.12989249,2392.0,1.454186638201476e-10,2421.0,BID
379,1712605230.6072772,6882005.12989249,2392.0,0.0,2421.0,BID
380,1712605260.9452014,6882005.12989249,2392.0,0.0,2421.0,BID
381,1712605271.7044933,6882007.63825369,2388.0,-1.4541081813050466e-10,2421.0,ASK
382,1712605290.934471,6882007.63825369,2388.0,-0.0,2421.0,ASK
383,1712605296.685048,6882010.14661489,2392.0,1.454107676379194e-10,2421.0,BID
384,1712605320.590609,6882010.14661489,2392.0,0.0,2421.0,BID
385,1712605344.4244616,6882012.65497609,2388.0,-1.454107171147812e-10,2421.0,ASK
386,1712605350.6455956,6882012.65497609,2388.0,-0.0,2421.0,ASK
387,1712605364.7746282,6882015.16438637,2391.0,1.4547148213672185e-10,2421.0,BID
388,1712605380.9343257,6882015.16438637,2391.0,0.0,2421.0,BID
389,1712605410.9746745,6882015.16438637,2391.0,0.0,2421.0,BID
390,1712605418.9447732,6882017.67379665,2388.0,-1.4547143153851192e-10,2421.0,ASK
391,1712605438.794643,6882020.18215785,2392.0,1.4541061599122006e-10,2421.0,BID
392,1712605440.60707,6882020.18215785,2392.0,0.0,2421.0,BID
393,1712605470.5972776,6882020.18215785,2392.0,0.0,2421.0,BID
394,1712605486.804942,6882022.69051905,2388.0,-1.4541051490067092e-10,2421.0,ASK
395,1712605499.564993,6882287.3952293,2388.0,-1.5345018180012814e-08,2421.0,ASK
396,1712605499.5745752,6882450.52600505,2388.0,-9.456744148037958e-09,2421.0,ASK
397,1712605500.610705,6882450.52600505,2388.0,-0.0,2421.0,ASK
398,1712605512.1751163,6882453.03541533,2391.0,1.4550404334276672e-10,2421.0,BID
399,1712605513.2031054,6882459.30894105,2391.0,3.637601095719441e-10,2421.0,BID
400,1712605530.635332,6882459.30894105,2391.0,0.0,2421.0,BID
401,1712605560.9365718,6882459.30894105,2391.0,0.0,2421.0,BID
402,1712605570.0551708,6882461.81835133,2388.0,-1.4550386616989828e-10,2421.0,ASK
403,1712605586.0349631,6882464.32776161,2391.0,1.4550386616989828e-10,2421.0,BID
404,1712605590.9848845,6882464.32776161,2391.0,0.0,2421.0,BID
405,1712605598.8048017,6884474.33220078,2391.0,1.1654659100730945e-07,2421.0,BID
406,1712605598.9084744,6887773.80184096,2391.0,-1.913139748358098e-07,2421.0,ASK
407,1712605600.7947009,6887815.62534576,2391.0,2.425062757786282e-09,2421.0,BID
408,1712605620.5887432,6887815.62534576,2391.0,0.0,2421.0,BID
409,1712605637.9751165,6887818.13475604,2389.0,-1.4539589680291712e-10,2421.0,ASK
410,1712605650.6090188,6887818.13475604,2389.0,-0.0,2421.0,ASK
411,1712605657.9279828,6887820.64311724,2392.0,1.4533506235130272e-10,2421.0,BID
412,1712605680.9449055,6887820.64311724,2392.0,0.0,2421.0,BID
413,1712605707.6649618,6887823.15147844,2389.0,-1.4533501182682568e-10,2421.0,ASK
414,1712605710.9463935,6887823.15147844,2389.0,-0.0,2421.0,ASK
415,1712605726.1451747,6887825.65983964,2392.0,1.453349614197116e-10,2421.0,BID
416,1712605734.4758124,6887843.12059086,2392.0,1.011679499769011e-09,2421.0,BID
417,1712605740.615975,6887843.12059086,2392.0,0.0,2421.0,BID
418,1712605770.6140535,6887843.12059086,2392.0,0.0,2421.0,BID
419,1712605773.6152086,6887845.62895206,2389.0,-1.4533455914093612e-10,2421.0,ASK
420,1712605792.7850404,6887848.13731326,2392.0,1.4533455914093612e-10,2421.0,BID
421,1712605800.645543,6887848.13731326,2392.0,0.0,2421.0,BID
422,1712605830.6191254,6887848.13731326,2392.0,0.0,2421.0,BID
423,1712605839.565249,6887850.64567446,2389.0,-1.456018480978974e-10,2421.0,ASK
424,1712605855.7352834,6887853.15403566,2392.0,1.456018481519575e-10,2421.0,BID
425,1712605860.934943,6887853.15403566,2392.0,0.0,2421.0,BID
426,1712605890.9551232,6887853.15403566,2392.0,0.0,2421.0,BID
427,1712605901.5557868,6891239.68662998,2392.0,1.9657657802812401e-07,2421.0,BID
428,1712605901.560526,6893204.28123589,2392.0,1.1403796481693857e-07,2421.0,BID
429,1712605902.1154811,6893206.78959709,2390.0,-1.4560174674125478e-10,2421.0,ASK
430,1712605920.640509,6893206.78959709,2390.0,-0.0,2421.0,ASK
431,1712605922.2653646,6893209.29481629,2395.0,1.45311348985833e-10,2421.0,BID
432,1712605937.3418608,6893249.06558873,2394.0,2.3068418900116407e-09,2421.0,BID
433,1712605950.6570687,6893249.06558873,2394.0,0.0,2421.0,BID
434,1712605971.384691,6893251.57080793,2390.0,-1.4531049592601155e-10,2421.0,ASK
435,1712605980.9255476,6893251.57080793,2390.0,-0.0,2421.0,ASK
436,1712605988.3754077,6893254.07707359,2394.0,1.4537114337761082e-10,2421.0,BID
437,1712606010.9452927,6893254.07707359,2394.0,0.0,2421.0,BID
438,1712606037.085318,6893256.58333925,2391.0,-1.453710927857787e-10,2421.0,ASK
439,1712606040.6081846,6893256.58333925,2391.0,-0.0,2421.0,ASK
440,1712606054.1287265,6893259.08960491,2394.0,1.4537104231139951e-10,2421.0,BID
441,1712606057.9480748,6893727.53159439,2394.0,2.7171062245952125e-08,2421.0,BID
442,1712606070.580432,6893727.53159439,2394.0,0.0,2421.0,BID
443,1712606100.6469965,6893727.53159439,2394.0,0.0,2421.0,BID
444,1712606103.1062236,6893730.03786005,2394.0,-1.4541999084425223e-10,2421.0,ASK
445,1712606118.545387,6893732.54098896,2397.0,1.4523798856359326e-10,2421.0,BID
446,1712606130.6705232,6893732.54098896,2397.0,0.0,2421.0,BID
447,1712606133.436086,6894200.98297844,2394.0,-2.718019222098388e-08,2421.0,ASK
448,1712606133.5355587,6894557.20134049,2394.0,-2.0668692753019122e-08,2421.0,ASK
449,1712606133.5405536,6895065.26859195,2394.0,-2.9479350412636853e-08,2421.0,ASK
450,1712606137.885749,6896565.26859195,2396.0,8.703380407202477e-08,2421.0,BID
451,1712606137.8952346,6897151.20935123,2396.0,3.399776882736638e-08,2421.0,BID
452,1712606160.2477455,6897752.29129871,2395.0,3.4876298965435285e-08,2421.0,BID
453,1712606160.260764,6898353.37324618,2396.0,3.487629896489491e-08,2421.0,BID
454,1712606160.2631288,6911980.4271302,2395.0,7.906762252138183e-07,2421.0,BID
455,1712606160.3082185,6913480.4271302,2396.0,-8.703380407202477e-08,2421.0,ASK
456,1712606160.3258247,6914081.50906771,2396.0,-3.487629838696173e-08,2421.0,ASK
457,1712606160.3299098,6914358.69739316,2396.0,-1.6083169605555805e-08,2421.0,ASK
458,1712606160.3355858,6918387.72798673,2396.0,-2.3377457285394134e-07,2421.0,ASK
459,1712606160.5103805,6918448.10721777,2393.0,3.503356109591153e-09,2421.0,BID
460,1712606160.9451902,6918448.10721777,2393.0,0.0,2421.0,BID
461,1712606164.1259742,6918450.61034668,2392.0,-1.4474070066942522e-10,2421.0,ASK
462,1712606183.5058937,6918469.69924058,2392.0,-1.1037944820533515e-09,2421.0,ASK
463,1712606183.5854616,6918472.20550624,2394.0,1.4492207983694064e-10,2421.0,BID
464,1712606190.9153864,6918472.20550624,2394.0,0.0,2421.0,BID
465,1712606219.062646,6918521.65674749,2394.0,2.859454589400313e-09,2421.0,BID
466,1712606220.6079862,6918521.65674749,2394.0,0.0,2421.0,BID
467,1712606228.9859965,6918524.16301315,2394.0,-1.4492060469058046e-10,2421.0,ASK
468,1712606229.160885,6918633.3510866,2394.0,-6.31361706104933e-09,2421.0,ASK
469,1712606229.2862308,6918703.92477444,2394.0,-4.0808050323772605e-09,2421.0,ASK
470,1712606246.165472,6919103.59475988,2394.0,-2.3110246010722463e-08,2421.0,ASK
471,1712606246.765833,6919104.41482258,2398.0,4.7418749085201294e-11,2421.0,BID
472,1712606246.7705164,6919106.09754667,2397.0,9.730069579916616e-11,2421.0,BID
473,1712606250.6193,6919106.09754667,2397.0,0.0,2421.0,BID
474,1712606261.2383523,6919166.47677771,2397.0,-3.4910452409096436e-09,2421.0,ASK
475,1712606261.2555146,6921192.03830595,2397.0,-1.1711522010947108e-07,2421.0,ASK
476,1712606280.955825,6921192.03830595,2397.0,-0.0,2421.0,ASK
477,1712606293.455987,6921194.54109274,2394.0,-1.4466591550652038e-10,2421.0,ASK
478,1712606310.6571023,6921197.04422165,2397.0,1.446856906742365e-10,2421.0,BID
479,1712606310.9966242,6921197.04422165,2397.0,0.0,2421.0,BID
480,1712606340.5896976,6921197.04422165,2397.0,0.0,2421.0,BID
481,1712606348.2259252,6921236.36459754,2397.0,2.272792175557204e-09,2421.0,BID
482,1712606352.265757,6921332.16459754,2397.0,-5.5374213874370105e-09,2421.0,ASK
483,1712606352.645764,6921593.96459754,2397.0,-1.5132535691365306e-08,2421.0,ASK
484,1712606353.0655773,6921654.86459754,2397.0,-3.52013530790848e-09,2421.0,ASK
485,1712606353.1858518,6921683.82259754,2397.0,-1.673827228973811e-09,2421.0,ASK
486,1712606358.8459916,6921752.42259753,2397.0,-3.965209886485212e-09,2421.0,ASK
487,1712606363.135793,6921856.12259753,2397.0,-5.994056345242262e-09,2421.0,ASK
488,1712606363.5558112,6921858.62572644,2397.0,-1.4468559044043784e-10,2421.0,ASK
489,1712606370.6017802,6921858.62572644,2397.0,-0.0,2421.0,ASK
490,1712606380.1260607,6922423.65242644,2397.0,-3.2656619680457645e-08,2421.0,ASK
491,1712606380.9459023,6922600.65242644,2397.0,-1.0229997420366425e-08,2421.0,ASK
492,1712606381.4059758,6922858.87742644,2397.0,-1.4924525897572366e-08,2421.0,ASK
493,1712606382.114143,6923112.67742644,2397.0,-1.4668775962073973e-08,2421.0,ASK
494,1712606382.9566617,6923115.17951151,2398.0,1.4461199894307258e-10,2421.0,BID
495,1712606383.0866735,6923532.28051151,2397.0,-2.410701781937921e-08,2421.0,ASK
496,1712606383.1757054,6923667.68051151,2397.0,-7.825659043623868e-09,2421.0,ASK
497,1712606383.401566,6923863.27881151,2397.0,-1.130491584421021e-08,2421.0,ASK
498,1712606385.6296668,6923957.97881151,2397.0,-5.473337602884779e-09,2421.0,ASK
499,1712606386.3258486,6924042.67881151,2397.0,-4.895371646931873e-09,2421.0,ASK
500,1712606386.9263434,6924127.37881151,2397.0,-4.895371646931873e-09,2421.0,ASK
501,1712606389.128864,6925431.59282319,2397.0,-7.5379129802746e-08,2421.0,ASK
502,1712606400.8139842,6925431.59282319,2397.0,-0.0,2421.0,ASK
503,1712606427.1761987,6925434.09490826,2395.0,-1.445642671005679e-10,2421.0,ASK
504,1712606430.6242137,6925434.09490826,2395.0,-0.0,2421.0,ASK
505,1712606447.1861067,6925436.59908188,2396.0,1.4468488827056875e-10,2421.0,BID
506,1712606460.1264043,6925690.70755488,2396.0,1.4681751984762345e-08,2421.0,BID
507,1712606460.956655,6925690.70755488,2396.0,0.0,2421.0,BID
508,1712606490.3781154,6925693.2117285,2394.0,-1.4467974864652509e-10,2421.0,ASK
509,1712606490.946149,6925693.2117285,2394.0,-0.0,2421.0,ASK
510,1712606510.185747,6925695.71590212,2396.0,1.446796984809771e-10,2421.0,BID
511,1712606515.4560597,6925737.45212916,2396.0,2.4113283106528555e-09,2421.0,BID
512,1712606520.6699426,6925737.45212916,2396.0,0.0,2421.0,BID
513,1712606550.6231651,6925737.45212916,2396.0,0.0,2421.0,BID
514,1712606556.2465084,6925739.95630278,2392.0,-1.4467881243968987e-10,2421.0,ASK
515,1712606576.1759915,6925742.4604764,2396.0,1.4467881249349711e-10,2421.0,BID
516,1712606580.612686,6925742.4604764,2396.0,0.0,2421.0,BID
517,1712606610.63226,6925742.4604764,2396.0,0.0,2421.0,BID
518,1712606620.5859594,6925744.96465002,2393.0,-1.4467871221754069e-10,2421.0,ASK
519,1712606640.956984,6925744.96465002,2393.0,-0.0,2421.0,ASK
520,1712606655.37528,6925754.96465002,2393.0,-5.777501247951105e-10,2421.0,ASK
521,1712606655.3798175,6925759.14350501,2393.0,-2.4143339918687304e-10,2421.0,ASK
522,1712606670.9239,6925759.14350501,2393.0,-0.0,2421.0,ASK
523,1712606672.134421,6925761.650818,2393.0,1.4485975530589966e-10,2421.0,BID
524,1712606700.6071515,6925761.650818,2393.0,0.0,2421.0,BID
525,1712606712.2530916,6925762.77613873,2393.0,6.501587052028592e-11,2421.0,BID
526,1712606712.2557206,6925769.59064248,2393.0,3.937107718360024e-10,2421.0,BID
527,1712606714.845781,6925899.70736431,2393.0,7.517547404898323e-09,2421.0,BID
528,1712606716.2727904,6926270.84339019,2393.0,2.1442537354115508e-08,2421.0,BID
529,1712606721.6534595,6926273.35070318,2391.0,-1.4486104471956334e-10,2421.0,ASK
530,1712606730.603336,6926273.35070318,2391.0,-0.0,2421.0,ASK
531,1712606731.1265333,6926277.52432588,2396.0,2.4111571937066776e-10,2421.0,BID
532,1712606739.8327434,6926280.0284995,2396.0,1.446694315901185e-10,2421.0,BID
533,1712606760.961297,6926280.0284995,2396.0,0.0,2421.0,BID
534,1712606783.831479,6926282.53267312,2392.0,-1.4466929786632298e-10,2421.0,ASK
535,1712606790.9386811,6926282.53267312,2392.0,-0.0,2421.0,ASK
536,1712606820.5628605,6926282.53267312,2392.0,-0.0,2421.0,ASK
537,1712606850.586403,6926282.53267312,2392.0,-0.0,2421.0,ASK
538,1712606869.2293167,6926285.03684674,2396.0,1.4466924785748382e-10,2421.0,BID
539,1712606880.9123511,6926285.03684674,2396.0,0.0,2421.0,BID
540,1712606910.9693997,6926285.03684674,2396.0,0.0,2421.0,BID
541,1712606911.8088589,6926289.75012619,2396.0,2.722919652695543e-10,2421.0,BID
542,1712606912.098562,6926506.55012619,2396.0,-1.2524803314684836e-08,2421.0,ASK
543,1712606912.518332,6926578.65012618,2396.0,-4.1653058987670496e-09,2421.0,ASK
544,1712606912.581434,6926995.82012618,2396.0,-2.4100425271070955e-08,2421.0,ASK
545,1712606912.5985196,6927117.42237991,2396.0,-7.025112133720189e-09,2421.0,ASK
546,1712606912.658129,6927206.77196783,2396.0,-5.161835862286994e-09,2421.0,ASK
547,1712606912.69822,6927365.62626783,2396.0,-9.177208778515982e-09,2421.0,ASK
548,1712606912.7416768,6927429.33372906,2396.0,-3.6804585866542398e-09,2421.0,ASK
549,1712606912.7583616,6927496.09989953,2396.0,-3.857163990817095e-09,2421.0,ASK
550,1712606918.0385394,6927498.60407315,2396.0,-1.4466919765735526e-10,2421.0,ASK
551,1712606922.868442,6927537.12365809,2396.0,-2.225323916664309e-09,2421.0,ASK
552,1712606936.198046,6927539.626787,2397.0,1.4460884351669678e-10,2421.0,BID
553,1712606940.6783583,6927539.626787,2397.0,0.0,2421.0,BID
554,1712606951.9715586,6927563.47078672,2397.0,1.3772580883699943e-09,2421.0,BID
555,1712606951.9782913,6928878.18126781,2397.0,7.593925789577316e-08,2421.0,BID
556,1712606952.1177266,6929148.79008185,2397.0,-1.5630690417272077e-08,2421.0,ASK
557,1712606952.123706,6929148.79008186,2397.0,-5.379431151961238e-19,2421.0,ASK
558,1712606952.3777325,6929229.97272607,2395.0,4.689207125106311e-09,2421.0,BID
559,1712606969.857601,6929732.07272607,2396.0,-2.9001899610485866e-08,2421.0,ASK
560,1712606969.8639417,6929813.25537028,2396.0,-4.689207125052516e-09,2421.0,ASK
561,1712606969.8973384,6930230.42637028,2396.0,-2.409629847125586e-08,2421.0,ASK
562,1712606970.6992188,6930230.42637028,2396.0,-0.0,2421.0,ASK
563,1712606971.8572934,6930481.95537028,2396.0,-1.4523207762534276e-08,2421.0,ASK
564,1712606977.0381446,6930486.12897028,2396.0,-2.4098239138418406e-10,2421.0,ASK
565,1712606977.0444498,6930486.23313742,2396.0,-6.014578905575981e-12,2421.0,ASK
566,1712606979.727404,6930488.73626633,2393.0,-1.4452989996837775e-10,2421.0,ASK
567,1712607000.7442176,6930488.73626633,2393.0,-0.0,2421.0,ASK
568,1712607001.6667442,6930491.23939524,2397.0,1.4452481883683354e-10,2421.0,BID
569,1712607017.1900034,6931742.8038508,2396.0,7.226240943809746e-08,2421.0,BID
570,1712607030.6034107,6931742.8038508,2396.0,0.0,2421.0,BID
571,1712607049.2263842,6931745.30697971,2393.0,-1.4449974998573164e-10,2421.0,ASK
572,1712607060.9460447,6931745.30697971,2393.0,-0.0,2421.0,ASK
573,1712607067.1257925,6931747.80906478,2398.0,1.4443944159202252e-10,2421.0,BID
574,1712607090.946713,6931747.80906478,2398.0,0.0,2421.0,BID
575,1712607115.305406,6931750.31114985,2394.0,-1.4443939150939686e-10,2421.0,ASK
576,1712607120.5778563,6931750.31114985,2394.0,-0.0,2421.0,ASK
577,1712607132.4049425,6931752.81323492,2398.0,1.4443934161778278e-10,2421.0,BID
578,1712607150.6094902,6931752.81323492,2398.0,0.0,2421.0,BID
579,1712607178.784404,6931755.31531999,2394.0,-1.4443929158898936e-10,2421.0,ASK
580,1712607180.924291,6931755.31531999,2394.0,-0.0,2421.0,ASK
581,1712607199.2141085,6931757.8184489,2397.0,1.4449949998772639e-10,2421.0,BID
582,1712607210.934173,6931757.8184489,2397.0,0.0,2421.0,BID
583,1712607240.6025715,6931757.8184489,2397.0,0.0,2421.0,BID
584,1712607245.7035985,6931760.32157781,2394.0,-1.4449944988436788e-10,2421.0,ASK
585,1712607266.253544,6931762.82575143,2396.0,1.4455975847590176e-10,2421.0,BID
586,1712607270.667634,6931762.82575143,2396.0,0.0,2421.0,BID
587,1712607278.0331922,6931764.92023303,2394.0,-1.2090916622364658e-10,2421.0,ASK
588,1712607296.1928933,6932814.4125188,2396.0,6.058455574873326e-08,2421.0,BID
589,1712607299.2330103,6933011.9157188,2396.0,-1.140136406260406e-08,2421.0,ASK
590,1712607300.6203637,6933011.9157188,2396.0,-0.0,2421.0,ASK
591,1712607311.8126175,6933140.22204211,2397.0,7.406815526444915e-09,2421.0,BID
592,1712607314.0267737,6933142.72621573,2397.0,-1.4455992172164652e-10,2421.0,ASK
593,1712607328.73252,6933145.23352872,2397.0,-1.4474114995621858e-10,2421.0,ASK
594,1712607330.5899262,6933145.23352872,2397.0,-0.0,2421.0,ASK
595,1712607360.9423387,6933145.23352872,2397.0,-0.0,2421.0,ASK
596,1712607362.2820442,6933230.71052872,2397.0,-4.9342906510060375e-09,2421.0,ASK
597,1712607362.3819811,6933345.23352872,2397.0,-6.611015457089983e-09,2421.0,ASK
598,1712607362.7023246,6933347.73561379,2398.0,1.444366902154939e-10,2421.0,BID
599,1712607390.9418757,6933347.73561379,2398.0,0.0,2421.0,BID
600,1712607392.8120532,6933349.94204379,2397.0,1.2736597988819514e-10,2421.0,BID
601,1712607394.1521924,6933396.14804379,2397.0,-2.667237332955725e-09,2421.0,ASK
602,1712607395.2018836,6933759.80556232,2397.0,-2.09920986414958e-08,2421.0,ASK
603,1712607396.4620252,6933837.03556232,2397.0,-4.458095035748951e-09,2421.0,ASK
604,1712607406.822044,6933884.42707862,2397.0,-2.7356711582883087e-09,2421.0,ASK
605,1712607406.8253531,6933973.09931273,2397.0,-5.118597005042343e-09,2421.0,ASK
606,1712607411.9319046,6933975.6013978,2396.0,-1.4443264314669368e-10,2421.0,ASK
607,1712607420.593858,6933975.6013978,2396.0,-0.0,2421.0,ASK
608,1712607428.551535,6933978.10348287,2398.0,1.444200965757362e-10,2421.0,BID
609,1712607440.7375326,6934017.72948287,2397.0,-2.2872087025049304e-09,2421.0,ASK
610,1712607450.5825365,6934017.72948287,2397.0,-0.0,2421.0,ASK
611,1712607453.52456,6934040.10348287,2397.0,-1.2914174843131067e-09,2421.0,ASK
612,1712607463.6316478,6934045.9486432,2396.0,-3.3738009511699533e-10,2421.0,ASK
613,1712607463.6412168,6934081.87450448,2396.0,-2.073624984076901e-09,2421.0,ASK
614,1712607463.7889085,6934247.87450448,2396.0,-9.581447322276876e-09,2421.0,ASK
615,1712607477.180991,6934250.37658955,2396.0,-1.4441925479075538e-10,2421.0,ASK
616,1712607480.9410825,6934250.37658955,2396.0,-0.0,2421.0,ASK
617,1712607493.740989,6934252.87867462,2398.0,1.444146081825448e-10,2421.0,BID
618,1712607510.9276192,6934252.87867462,2398.0,0.0,2421.0,BID
619,1712607513.3308532,6934357.87867462,2396.0,-6.060356935498053e-09,2421.0,ASK
620,1712607513.7107894,6934366.21895818,2398.0,4.81381860193335e-10,2421.0,BID
621,1712607521.510555,6934387.0696671,2398.0,1.2034546515315372e-09,2421.0,BID
622,1712607540.599137,6934387.0696671,2398.0,0.0,2421.0,BID
623,1712607541.5206523,6934389.57175217,2396.0,-1.44411877763224e-10,2421.0,ASK
624,1712607557.1108308,6934424.23275217,2397.0,-2.000515551993088e-09,2421.0,ASK
625,1712607557.220251,6934590.23275217,2397.0,-9.580957895844165e-09,2421.0,ASK
626,1712607559.0002136,6934619.91275217,2397.0,-1.713029098468671e-09,2421.0,ASK
627,1712607560.6101842,6934642.74175217,2397.0,-1.3176125771287338e-09,2421.0,ASK
628,1712607562.5106084,6934661.59575217,2397.0,-1.088189037174448e-09,2421.0,ASK
629,1712607562.870309,6935574.49575217,2397.0,-5.2689496765727613e-08,2421.0,ASK
630,1712607563.7803812,6935659.15265216,2397.0,-4.886109604830144e-09,2421.0,ASK
631,1712607565.0611107,6936119.23595216,2397.0,-2.655445015591314e-08,2421.0,ASK
632,1712607567.3903413,6936223.88795216,2397.0,-6.040159070564281e-09,2421.0,ASK
633,1712607568.2316003,6936471.04485216,2397.0,-1.4265059352805485e-08,2421.0,ASK
634,1712607570.643273,6936471.04485216,2397.0,-0.0,2421.0,ASK
635,1712607590.0100915,6936473.54693723,2398.0,1.4437025423172428e-10,2421.0,BID
636,1712607592.1198297,6938047.49793723,2397.0,-9.081693853315161e-08,2421.0,ASK
637,1712607593.1240177,6939392.07383724,2397.0,-7.758200024290643e-08,2421.0,ASK
638,1712607600.634031,6939392.07383724,2397.0,-0.0,2421.0,ASK
639,1712607608.4332612,6939573.07383724,2396.0,-1.0442175970885868e-08,2421.0,ASK
640,1712607630.561323,6939573.07383724,2396.0,-0.0,2421.0,ASK
641,1712607636.7541747,6939575.57592231,2396.0,-1.4434562941519372e-10,2421.0,ASK
642,1712607640.3473408,6939695.60193652,2396.0,-6.924317152185773e-09,2421.0,ASK
643,1712607640.3504755,6939768.93292231,2396.0,-4.230474585334253e-09,2421.0,ASK
644,1712607643.148118,6940716.22050243,2396.0,-5.4649149871896494e-08,2421.0,ASK
645,1712607643.152063,6941268.93292231,2396.0,-3.1886054989027e-08,2421.0,ASK
646,1712607643.2295847,6941573.73215354,2396.0,-1.7583909277255855e-08,2421.0,ASK
647,1712607653.6302917,6941594.55315354,2396.0,-1.20116633363284e-09,2421.0,ASK
648,1712607656.299766,6941597.05628245,2397.0,1.4440584870532368e-10,2421.0,BID
649,1712607656.8195596,6941597.10339597,2396.0,-2.717985354931659e-12,2421.0,ASK
650,1712607660.631524,6941597.10339597,2396.0,-0.0,2421.0,ASK
651,1712607662.5613835,6941811.61295506,2395.0,-1.237162451657154e-08,2421.0,ASK
652,1712607662.5660903,6942014.54739597,2395.0,-1.1704041139542828e-08,2421.0,ASK
653,1712607669.8108556,6942400.01939597,2395.0,-2.2231712497466365e-08,2421.0,ASK
654,1712607671.7982736,6942412.46530577,2395.0,-7.178054137346617e-10,2421.0,ASK
655,1712607672.199505,6942435.10030577,2395.0,-1.3054510116820275e-09,2421.0,ASK
656,1712607675.339929,6943052.64744022,2395.0,-3.561641402420507e-08,2421.0,ASK
657,1712607690.6161718,6943052.64744022,2395.0,-0.0,2421.0,ASK
658,1712607704.2608836,6943055.15056913,2394.0,-1.4433643982559238e-10,2421.0,ASK
659,1712607720.9384425,6943055.15056913,2394.0,-0.0,2421.0,ASK
660,1712607721.1408002,6943057.65474275,2396.0,1.443966304878892e-10,2421.0,BID
661,1712607734.0091662,6943059.99622643,2396.0,1.35015540014788e-10,2421.0,BID
662,1712607750.9196832,6943059.99622643,2396.0,0.0,2421.0,BID
663,1712607770.1192029,6943062.50040005,2394.0,-1.4439653376481414e-10,2421.0,ASK
664,1712607780.6098976,6943062.50040005,2394.0,-0.0,2421.0,ASK
665,1712607790.339348,6943065.00457367,2396.0,1.4439648390277422e-10,2421.0,BID
666,1712607810.634875,6943065.00457367,2396.0,0.0,2421.0,BID
667,1712607823.778435,6943134.00457367,2394.0,-3.978699344267991e-09,2421.0,ASK
668,1712607833.5885775,6943136.50874729,2394.0,-1.4439643389166375e-10,2421.0,ASK
669,1712607840.9093878,6943136.50874729,2394.0,-0.0,2421.0,ASK
670,1712607853.6046762,6943139.01292091,2396.0,1.4439500861310948e-10,2421.0,BID
671,1712607870.9264357,6943139.01292091,2396.0,0.0,2421.0,BID
672,1712607894.7286427,6943217.20992091,2394.0,-4.508973536605679e-09,2421.0,ASK
673,1712607898.1982622,6943376.19092091,2394.0,-9.16711794334726e-09,2421.0,ASK
674,1712607898.3581514,6943378.69509453,2394.0,-1.4439495865672202e-10,2421.0,ASK
675,1712607898.88418,6944561.40215146,2394.0,-6.819692342689334e-08,2421.0,ASK
676,1712607898.8899748,6944878.69509453,2394.0,-1.8295656913201408e-08,2421.0,ASK
677,1712607899.5928566,6944979.07309453,2394.0,-5.78796815294704e-09,2421.0,ASK
678,1712607900.623741,6944979.07309453,2394.0,-0.0,2421.0,ASK
679,1712607901.7486072,6944979.11309548,2394.0,-2.306299686523398e-12,2421.0,ASK
680,1712607901.7548828,6946021.48974699,2393.0,-6.009939627535528e-08,2421.0,ASK
681,1712607914.6781566,6946023.99392061,2396.0,1.4438094190713392e-10,2421.0,BID
682,1712607917.7682889,6946087.16749555,2394.0,-3.642343397574516e-09,2421.0,ASK
683,1712607919.148142,6946108.01820447,2394.0,-1.202171035029284e-09,2421.0,ASK
684,1712607930.6561716,6946108.01820447,2394.0,-0.0,2421.0,ASK
685,1712607959.4881735,6946110.52237809,2394.0,-1.4435845555821816e-10,2421.0,ASK
686,1712607960.9087558,6946110.52237809,2394.0,-0.0,2421.0,ASK
687,1712607970.2957263,6946472.41238297,2394.0,-2.0861917768605047e-08,2421.0,ASK
688,1712607980.358058,6946474.91655659,2396.0,1.4435840572248678e-10,2421.0,BID
689,1712607990.9361968,6946474.91655659,2396.0,0.0,2421.0,BID
690,1712608013.9575765,6947095.26945659,2394.0,-3.5759761844048225e-08,2421.0,ASK
691,1712608015.187906,6947157.36945659,2394.0,-3.579706342208888e-09,2421.0,ASK
692,1712608017.5385706,6947324.36945659,2394.0,-9.626585493454188e-09,2421.0,ASK
693,1712608020.604463,6947324.36945659,2394.0,-0.0,2421.0,ASK
694,1712608026.0233383,6947326.87363021,2394.0,-1.4433422680756188e-10,2421.0,ASK
695,1712608047.2324357,6947329.37780383,2396.0,1.4433422686124094e-10,2421.0,BID
696,1712608050.617005,6947329.37780383,2396.0,0.0,2421.0,BID
697,1712608053.257233,6947398.07780383,2394.0,-3.959691312259216e-09,2421.0,ASK
698,1712608057.1723835,6947400.16503254,2396.0,1.2030249480053138e-10,2421.0,BID
699,1712608080.9570837,6947400.16503254,2396.0,0.0,2421.0,BID
700,1712608091.1072297,6947402.66920616,2394.0,-1.4433271721529386e-10,2421.0,ASK
701,1712608110.9524438,6947402.66920616,2394.0,-0.0,2421.0,ASK
702,1712608112.5968957,6947405.17337978,2396.0,1.4433266734366286e-10,2421.0,BID
703,1712608140.676852,6947405.17337978,2396.0,0.0,2421.0,BID
704,1712608157.676981,6947407.6775534,2394.0,-1.44332617484081e-10,2421.0,ASK
705,1712608170.6118822,6947407.6775534,2394.0,-0.0,2421.0,ASK
706,1712608177.966948,6947410.18172702,2396.0,1.4433256755884043e-10,2421.0,BID
707,1712608201.0062582,6947410.18172702,2396.0,0.0,2421.0,BID
708,1712608221.2166915,6947412.68590064,2394.0,-1.4433859298011975e-10,2421.0,ASK
709,1712608230.9467282,6947412.68590064,2394.0,-0.0,2421.0,ASK
710,1712608235.826363,6947424.74106274,2394.0,-6.948497982526833e-10,2421.0,ASK
711,1712608238.516673,6948212.37376593,2394.0,-4.539851230230202e-08,2421.0,ASK
712,1712608239.6696362,6948214.87793955,2396.0,1.4433854315810878e-10,2421.0,BID
713,1712608260.2629662,6948632.58888358,2394.0,-2.4076521143080737e-08,2421.0,ASK
714,1712608260.6262946,6948632.58888358,2394.0,-0.0,2421.0,ASK
715,1712608287.7861822,6948635.0930572,2395.0,-1.4431425037441509e-10,2421.0,ASK
716,1712608289.1559556,6948665.34188921,2395.0,-1.743224782925921e-09,2421.0,ASK
717,1712608290.6708686,6948665.34188921,2395.0,-0.0,2421.0,ASK
718,1712608304.7663238,6948667.84710841,2395.0,1.443738539003706e-10,2421.0,BID
719,1712608320.9262922,6948667.84710841,2395.0,0.0,2421.0,BID
720,1712608350.9459355,6948667.84710841,2395.0,0.0,2421.0,BID
721,1712608352.0758588,6948670.35232761,2394.0,-1.4437380403313506e-10,2421.0,ASK
722,1712608371.1367362,6948672.85754681,2395.0,1.4437380397946368e-10,2421.0,BID
723,1712608380.5948272,6948672.85754681,2395.0,0.0,2421.0,BID
724,1712608382.096943,6948833.97229134,2394.0,-9.284909067120953e-09,2421.0,ASK
725,1712608384.8056128,6949031.43723665,2394.0,-1.1379740982076249e-08,2421.0,ASK
726,1712608394.155897,6949194.29523665,2394.0,-9.385371433656304e-09,2421.0,ASK
727,1712608410.6239145,6949194.29523665,2394.0,-0.0,2421.0,ASK
728,1712608417.6847894,6949876.56093994,2394.0,-3.9315578122778766e-08,2421.0,ASK
729,1712608422.6158185,6949879.06615914,2394.0,-1.4436331875100187e-10,2421.0,ASK
730,1712608423.2393155,6949957.06615914,2394.0,-4.494751940175281e-09,2421.0,ASK
731,1712608423.8458583,6950253.47490171,2394.0,-1.7080561163444452e-08,2421.0,ASK
732,1712608423.8533318,6950392.8159657,2394.0,-8.029532278414083e-09,2421.0,ASK
733,1712608427.7956605,6950474.91983043,2394.0,-4.731237247340583e-09,2421.0,ASK
734,1712608428.656942,6950637.45657228,2394.0,-9.36618379205006e-09,2421.0,ASK
735,1712608428.7200944,6952053.47850945,2394.0,-8.159829935161428e-08,2421.0,ASK
736,1712608438.835748,6952055.98372865,2395.0,1.443633186973344e-10,2421.0,BID
737,1712608440.6482694,6952055.98372865,2395.0,0.0,2421.0,BID
738,1712608447.845426,6952335.05028115,2394.0,-1.60748709531339e-08,2421.0,ASK
739,1712608449.9763155,6952348.71195048,2394.0,-7.869433635540042e-10,2421.0,ASK
740,1712608449.9840224,6952482.05028115,2394.0,-7.680592458778723e-09,2421.0,ASK
741,1712608464.265932,6952506.40028115,2394.0,-1.4026156276914796e-09,2421.0,ASK
742,1712608470.622414,6952506.40028115,2394.0,-0.0,2421.0,ASK
743,1712608489.795833,6952508.90550035,2394.0,-1.442973864352441e-10,2421.0,ASK
744,1712608493.785658,6952557.56742249,2394.0,-2.802863791152426e-09,2421.0,ASK
745,1712608493.7954714,6952668.93850035,2394.0,-6.414830072248521e-09,2421.0,ASK
746,1712608500.6655493,6952668.93850035,2394.0,-0.0,2421.0,ASK
747,1712608507.13939,6952671.44371955,2395.0,1.4429946339973926e-10,2421.0,BID
748,1712608510.3813195,6952675.58571955,2394.0,-2.3857727797770517e-10,2421.0,ASK
749,1712608522.9954724,6952883.67571955,2394.0,-1.198588743950614e-08,2421.0,ASK
750,1712608527.1859574,6952977.78358571,2394.0,-5.4205694217575445e-09,2421.0,ASK
751,1712608527.1919212,6953017.05171955,2394.0,-2.2618262874773072e-09,2421.0,ASK
752,1712608530.6254213,6953017.05171955,2394.0,-0.0,2421.0,ASK
753,1712608532.089861,6953061.32577451,2394.0,-2.5500426123943784e-09,2421.0,ASK
754,1712608532.0942907,6953217.01771955,2394.0,-8.967353331726471e-09,2421.0,ASK
755,1712608535.5355244,6954314.45860659,2394.0,-6.320905164528217e-08,2421.0,ASK
756,1712608557.2251987,6954316.96382579,2393.0,-1.4429253703340366e-10,2421.0,ASK
757,1712608560.9345045,6954316.96382579,2393.0,-0.0,2421.0,ASK
758,1712608576.6951764,6954319.47009145,2394.0,1.4432694048430636e-10,2421.0,BID
759,1712608590.9215555,6954319.47009145,2394.0,0.0,2421.0,BID
760,1712608620.5962796,6954319.47009145,2394.0,0.0,2421.0,BID
761,1712608621.7017372,6954504.88209145,2394.0,-1.067721505824348e-08,2421.0,ASK
762,1712608624.1047614,6954507.38835711,2394.0,-1.4432689067029894e-10,2421.0,ASK
763,1712608624.9648914,6954607.87756574,2394.0,-5.7868147238093985e-09,2421.0,ASK
764,1712608644.2347825,6954610.38278494,2395.0,1.442666287683125e-10,2421.0,BID
765,1712608650.5757906,6954610.38278494,2395.0,0.0,2421.0,BID
766,1712608680.9548876,6954610.38278494,2395.0,0.0,2421.0,BID
767,1712608687.3651097,6954633.7648309,2395.0,1.3464345402103343e-09,2421.0,BID
768,1712608693.665229,6954636.2700501,2395.0,-1.4426084300021044e-10,2421.0,ASK
769,1712608702.436173,6954808.2700501,2395.0,-9.904468638536741e-09,2421.0,ASK
770,1712608710.2051632,6954824.11938754,2396.0,9.126701489297007e-10,2421.0,BID
771,1712608710.963149,6954824.11938754,2396.0,0.0,2421.0,BID
772,1712608713.8921318,6954847.66438754,2396.0,-1.355778139329462e-09,2421.0,ASK
773,1712608718.8152585,6954850.13908754,2396.0,-1.4249922113379068e-10,2421.0,ASK
774,1712608727.1460276,6954891.74248754,2396.0,-2.3956245589805993e-09,2421.0,ASK
775,1712608728.6753788,6954891.74250419,2396.0,-9.587579878494802e-16,2421.0,ASK
776,1712608729.8556178,6954943.39345984,2396.0,2.974187154215326e-09,2421.0,BID
777,1712608740.588222,6954943.39345984,2396.0,0.0,2421.0,BID
778,1712608748.2557435,6954945.89658875,2397.0,1.4413385480120242e-10,2421.0,BID
779,1712608770.4807646,6955038.20656548,2397.0,5.315344618155282e-09,2421.0,BID
780,1712608770.615786,6955038.20656548,2397.0,0.0,2421.0,BID
781,1712608779.7662303,6955129.95826548,2396.0,-5.28312908361682e-09,2421.0,ASK
782,1712608791.1057956,6955132.46139439,2396.0,-1.441319686369465e-10,2421.0,ASK
783,1712608800.700009,6955132.46139439,2396.0,-0.0,2421.0,ASK
784,1712608801.8297336,6955380.26139439,2397.0,1.4277170908358142e-08,2421.0,BID
785,1712608811.056393,6955382.7645233,2397.0,1.4421952889423503e-10,2421.0,BID
786,1712608827.3501024,6955390.7645233,2397.0,4.609256144751856e-10,2421.0,BID
787,1712608830.6047437,6955390.7645233,2397.0,0.0,2421.0,BID
788,1712608846.8665032,6955429.94828875,2397.0,2.257519613613759e-09,2421.0,BID
789,1712608847.0062635,6955500.67738875,2397.0,-4.074961369117035e-09,2421.0,ASK
790,1712608853.6667202,6955503.18051766,2397.0,-1.4421438434725423e-10,2421.0,ASK
791,1712608860.9166343,6955503.18051766,2397.0,-0.0,2421.0,ASK
792,1712608875.2403836,6955505.68260273,2398.0,1.4415200693898508e-10,2421.0,BID
793,1712608890.909701,6955505.68260273,2398.0,0.0,2421.0,BID
794,1712608894.9270172,6957162.24958068,2398.0,9.54393497223054e-08,2421.0,BID
795,1712608894.9332376,6957200.44120514,2398.0,2.2003238334448983e-09,2421.0,BID
796,1712608905.576715,6957204.62705814,2399.0,2.4115842803299667e-10,2421.0,BID
797,1712608905.6322176,6957236.52770451,2400.0,1.837883397284171e-09,2421.0,BID
798,1712608905.637565,6957319.9305402,2400.0,4.8050652398832874e-09,2421.0,BID
799,1712608905.6472106,6957324.11639314,2400.0,-2.4115842454535417e-10,2421.0,ASK
800,1712608905.806619,6958282.26945414,2400.0,5.520181573911319e-08,2421.0,BID
1001,1712608905.8838365,6958282.26945492,2400.0,4.4910103899238085e-17,2421.0,BID
801,1712608905.8838365,6958282.26945492,2400.0,4.491010389923809e-17,2421.0,BID
802,1712608905.889268,6958491.34384165,2401.0,1.2045346658890617e-08,2421.0,BID
803,1712608905.892624,6958519.25512206,2401.0,1.6080451244883455e-09,2421.0,BID
804,1712608905.895686,6958523.44097592,2401.0,2.4115847761117593e-10,2421.0,BID
805,1712608906.0067475,6958523.44097606,2401.0,8.048405716709334e-18,2421.0,BID
806,1712608915.9786391,6959263.24403544,2402.0,4.2622075563224014e-08,2421.0,BID
807,1712608915.984,6959267.42114544,2402.0,2.4065471995627345e-10,2421.0,BID
808,1712608919.277019,6959795.80143606,2402.0,3.0441432199282745e-08,2421.0,BID
809,1712608919.3970208,6959988.10143606,2402.0,-1.1078928407884302e-08,2421.0,ASK
810,1712608919.416671,6959988.11325567,2402.0,-6.809600474397244e-13,2421.0,ASK
811,1712608920.6248946,6959988.11325567,2402.0,-0.0,2421.0,ASK
812,1712608922.8070478,6959990.61534074,2399.0,-1.4406267067397562e-10,2421.0,ASK
813,1712608923.0669506,6960182.97884074,2399.0,-1.1075722356952962e-08,2421.0,ASK
814,1712608945.027039,6960185.47571964,2403.0,1.4376291474880806e-10,2421.0,BID
815,1712608950.609715,6960185.47571964,2403.0,0.0,2421.0,BID
816,1712608980.93731,6960185.47571964,2403.0,0.0,2421.0,BID
817,1712608989.0674028,6960187.97259854,2399.0,-1.4375899563037783e-10,2421.0,ASK
818,1712609010.5986724,6960190.46947744,2403.0,1.437589956839992e-10,2421.0,BID
819,1712609010.9747548,6960190.46947744,2403.0,0.0,2421.0,BID
820,1712609040.6310318,6960190.46947744,2403.0,0.0,2421.0,BID
821,1712609047.9675827,6960202.95387194,2403.0,7.18794482053236e-10,2421.0,BID
822,1712609057.847589,6960205.45075084,2399.0,-1.4375889638919867e-10,2421.0,ASK
823,1712609070.6093862,6960205.45075084,2399.0,-0.0,2421.0,ASK
824,1712609100.636978,6960205.45075084,2399.0,-0.0,2421.0,ASK
825,1712609109.637933,6960207.94866924,2402.0,1.4382923469282574e-10,2421.0,BID
826,1712609130.6482563,6960207.94866924,2402.0,0.0,2421.0,BID
827,1712609155.2979317,6960210.44658764,2401.0,-1.4382918500303223e-10,2421.0,ASK
828,1712609160.6383483,6960210.44658764,2401.0,-0.0,2421.0,ASK
829,1712609163.7106583,6960508.32857803,2401.0,-1.7151925022708553e-08,2421.0,ASK
830,1712609173.4382029,6960510.82649643,2402.0,1.4382913533395983e-10,2421.0,BID
831,1712609190.6042504,6960510.82649643,2402.0,0.0,2421.0,BID
832,1712609220.948009,6960510.82649643,2402.0,0.0,2421.0,BID
833,1712609225.0785575,6960593.87432994,2402.0,4.781662233411587e-09,2421.0,BID
834,1712609225.0872998,6960594.09044314,2402.0,1.244319424614312e-11,2421.0,BID
835,1712609225.8981586,6960596.58836154,2401.0,-1.4382316275358731e-10,2421.0,ASK
836,1712609234.269105,6960674.00925604,2402.0,4.457678805785809e-09,2421.0,BID
837,1712609242.7584562,6960676.50613494,2403.0,1.4376331128132667e-10,2421.0,BID
838,1712609246.4519062,6961327.90157461,2403.0,3.7505529538994914e-08,2421.0,BID
839,1712609246.458079,6961409.29244594,2403.0,4.686258980300615e-09,2421.0,BID
840,1712609250.938531,6961409.29244594,2403.0,0.0,2421.0,BID
841,1712609273.3287926,6961534.18836594,2402.0,7.190264384733635e-09,2421.0,BID
842,1712609280.655566,6961534.18836594,2402.0,0.0,2421.0,BID
843,1712609288.248266,6961534.18836601,2402.0,4.0211521039080244e-18,2421.0,BID
844,1712609290.6569726,6961536.68524491,2402.0,-1.437429610731349e-10,2421.0,ASK
845,1712609298.7984335,6961568.03295767,2402.0,-1.8046582291004759e-09,2421.0,ASK
846,1712609307.2288575,6961568.03295788,2403.0,1.2063456311724073e-17,2421.0,BID
847,1712609307.2380188,6961570.52879793,2404.0,1.4368315544296996e-10,2421.0,BID
848,1712609310.6127262,6961570.52879793,2404.0,0.0,2421.0,BID
849,1712609340.9305615,6961570.52879793,2404.0,0.0,2421.0,BID
850,1712609352.8460715,6961671.62640345,2403.0,-5.820064457823639e-09,2421.0,ASK
851,1712609356.3983676,6961695.13718802,2403.0,-1.3534868699256823e-09,2421.0,ASK
852,1712609359.4082718,6961697.63302828,2403.0,-1.4368244543403206e-10,2421.0,ASK
853,1712609370.9510858,6961697.63302828,2403.0,-0.0,2421.0,ASK
854,1712609391.31869,6961715.2661167,2403.0,-1.015097303241979e-09,2421.0,ASK
855,1712609400.6209106,6961715.2661167,2403.0,-0.0,2421.0,ASK
856,1712609422.0084362,6961768.16538199,2403.0,-3.048277704942876e-09,2421.0,ASK
857,1712609430.6144748,6961768.16538199,2403.0,-0.0,2421.0,ASK
858,1712609439.969381,6961956.56666536,2404.0,1.0856393218461575e-08,2421.0,BID
859,1712609439.9779058,6961960.74377536,2404.0,2.40700848058598e-10,2421.0,BID
860,1712609439.9843493,6962199.38918406,2405.0,1.3751649406443256e-08,2421.0,BID
861,1712609439.988331,6962203.56278406,2404.0,2.4049858859669406e-10,2421.0,BID
862,1712609441.8583994,6962206.05758655,2405.0,1.43759938085953e-10,2421.0,BID
863,1712609460.9220726,6962206.05758655,2405.0,0.0,2421.0,BID
864,1712609461.328366,6962218.54198106,2403.0,-7.193542978479286e-10,2421.0,ASK
865,1712609472.7915008,6962799.76119783,2405.0,3.3490013571008724e-08,2421.0,BID
866,1712609472.7988513,6962807.72929914,2405.0,4.5912422254111646e-10,2421.0,BID
867,1712609489.2786806,6962810.22410163,2403.0,-1.4375121612003492e-10,2421.0,ASK
868,1712609490.9386933,6962810.22410163,2403.0,-0.0,2421.0,ASK
869,1712609507.2686706,6962812.71786721,2406.0,1.4367943996699348e-10,2421.0,BID
870,1712609520.6139667,6962812.71786721,2406.0,0.0,2421.0,BID
871,1712609530.9943595,6962814.40121163,2406.0,9.698662212619199e-11,2421.0,BID
872,1712609530.9998894,6962833.41865563,2406.0,1.09569832122664e-09,2421.0,BID
873,1712609534.820345,6962904.17845563,2404.0,-4.076856704197368e-09,2421.0,ASK
874,1712609539.6785076,6962974.90745563,2404.0,-4.075082148735007e-09,2421.0,ASK
875,1712609540.6788194,6963473.4113209,2406.0,2.8721517375554122e-08,2421.0,BID
876,1712609550.5939012,6963473.4113209,2406.0,0.0,2421.0,BID
877,1712609554.1337662,6963475.90508648,2404.0,-1.436662347151192e-10,2421.0,ASK
878,1712609574.0519066,6963478.39885206,2406.0,1.4366623466146557e-10,2421.0,BID
879,1712609580.9116323,6963478.39885206,2406.0,0.0,2421.0,BID
880,1712609593.8105202,6963636.34185206,2404.0,-9.099115252461257e-09,2421.0,ASK
881,1712609610.9152665,6963636.34185206,2404.0,-0.0,2421.0,ASK
882,1712609623.858739,6963638.83561764,2404.0,-1.4366299291331379e-10,2421.0,ASK
883,1712609627.728678,6965749.17864092,2404.0,-1.2157445638543457e-07,2421.0,ASK
884,1712609640.5770922,6965749.17864092,2404.0,-0.0,2421.0,ASK
885,1712609643.4887493,6965751.6724065,2406.0,1.4362096793032984e-10,2421.0,BID
886,1712609657.3288362,6966286.6724065,2406.0,3.08117244237168e-08,2421.0,BID
887,1712609666.348691,6966364.79739277,2405.0,-4.499374855220262e-09,2421.0,ASK
888,1712609666.429445,6966401.22434044,2405.0,-2.0979010714148804e-09,2421.0,ASK
889,1712609666.4389253,6966423.09935417,2405.0,-1.2598259716426908e-09,2421.0,ASK
890,1712609668.9109702,6966594.5726144,2405.0,-9.875489420983543e-09,2421.0,ASK
891,1712609670.640071,6966594.5726144,2405.0,-0.0,2421.0,ASK
892,1712609686.918754,6966603.3386144,2405.0,-5.047924204370022e-10,2421.0,ASK
893,1712609687.6317475,6966908.71687666,2406.0,1.7585287720520563e-08,2421.0,BID
894,1712609690.659014,6966914.63587666,2405.0,-3.4084717510549825e-10,2421.0,ASK
895,1712609690.778656,6966917.12964224,2405.0,-1.4360414817720178e-10,2421.0,ASK
896,1712609700.9213154,6966917.12964224,2405.0,-0.0,2421.0,ASK
897,1712609701.2086031,6967107.24513284,2405.0,-1.0947994903776883e-08,2421.0,ASK
898,1712609706.1321132,6967109.73889842,2406.0,1.4360604056907614e-10,2421.0,BID
899,1712609717.888968,6967156.8878055,2405.0,-2.7151180201221707e-09,2421.0,ASK
900,1712609717.896556,6967219.22669842,2405.0,-3.5898488852173023e-09,2421.0,ASK
901,1712609730.9501688,6967219.22669842,2405.0,-0.0,2421.0,ASK
902,1712609748.8388755,6967409.34218902,2405.0,-1.0947536870940177e-08,2421.0,ASK
903,1712609752.5485952,6967411.8359546,2405.0,-1.4360003255684395e-10,2421.0,ASK
904,1712609760.603186,6967411.8359546,2405.0,-0.0,2421.0,ASK
905,1712609769.6487086,6967546.5781546,2405.0,-7.758735766404783e-09,2421.0,ASK
906,1712609769.7685,6967681.3203546,2405.0,-7.758735766404783e-09,2421.0,ASK
907,1712609772.1188183,6967683.81412018,2406.0,1.4359620219165968e-10,2421.0,BID
908,1712609790.600382,6967683.81412018,2406.0,0.0,2421.0,BID
909,1712609817.9791348,6968317.96159889,2406.0,3.651415378756839e-08,2421.0,BID
910,1712609817.9868398,6969707.26960939,2406.0,7.999622809649226e-08,2421.0,BID
911,1712609820.9395905,6969707.26960939,2406.0,0.0,2421.0,BID
912,1712609822.1485782,6969729.73440939,2406.0,-1.293158624683824e-09,2421.0,ASK
913,1712609822.4884648,6969732.22817497,2406.0,-1.4355055318053011e-10,2421.0,ASK
914,1712609836.3664024,6969826.10837497,2406.0,-5.4040984258320605e-09,2421.0,ASK
915,1712609840.9392266,6969828.6011045,2407.0,1.4349091424619535e-10,2421.0,BID
916,1712609841.838808,6970659.85629985,2406.0,-4.785018451851172e-08,2421.0,ASK
917,1712609846.8393538,6970661.01239554,2407.0,6.654922868630369e-11,2421.0,BID
918,1712609846.8453736,6970673.99753202,2407.0,7.474734354081644e-10,2421.0,BID
1118,1712609846.8453736,6970673.99753202,2407.0,7.474734354081645e-10,2421.0,BID
919,1712609846.851161,6971490.4269565,2408.0,4.699675722474655e-08,2421.0,BID
920,1712609850.9297523,6971490.4269565,2408.0,0.0,2421.0,BID
921,1712609880.6362386,6971490.4269565,2408.0,0.0,2421.0,BID
922,1712609888.8091722,6971492.91968603,2405.0,-1.4345547221561007e-10,2421.0,ASK
923,1712609904.8691363,6971495.41138038,2408.0,1.433958981253792e-10,2421.0,BID
924,1712609910.6175027,6971495.41138038,2408.0,0.0,2421.0,BID
925,1712609940.6768796,6971495.41138038,2408.0,0.0,2421.0,BID
926,1712609943.668575,6971609.41138038,2405.0,-6.560644605940598e-09,2421.0,ASK
927,1712609943.709452,6971747.78418394,2405.0,-7.963287607734101e-09,2421.0,ASK
928,1712609943.7194352,6971753.41138038,2405.0,-3.238424208224441e-10,2421.0,ASK
929,1712609956.9986866,6971755.90307473,2406.0,-1.4339579908455296e-10,2421.0,ASK
930,1712609970.6198587,6971755.90307473,2406.0,-0.0,2421.0,ASK
931,1712609976.5285687,6971758.39476908,2408.0,1.4339062929195503e-10,2421.0,BID
932,1712609984.9424653,6972063.13066908,2407.0,-1.7536770700787418e-08,2421.0,ASK
933,1712610000.7765412,6972063.13066908,2407.0,-0.0,2421.0,ASK
934,1712610007.0589817,6972173.60016908,2407.0,-6.357386579237739e-09,2421.0,ASK
935,1712610017.228523,6972285.65146908,2407.0,-6.4484172626739885e-09,2421.0,ASK
936,1712610022.408465,6972288.14316343,2407.0,-1.4339400666128228e-10,2421.0,ASK
937,1712610030.6943946,6972288.14316343,2407.0,-0.0,2421.0,ASK
938,1712610041.8909292,6972290.63485778,2408.0,1.433895374466468e-10,2421.0,BID
939,1712610060.9401174,6972290.63485778,2408.0,0.0,2421.0,BID
940,1712610068.170076,6972359.24445923,2408.0,3.948275444224464e-09,2421.0,BID
941,1712610068.175966,6973151.87862854,2408.0,4.56137036331756e-08,2421.0,BID
942,1712610071.60488,6973592.49054714,2408.0,2.535588579254496e-08,2421.0,BID
943,1712610075.1085143,6973977.81614942,2408.0,2.2174325187100256e-08,2421.0,BID
944,1712610086.6302297,6974023.50188246,2408.0,2.629076019975707e-09,2421.0,BID
945,1712610088.618605,6974025.99357681,2408.0,-1.4338948788324195e-10,2421.0,ASK
946,1712610090.910798,6974025.99357681,2408.0,-0.0,2421.0,ASK
947,1712610108.9535203,6974562.13221402,2409.0,3.0845742469831654e-08,2421.0,BID
948,1712610108.960081,6975334.93897032,2409.0,4.446200390968184e-08,2421.0,BID
949,1712610120.6407568,6975334.93897032,2409.0,0.0,2421.0,BID
950,1712610139.2057462,6975337.42859687,2410.0,1.4321006704641547e-10,2421.0,BID
951,1712610150.621304,6975337.42859687,2410.0,0.0,2421.0,BID
952,1712610151.6123774,6975378.9223728,2410.0,2.3868336324551187e-09,2421.0,BID
953,1712610157.1008458,6975400.84205018,2410.0,1.2608788187894386e-09,2421.0,BID
954,1712610157.1104617,6977486.56349478,2410.0,1.1997630922460394e-07,2421.0,BID
955,1712610157.114863,6983001.19459803,2410.0,3.172164184321211e-07,2421.0,BID
956,1712610166.6652951,6983098.23189803,2410.0,-5.581846579396898e-09,2421.0,ASK
957,1712610166.7983563,6984736.35932954,2411.0,9.422949731900517e-08,2421.0,BID
958,1712610166.8783238,6984874.03522954,2410.0,-7.919488191463205e-09,2421.0,ASK
959,1712610180.9214947,6984874.03522954,2410.0,-0.0,2421.0,ASK
960,1712610185.568704,6984876.52485609,2410.0,-1.4302092231106315e-10,2421.0,ASK
961,1712610192.4591253,6985083.9076848,2411.0,1.1913466878550476e-08,2421.0,BID
962,1712610192.468126,6985582.8963695,2411.0,2.8665271878604204e-08,2421.0,BID
963,1712610192.4754052,6987193.37648505,2411.0,9.2516828102191e-08,2421.0,BID
964,1712610203.4083295,6987195.86404723,2412.0,1.42902331065407e-10,2421.0,BID
965,1712610203.5508883,6987233.31744723,2410.0,-2.151575630264688e-09,2421.0,ASK
966,1712610204.318142,6987569.54574723,2410.0,-1.931521881817174e-08,2421.0,ASK
967,1712610206.126876,6987691.96234723,2410.0,-7.032434259643033e-09,2421.0,ASK
968,1712610206.6480792,6987712.78700362,2410.0,-1.196308564686156e-09,2421.0,ASK
969,1712610210.9082868,6987712.78700362,2410.0,-0.0,2421.0,ASK
970,1712610213.448209,6987746.86170362,2410.0,-1.9567110600062656e-09,2421.0,ASK
971,1712610231.6283314,6987959.36170362,2411.0,-1.2202634219606916e-08,2421.0,ASK
972,1712610240.6489992,6987959.36170362,2411.0,-0.0,2421.0,ASK
973,1712610247.132337,6988001.02837028,2411.0,-2.392591701935405e-09,2421.0,ASK
974,1712610247.868661,6988003.51593246,2411.0,-1.4284129517099472e-10,2421.0,ASK
975,1712610251.195348,6988024.25421534,2411.0,-1.1908378449392643e-09,2421.0,ASK
976,1712610262.1612463,6988131.63171534,2411.0,-6.1658523724163106e-09,2421.0,ASK
977,1712610263.5688794,6988413.17271534,2411.0,-1.6166703851292236e-08,2421.0,ASK
978,1712610265.1695275,6988620.46956443,2412.0,1.1903441305356773e-08,2421.0,BID
979,1712610265.175502,6988732.34175328,2412.0,6.423947298341575e-09,2421.0,BID
980,1712610266.4186974,6988809.63348646,2412.0,4.438261427202637e-09,2421.0,BID
981,1712610266.4267678,6989051.51079121,2412.0,1.3889127175960922e-08,2421.0,BID
982,1712610267.71823,6989314.4816912,2411.0,-1.5100367838575225e-08,2421.0,ASK
983,1712610269.2689707,6989547.6517912,2411.0,-1.3389140315867144e-08,2421.0,ASK
984,1712610270.5934818,6989547.6517912,2411.0,-0.0,2421.0,ASK
985,1712610272.1788812,6990399.5034912,2411.0,-4.89044439919425e-08,2421.0,ASK
986,1712610295.0982616,6990496.2262912,2411.0,-5.552814833115151e-09,2421.0,ASK
987,1712610296.451905,6991366.7566912,2411.0,-4.997678021900543e-08,2421.0,ASK
988,1712610298.958424,6991369.24322248,2413.0,1.42750703809263e-10,2421.0,BID
989,1712610300.9193475,6991369.24322248,2413.0,0.0,2421.0,BID
990,1712610302.4080913,6992216.20592248,2411.0,-4.866162382115461e-08,2421.0,ASK
991,1712610302.668144,6992312.58769611,2411.0,-5.537544465188613e-09,2421.0,ASK
992,1712610313.2281692,6992662.48369611,2411.0,-2.0103019328374528e-08,2421.0,ASK
993,1712610315.6781423,6992836.48039643,2411.0,-9.9968534353553e-09,2421.0,ASK
994,1712610318.4312215,6993251.24605384,2411.0,-2.383005815346977e-08,2421.0,ASK
995,1712610323.3094409,6993665.75105384,2411.0,-2.3815082272196253e-08,2421.0,ASK
996,1712610324.9879117,6993699.27432913,2411.0,-1.926055316721236e-09,2421.0,ASK
997,1712610325.8404768,6993926.35392913,2411.0,-1.3046692696968265e-08,2421.0,ASK
998,1712610328.0981796,6993943.11556677,2411.0,-9.630276580395675e-10,2421.0,ASK
999,1712610330.5846224,6993951.49638559,2411.0,-4.81513829073292e-10,2421.0,ASK
1000,1712610330.9679568,6993951.49638559,2411.0,-0.0,2421.0,ASK
1201,1712610332.7787137,6993955.686795,2411.0,-2.406708266739557e-10,2421.0,ASK
1202,1712610337.788316,6993957.78199971,2411.0,-1.2033541363116918e-10,2421.0,ASK
1203,1712610345.4582598,6993960.26853099,2410.0,-1.4281075670129612e-10,2421.0,ASK
1204,1712610352.9280288,6994007.09663099,2411.0,-2.689512273448763e-09,2421.0,ASK
1205,1712610360.606882,6994007.09663099,2411.0,-0.0,2421.0,ASK
1206,1712610363.772225,6994009.58316227,2413.0,1.4280965721344966e-10,2421.0,BID
1207,1712610370.6558914,6994011.65527167,2413.0,1.1900804769570437e-10,2421.0,BID
1208,1712610375.6487455,6994032.80020993,2410.0,-1.2144232445683587e-09,2421.0,ASK
1209,1712610375.6512923,6994032.80029325,2411.0,-4.785332196438701e-15,2421.0,ASK
1210,1712610376.634993,6994274.71769325,2410.0,-1.3894110742168576e-08,2421.0,ASK
1211,1712610377.138636,6994278.86191206,2413.0,2.3801609592629784e-10,2421.0,BID
1212,1712610378.9185164,6994281.00999788,2413.0,1.2337162301508648e-10,2421.0,BID
1213,1712610378.920066,6994353.40855916,2413.0,4.158087132229316e-09,2421.0,BID
1214,1712610390.632045,6994353.40855916,2413.0,0.0,2421.0,BID
1215,1712610409.898206,6994355.89509044,2411.0,-1.4280280998473582e-10,2421.0,ASK
1216,1712610414.9883246,6994358.44792922,2413.0,1.4661088487202046e-10,2421.0,BID
1217,1712610420.9289377,6994358.44792922,2413.0,0.0,2421.0,BID
1218,1712610431.0314248,6994360.9344605,2413.0,1.4280271029849923e-10,2421.0,BID
1219,1712610445.562633,6994363.71602114,2411.0,-1.5974639105820328e-10,2421.0,ASK
1220,1712610450.9209375,6994363.71602114,2411.0,-0.0,2421.0,ASK
1221,1712610453.234514,6994456.24481381,2412.0,5.313970042566329e-09,2421.0,BID
1222,1712610474.2080388,6994663.45575454,2413.0,1.1900217216249633e-08,2421.0,BID
1223,1712610476.0480173,6994665.94228582,2411.0,-1.4280260609094091e-10,2421.0,ASK
1224,1712610480.6550758,6994665.94228582,2411.0,-0.0,2421.0,ASK
1225,1712610489.8889267,6994666.48297576,2411.0,-3.105076531060894e-11,2421.0,ASK
1226,1712610489.8919392,6996471.50334075,2411.0,-1.0365878782991589e-07,2421.0,ASK
1227,1712610490.028244,6996979.95294034,2411.0,2.919926566390841e-08,2421.0,BID
1228,1712610496.5883322,6996982.44050252,2412.0,1.4285582876881233e-10,2421.0,BID
1229,1712610505.37792,6997003.17018742,2412.0,1.1904652438048892e-09,2421.0,BID
1230,1712610507.8881605,6997211.43114632,2411.0,-1.1960019382915662e-08,2421.0,ASK
1231,1712610510.6574657,6997211.43114632,2411.0,-0.0,2421.0,ASK
1232,1712610515.1583772,6997252.89051613,2412.0,2.380091631495437e-09,2421.0,BID
1233,1712610515.9185865,6997459.06886544,2411.0,-1.1836247536628823e-08,2421.0,ASK
1234,1712610520.3193026,6998036.17995764,2411.0,-3.313068402328744e-08,2421.0,ASK
1235,1712610520.32293,6998670.93681362,2410.0,-3.6440001086944826e-08,2421.0,ASK
1236,1712610524.1188898,6998673.03201833,2413.0,1.2028111424335587e-10,2421.0,BID
1237,1712610524.1228635,6998842.09385139,2412.0,9.705469617926072e-09,2421.0,BID
1238,1712610524.126533,6999123.79722109,2413.0,1.6171973569629874e-08,2421.0,BID
1239,1712610525.2583244,7000170.93681362,2413.0,-6.011399094082772e-08,2421.0,ASK
1240,1712610525.317819,7001164.96287933,2412.0,5.7064859676112286e-08,2421.0,BID
1241,1712610540.9201248,7001164.96287933,2412.0,0.0,2421.0,BID
1242,1712610545.703073,7001167.45044151,2412.0,-1.4272736920941386e-10,2421.0,ASK
1243,1712610546.1998107,7001343.45510872,2412.0,-1.0098514648734668e-08,2421.0,ASK
1244,1712610548.9580348,7002664.96287933,2412.0,-7.582336191142103e-08,2421.0,ASK
1245,1712610557.708114,7002831.46487358,2412.0,9.553285459070089e-09,2421.0,BID
1246,1712610563.72088,7002833.95140486,2413.0,1.4266821984636916e-10,2421.0,BID
1247,1712610570.9967277,7002833.95140486,2413.0,0.0,2421.0,BID
1248,1712610579.947853,7002932.20853167,2412.0,-5.636338616994568e-09,2421.0,ASK
1249,1712610600.6246364,7002932.20853167,2412.0,-0.0,2421.0,ASK
1250,1712610610.4581156,7002934.69506295,2410.0,-1.4267040929663594e-10,2421.0,ASK
1251,1712610621.1457,7003011.93931745,2410.0,-4.432065461636013e-09,2421.0,ASK
1252,1712610621.147427,7003017.75154135,2410.0,-3.3348961640997624e-10,2421.0,ASK
1253,1712610627.681646,7003020.23807263,2413.0,1.4267040929663594e-10,2421.0,BID
1254,1712610630.7224932,7003020.23807263,2413.0,0.0,2421.0,BID
1255,1712610660.9275117,7003020.23807263,2413.0,0.0,2421.0,BID
1256,1712610677.8144648,7003022.72460391,2410.0,-1.426686725784551e-10,2421.0,ASK
1257,1712610685.7378554,7003064.27009622,2410.0,-2.383738458155273e-09,2421.0,ASK
1258,1712610691.0013168,7003064.27009622,2410.0,-0.0,2421.0,ASK
1259,1712610694.1477566,7003092.80117074,2411.0,1.63700564646003e-09,2421.0,BID
1260,1712610694.9076211,7003095.28873292,2412.0,1.4272695306255895e-10,2421.0,BID
1261,1712610720.6480167,7003095.28873292,2412.0,0.0,2421.0,BID
1262,1712610735.5281289,7003458.78819258,2412.0,2.0856141051764443e-08,2421.0,BID
1263,1712610736.0882576,7005107.15931258,2413.0,9.457692348830218e-08,2421.0,BID
1264,1712610740.407957,7006513.88774753,2412.0,8.071243541390747e-08,2421.0,BID
1265,1712610740.4293191,7006614.81323153,2412.0,5.790699474442611e-09,2421.0,BID
1266,1712610740.431696,7006982.79722584,2412.0,2.1113445663170306e-08,2421.0,BID
1267,1712610740.5079467,7006985.28478802,2412.0,-1.4272634061269523e-10,2421.0,ASK
1268,1712610750.5855582,7006985.28478802,2412.0,-0.0,2421.0,ASK
1269,1712610760.8187068,7006987.77028864,2414.0,1.4253131279182987e-10,2421.0,BID
1270,1712610760.821938,7006987.77028926,2413.0,3.556892737821446e-17,2421.0,BID
1271,1712610762.0087528,7007166.89856964,2412.0,1.0272131399942555e-08,2421.0,BID
1272,1712610780.958123,7007166.89856964,2412.0,0.0,2421.0,BID
1273,1712610788.2885246,7007767.98051712,2412.0,-3.4468246074388075e-08,2421.0,ASK
1274,1712610788.5166736,7007996.085966,2412.0,1.3080404054506944e-08,2421.0,BID
1275,1712610799.858643,7008597.16791348,2412.0,-3.446824607433467e-08,2421.0,ASK
1276,1712610799.8617525,7009463.98878502,2412.0,-4.970669178788799e-08,2421.0,ASK
1277,1712610809.9482615,7009466.47428626,2412.0,-1.4252776799885792e-10,2421.0,ASK
1278,1712610810.9284055,7009466.47428626,2412.0,-0.0,2421.0,ASK
1279,1712610824.6883273,7009468.96081754,2413.0,1.4254149737195878e-10,2421.0,BID
1280,1712610825.7487037,7009568.06081754,2413.0,5.680951011247758e-09,2421.0,BID
1281,1712610826.049738,7010399.96081754,2413.0,4.76890327575872e-08,2421.0,BID
1282,1712610826.088248,7010567.40140052,2413.0,9.598604936475406e-09,2421.0,BID
1283,1712610840.617876,7010567.40140052,2413.0,0.0,2421.0,BID
1284,1712610841.2282295,7010779.04399984,2414.0,1.2130657587365828e-08,2421.0,BID
1285,1712610841.2483394,7010955.26524796,2414.0,1.0100422256344842e-08,2421.0,BID
1286,1712610841.252324,7010989.47584049,2414.0,1.960838626929169e-09,2421.0,BID
1287,1712610841.308717,7011193.74953522,2414.0,1.1708296216499062e-08,2421.0,BID
1288,1712610841.31266,7013030.79862764,2414.0,1.0529361094093669e-07,2421.0,BID
1289,1712610858.649666,7013034.53355664,2415.0,2.1407384410330347e-10,2421.0,BID
1290,1712610858.6591551,7014738.85651442,2415.0,9.768618551057813e-08,2421.0,BID
1291,1712610870.572418,7014738.85651442,2415.0,0.0,2421.0,BID
1292,1712610873.2211876,7014741.01688002,2415.0,1.2375361017618558e-10,2421.0,BID
1293,1712610873.2288184,7014842.05651442,2415.0,5.787918272941504e-09,2421.0,BID
1294,1712610874.3082478,7014844.5430457,2414.0,-1.4243756835720202e-10,2421.0,ASK
1295,1712610884.738623,7016495.93371711,2414.0,-9.45976724834434e-08,2421.0,ASK
1296,1712610885.776837,7016594.99401407,2414.0,-5.674534615087048e-09,2421.0,ASK
1297,1712610888.4985423,7016597.47848611,2415.0,1.4231960759573942e-10,2421.0,BID
1298,1712610888.6204937,7017187.54597491,2415.0,3.380121494869032e-08,2421.0,BID
1299,1712610890.1308875,7018145.34505107,2415.0,5.4866219653575615e-08,2421.0,BID
1300,1712610899.5586283,7018168.75914273,2415.0,-1.341244450968526e-09,2421.0,ASK
1301,1712610900.6517005,7018168.75914273,2415.0,-0.0,2421.0,ASK
1302,1712610904.459121,7018402.26201931,2416.0,1.3373206154798748e-08,2421.0,BID
1303,1712610904.463563,7018593.15914273,2416.0,1.0933084094051397e-08,2421.0,BID
1304,1712610906.5784464,7018604.86618856,2415.0,-6.70487403151316e-10,2421.0,ASK
1305,1712610912.748489,7018607.79295002,2415.0,-1.6762185096118026e-10,2421.0,ASK
1306,1712610917.218471,7018610.71971148,2415.0,-1.6762185090784146e-10,2421.0,ASK
1307,1712610917.8791711,7019200.78720028,2416.0,3.379441953162032e-08,2421.0,BID
1308,1712610930.6408415,7019200.78720028,2416.0,0.0,2421.0,BID
1309,1712610942.669139,7019203.27167232,2415.0,-1.4227067924550447e-10,2421.0,ASK
1310,1712610958.852414,7019205.75511602,2416.0,1.4221179252547963e-10,2421.0,BID
1311,1712610959.5688038,7021029.52672103,2416.0,1.0443636351870728e-07,2421.0,BID
1312,1712610959.5715709,7021929.76066291,2416.0,5.155095021099928e-08,2421.0,BID
1313,1712610960.3187003,7022095.39213288,2416.0,9.484711989414273e-09,2421.0,BID
1314,1712610960.9388475,7022095.39213288,2416.0,0.0,2421.0,BID
1315,1712610968.3404422,7022355.34342152,2416.0,1.4879878332436512e-08,2421.0,BID
1316,1712610968.3482862,7022923.20670241,2416.0,3.2505076521566615e-08,2421.0,BID
1317,1712610983.5187218,7022967.73245277,2416.0,2.548699610136332e-09,2421.0,BID
1318,1712610990.9589198,7022967.73245277,2416.0,0.0,2421.0,BID
1319,1712611006.5987377,7022970.21589647,2415.0,-1.4213771660474269e-10,2421.0,ASK
1320,1712611013.3311012,7022989.55062744,2415.0,-1.1066063271678483e-09,2421.0,ASK
1321,1712611020.6766298,7022989.55062744,2415.0,-0.0,2421.0,ASK
1322,1712611023.7589998,7022992.03407114,2416.0,1.4213728795892616e-10,2421.0,BID
1323,1712611023.918742,7022994.18638902,2416.0,1.231856499410791e-10,2421.0,BID
1324,1712611050.6444876,7022994.18638902,2416.0,0.0,2421.0,BID
1325,1712611068.6244636,7022996.66983272,2415.0,-1.4213719689941248e-10,2421.0,ASK
1326,1712611080.9170566,7022996.66983272,2415.0,-0.0,2421.0,ASK
1327,1712611087.909591,7023000.85393314,2416.0,2.3947235076431807e-10,2421.0,BID
1328,1712611087.911463,7023525.37294472,2416.0,3.0020264366709096e-08,2421.0,BID
1329,1712611087.9290795,7023525.37294512,2416.0,2.2867079443385888e-17,2421.0,BID
1330,1712611088.759369,7023527.85536133,2417.0,1.4207834085701235e-10,2421.0,BID
1331,1712611094.0493357,7023554.77235713,2417.0,1.5405644257620388e-09,2421.0,BID
1332,1712611094.0726075,7023580.77633763,2417.0,1.4883090068278134e-09,2421.0,BID
1333,1712611098.8123646,7023589.05105835,2417.0,4.735944705361352e-10,2421.0,BID
1334,1712611110.945196,7023589.05105835,2417.0,0.0,2421.0,BID
1335,1712611117.2395978,7023650.76485835,2416.0,-3.5318316381420478e-09,2421.0,ASK
1336,1712611119.7059932,7023712.97970696,2416.0,-3.5605062511407997e-09,2421.0,ASK
1337,1712611127.619497,7023767.09570292,2417.0,3.0970153622383877e-09,2421.0,BID
1338,1712611135.229084,7024181.00298769,2416.0,-2.3687584358896866e-08,2421.0,ASK
1339,1712611136.6089394,7024183.4854039,2416.0,-1.4206670321192507e-10,2421.0,ASK
1340,1712611138.7800424,7027095.09070672,2417.0,1.666288532917646e-07,2421.0,BID
1341,1712611138.7845705,7027286.94653305,2417.0,1.0979756187355125e-08,2421.0,BID
1342,1712611138.7890284,7027459.83453623,2418.0,9.894242770423592e-09,2421.0,BID
1343,1712611138.7921133,7027529.09314936,2417.0,3.963615286476322e-09,2421.0,BID
1344,1712611138.7941284,7028722.3281798,2418.0,6.828789075124896e-08,2421.0,BID
1345,1712611140.633902,7028722.3281798,2418.0,0.0,2421.0,BID
1346,1712611141.1888814,7028743.54301535,2418.0,-1.2132466241197604e-09,2421.0,ASK
1347,1712611156.075088,7028746.02337913,2419.0,1.418485180519502e-10,2421.0,BID
1348,1712611170.625348,7028746.02337913,2419.0,0.0,2421.0,BID
1349,1712611182.479065,7033858.6859194,2418.0,-2.923850259072733e-07,2421.0,ASK
1350,1712611182.5393064,7034070.32851872,2418.0,-1.2103503096060818e-08,2421.0,ASK
1351,1712611182.5634,7035667.66924954,2418.0,-9.134937173828009e-08,2421.0,ASK
1352,1712611182.567045,7038400.68622996,2418.0,-1.562968872541464e-07,2421.0,ASK
1353,1712611187.2794998,7039465.08466758,2418.0,-6.087125099846503e-08,2421.0,ASK
1354,1712611187.2814507,7039754.58011836,2418.0,-1.6555783646893693e-08,2421.0,ASK
1355,1712611187.4472456,7039771.68636748,2415.0,-9.782791359213376e-10,2421.0,ASK
1356,1712611187.455865,7039808.87835907,2415.0,-2.126950750009845e-09,2421.0,ASK
1357,1712611200.6800892,7039808.87835907,2415.0,-0.0,2421.0,ASK
1358,1712611203.1216617,7039811.35872285,2415.0,-1.418152715549875e-10,2421.0,ASK
1359,1712611219.899579,7039811.52036906,2417.0,9.24215288017374e-12,2421.0,BID
1360,1712611219.9033976,7039813.84113906,2417.0,1.3269046680788146e-10,2421.0,BID
1361,1712611221.1843543,7039822.84113906,2415.0,-5.145767142868835e-10,2421.0,ASK
1362,1712611225.289224,7039831.84113906,2415.0,-5.145767142868835e-10,2421.0,ASK
1363,1712611229.3171911,7039840.84113906,2415.0,-5.145767142868835e-10,2421.0,ASK
1364,1712611230.61781,7039840.84113906,2415.0,-0.0,2421.0,ASK
1365,1712611232.4033103,7039851.46225052,2415.0,-6.072613905090229e-10,2421.0,ASK
1366,1712611233.3392737,7039860.46225052,2415.0,-5.145744431388317e-10,2421.0,ASK
1367,1712611239.2052355,7039872.85894473,2417.0,7.087802244508141e-10,2421.0,BID
1368,1712611260.164193,7040372.85894473,2415.0,-2.8587469063268425e-08,2421.0,ASK
1369,1712611260.9394128,7040372.85894473,2415.0,-0.0,2421.0,ASK
1370,1712611268.4491315,7040375.34136094,2415.0,-1.4192156748412743e-10,2421.0,ASK
1371,1712611289.1794057,7040377.82377715,2417.0,1.4192156753737183e-10,2421.0,BID
1372,1712611290.9607425,7040377.82377715,2417.0,0.0,2421.0,BID
1373,1712611301.2195814,7040381.97657715,2417.0,2.3741847916796926e-10,2421.0,BID
1374,1712611301.2219,7040383.64696094,2417.0,9.549700906186515e-11,2421.0,BID
1375,1712611320.646404,7040383.64696094,2417.0,0.0,2421.0,BID
1376,1712611326.4493067,7040387.94206238,2417.0,-2.4555375440230713e-10,2421.0,ASK
1377,1712611331.2697384,7040419.19738079,2417.0,-1.786886966121768e-09,2421.0,ASK
1378,1712611331.272815,7040565.79466238,2417.0,-8.381062330192518e-09,2421.0,ASK
1379,1712611332.7790146,7040716.92130197,2417.0,-8.640008685173655e-09,2421.0,ASK
1380,1712611337.6294224,7040719.40371818,2417.0,-1.4192135596137348e-10,2421.0,ASK
1381,1712611350.6324964,7040719.40371818,2417.0,-0.0,2421.0,ASK
1382,1712611356.4397829,7040721.88408196,2419.0,1.417974384507591e-10,2421.0,BID
1383,1712611357.9695466,7040727.38408196,2419.0,3.1442400419711646e-10,2421.0,BID
1384,1712611357.9736547,7041131.84776485,2419.0,2.3122380132103125e-08,2421.0,BID
1385,1712611362.105295,7041275.57246485,2417.0,-8.216453759285894e-09,2421.0,ASK
1386,1712611362.9291408,7041419.29666485,2417.0,-8.216425175280828e-09,2421.0,ASK
1387,1712611380.9324083,7041419.29666485,2417.0,-0.0,2421.0,ASK
1388,1712611382.049132,7041834.37249357,2415.0,-2.3726759612621344e-08,2421.0,ASK
1389,1712611382.0510504,7042280.54043561,2417.0,-2.550406160798001e-08,2421.0,ASK
1390,1712611402.7396092,7042283.02079939,2417.0,-1.4178372018029823e-10,2421.0,ASK
1391,1712611406.7193103,7042284.67779597,2417.0,-9.471801730798908e-11,2421.0,ASK
1392,1712611410.9521232,7042284.67779597,2417.0,-0.0,2421.0,ASK
1393,1712611418.9199078,7042315.5054319,2415.0,-1.761973232090742e-09,2421.0,ASK
1394,1712611418.9236352,7042801.51682023,2415.0,-2.7778291487386708e-08,2421.0,ASK
1395,1712611423.4994547,7042803.99923644,2417.0,1.4188408491971067e-10,2421.0,BID
1396,1712611428.464828,7042816.41131753,2417.0,7.094204266745362e-10,2421.0,BID
1397,1712611440.6661472,7042816.41131753,2417.0,0.0,2421.0,BID
1398,1712611469.8297613,7042818.89373374,2416.0,-1.4187367171603378e-10,2421.0,ASK
1399,1712611470.6252797,7042818.89373374,2416.0,-0.0,2421.0,ASK
1400,1712611486.082314,7043306.99508193,2416.0,-2.789568744708885e-08,2421.0,ASK
1401,1712611489.5894556,7043309.47852563,2416.0,1.41932345604538e-10,2421.0,BID
1402,1712611500.4899712,7043562.87390312,2416.0,1.4481906835936534e-08,2421.0,BID
1403,1712611500.4937403,7043608.63632778,2416.0,2.6153877670412364e-09,2421.0,BID
1404,1712611500.9191017,7043608.63632778,2416.0,0.0,2421.0,BID
1405,1712611501.429565,7044590.64016917,2416.0,5.614113074681175e-08,2421.0,BID
1406,1712611502.402545,7044658.60570277,2415.0,-3.885587558114275e-09,2421.0,ASK
1407,1712611508.0999825,7046158.60570277,2417.0,8.575495590834619e-08,2421.0,BID
1408,1712611508.1041422,7046451.77251483,2417.0,1.6760338028020063e-08,2421.0,BID
1409,1712611508.1195254,7046857.86388536,2417.0,2.321623171634449e-08,2421.0,BID
1410,1712611508.1419065,7047064.64705469,2417.0,1.1821787712327076e-08,2421.0,BID
1411,1712611508.1794753,7048806.2622768,2417.0,9.956809105425537e-08,2421.0,BID
1412,1712611508.2421966,7049216.65476483,2419.0,2.3462126477407164e-08,2421.0,BID
1413,1712611508.2442846,7049427.12364449,2420.0,1.2032499663528785e-08,2421.0,BID
1414,1712611508.2460914,7049604.04690003,2420.0,1.0114697318687124e-08,2421.0,BID
1415,1712611508.2486627,7050018.29710716,2419.0,2.3682672164963285e-08,2421.0,BID
1416,1712611508.251817,7050116.57710415,2420.0,5.6186645390461645e-09,2421.0,BID
1417,1712611508.2546809,7050135.38602001,2420.0,1.07530516683985e-09,2421.0,BID
1418,1712611508.256498,7050904.54227379,2420.0,4.3972640419648806e-08,2421.0,BID
1419,1712611508.8993936,7050909.54227379,2419.0,-2.8584985302782045e-10,2421.0,ASK
1420,1712611512.5558164,7050996.9995767,2420.0,4.999931436622383e-09,2421.0,BID
1421,1712611530.9596496,7050996.9995767,2420.0,0.0,2421.0,BID
1422,1712611536.8598075,7050999.4830204,2419.0,-1.418335648645017e-10,2421.0,ASK
1423,1712611542.1446097,7051001.5491361,2420.0,1.1799927466467515e-10,2421.0,BID
1424,1712611554.399923,7051004.02847494,2420.0,1.4159912953378295e-10,2421.0,BID
1425,1712611560.619866,7051004.02847494,2420.0,0.0,2421.0,BID
1426,1712611561.8918326,7051012.17445083,2420.0,4.6522966378969514e-10,2421.0,BID
1427,1712611561.8953602,7051748.80844616,2420.0,4.207034131040676e-08,2421.0,BID
1428,1712611561.8992314,7051966.35887998,2420.0,1.2424651945284688e-08,2421.0,BID
1429,1712611565.1993856,7052068.30718039,2419.0,-5.822429892535732e-09,2421.0,ASK
1430,1712611590.633643,7052068.30718039,2419.0,-0.0,2421.0,ASK
1431,1712611595.8794918,7052099.17533074,2419.0,-1.7626699874257763e-09,2421.0,ASK
1432,1712611595.8892949,7052884.67509842,2419.0,-4.485454586333382e-08,2421.0,ASK
1433,1712611597.089507,7054829.78867744,2419.0,1.1107219865546258e-07,2421.0,BID
1434,1712611600.2597225,7054832.26801628,2418.0,-1.4157816751790205e-10,2421.0,ASK
1435,1712611620.9241743,7054832.26801628,2418.0,-0.0,2421.0,ASK
1436,1712611647.0314305,7054838.58086221,2421.0,3.603460901829103e-10,2421.0,BID
1437,1712611650.919477,7054838.58086221,2421.0,0.0,2421.0,BID
1438,1712611663.9997432,7054865.58086221,2421.0,1.541196483213075e-09,2421.0,BID
1439,1712611669.7596202,7054958.71232613,2419.0,-5.316069802578859e-09,2421.0,ASK
1440,1712611669.7655745,7054964.39592117,2420.0,-3.2442728472122435e-10,2421.0,ASK
1441,1712611679.0797217,7055381.21898218,2419.0,-2.379282354631553e-08,2421.0,ASK
1442,1712611679.085493,7055794.27143984,2420.0,-2.357759241217714e-08,2421.0,ASK
1443,1712611680.647786,7055794.27143984,2420.0,-0.0,2421.0,ASK
1444,1712611688.0296009,7055798.42253988,2419.0,-2.3691912873574325e-10,2421.0,ASK
1445,1712611710.651298,7055798.42253988,2419.0,-0.0,2421.0,ASK
1446,1712611713.759495,7055819.25956864,2420.0,1.189248108492754e-09,2421.0,BID
1447,1712611715.532131,7055821.73788338,2421.0,1.4144680368120472e-10,2421.0,BID
1448,1712611740.9595554,7055821.73788338,2421.0,0.0,2421.0,BID
1449,1712611745.0993447,7055947.55848578,2421.0,7.181034938209775e-09,2421.0,BID
1450,1712611745.1091385,7056069.56935797,2421.0,6.963599913867799e-09,2421.0,BID
1451,1712611752.3492062,7056212.19935797,2421.0,8.140407800449369e-09,2421.0,BID
1452,1712611754.1792843,7056462.19935797,2420.0,-1.4268400407445396e-08,2421.0,ASK
1453,1712611765.3994522,7056464.67767271,2420.0,-1.414463482172668e-10,2421.0,ASK
1454,1712611770.9481304,7056464.67767271,2420.0,-0.0,2421.0,ASK
1455,1712611780.4595735,7056467.15598745,2421.0,1.41433785461234e-10,2421.0,BID
1456,1712611785.474316,7058230.24945602,2421.0,1.0061715705119465e-07,2421.0,BID
1457,1712611785.4797752,7058256.9235648,2422.0,1.5222522459307916e-09,2422.0,BID
1458,1712611785.48174,7058259.63641955,2421.0,1.5481863965568008e-10,2422.0,BID
1459,1712611785.4837625,7059493.86492007,2421.0,7.043560939209603e-08,2422.0,BID
1460,1712611786.619242,7059496.54865252,2422.0,1.5315667275704488e-10,2422.0,BID
1461,1712611790.7705872,7059664.95492832,2422.0,9.610699036998157e-09,2422.0,BID
1462,1712611794.5503657,7061164.95492832,2422.0,8.560279886873558e-08,2422.0,BID
1463,1712611794.57,7062438.32833251,2422.0,7.266955160244595e-08,2422.0,BID
1464,1712611794.5795827,7062499.61652409,2422.0,3.497627157913038e-09,2422.0,BID
1465,1712611794.6695771,7062502.61652409,2423.0,1.7120559773747112e-10,2423.0,BID
1466,1712611794.6720414,7062649.11116509,2423.0,8.360234192603525e-09,2423.0,BID
1467,1712611794.7186506,7062698.56121238,2423.0,2.8220416348075182e-09,2423.0,BID
1468,1712611794.7506385,7065207.39534259,2423.0,1.4317548229558314e-07,2423.0,BID
1469,1712611794.7704446,7065260.26638844,2424.0,3.017273002544085e-09,2424.0,BID
1470,1712611794.7727768,7065318.51444837,2424.0,3.3241313058038675e-09,2424.0,BID
1471,1712611795.409874,7065338.51444837,2424.0,1.141370651583141e-09,2424.0,BID
1472,1712611795.414615,7066522.62619409,2424.0,6.757551973797282e-08,2424.0,BID
1473,1712611795.4192927,7066524.77851197,2424.0,1.2282962309273912e-10,2424.0,BID
1474,1712611798.1603591,7067803.39211046,2425.0,7.296860180158742e-08,2425.0,BID
1475,1712611798.1651013,7067907.86383333,2425.0,5.9620479201617485e-09,2425.0,BID
1476,1712611798.169769,7070919.67851197,2425.0,1.718798441103563e-07,2425.0,BID
1477,1712611799.1794322,7070924.19851197,2425.0,2.5794976728542736e-10,2425.0,BID
1478,1712611801.0612218,7070924.19851197,2425.0,0.0,2425.0,BID
1479,1712611811.6195102,7072372.62179297,2424.0,8.257558739068019e-08,2425.0,BID
1480,1712611811.8312943,7072372.6217935,2424.0,3.0211241420471936e-17,2425.0,BID
1481,1712611819.089534,7072425.64147013,2425.0,3.0226874963777158e-09,2425.0,BID
1482,1712611819.1153195,7073863.04865613,2425.0,8.19475523906504e-08,2425.0,BID
1483,1712611819.119994,7077962.00241372,2425.0,2.336841161421547e-07,2425.0,BID
1484,1712611819.1237676,7093291.57042095,2425.0,8.73949003200526e-07,2425.0,BID
1485,1712611819.132736,7097710.0325574,2425.0,2.51899504148372e-07,2425.0,BID
1486,1712611819.1348257,7097917.39756952,2427.0,1.182201909120113e-08,2427.0,BID
1487,1712611819.1414485,7097932.6871556,2427.0,8.71669606544482e-10,2427.0,BID
1488,1712611819.143727,7102952.35100301,2427.0,2.861744188601271e-07,2427.0,BID
1489,1712611819.1457942,7105370.59130151,2427.0,1.378655091504811e-07,2427.0,BID
1490,1712611819.1479082,7106360.55533796,2427.0,5.64385168878616e-08,2427.0,BID
1491,1712611819.151738,7106404.02545338,2427.0,2.4782605760814963e-09,2427.0,BID
1492,1712611819.1539676,7106421.55123941,2427.0,9.991568727894567e-10,2427.0,BID
1493,1712611819.156144,7110146.55174186,2427.0,2.1236478904701058e-07,2427.0,BID
1494,1712611819.164024,7110462.76558497,2429.0,1.8027564302782122e-08,2429.0,BID
1495,1712611819.1661687,7110535.98336604,2427.0,4.1741950426933035e-09,2429.0,BID
1496,1712611819.1682572,7110755.01645562,2428.0,1.2487224050678049e-08,2429.0,BID
1497,1712611819.170384,7110802.46733328,2429.0,2.705206514126741e-09,2429.0,BID
