,time,acc_trade_volume,trade_price,dev,high,ask_bid
0,1712601588.4082036,6753306.09962872,451.6,0.0,457.7,BID
1,1712601600.1963744,6753306.09962872,451.6,0.0,457.7,BID
2,1712601610.036404,6753319.38278125,451.7,4.278676211410574e-09,457.7,BID
3,1712601625.8962903,6753332.66593378,450.7,-4.278676211410574e-09,457.7,ASK
4,1712601630.188329,6753332.66593378,450.7,-0.0,457.7,ASK
5,1712601633.9061902,6754432.66593378,450.8,-3.5432294025629225e-07,457.7,ASK
6,1712601642.7163718,6754445.95202766,451.6,4.2796071344567376e-09,457.7,BID
7,1712601658.3560696,6754459.23812154,450.8,-4.279607134756728e-09,457.7,ASK
8,1712601660.2958484,6754459.23812154,450.8,-0.0,457.7,ASK
9,1712601668.5761316,6754472.51245782,452.0,4.275120503191632e-09,457.7,BID
10,1712601690.2860978,6754472.51245782,452.0,0.0,457.7,BID
11,1712601692.0861747,6754485.7867941,450.8,-4.2751122424593335e-09,457.7,ASK
12,1712601710.3161604,6754499.06113038,452.0,4.2751122424593335e-09,457.7,BID
13,1712601713.5659142,6757399.06113038,450.7,-9.339695214389084e-07,457.7,ASK
14,1712601713.5766478,6760259.06113038,450.9,-9.210871832121648e-07,457.7,ASK
15,1712601713.5782378,6762637.41045139,450.7,-7.659675093647864e-07,457.7,ASK
16,1712601713.5798645,6765797.41045139,450.5,-1.0177047199127416e-06,457.7,ASK
17,1712601713.5814266,6768005.63505758,450.5,-7.111774064388901e-07,457.7,ASK
18,1712601713.5830593,6774642.80319917,450.8,-2.137556121693374e-06,457.7,ASK
19,1712601713.5846224,6776744.80319917,450.3,-6.769668738153743e-07,457.7,ASK
20,1712601713.6458025,6778610.18336078,450.3,6.00761454082779e-07,457.7,BID
21,1712601719.1759522,6778621.25510568,451.6,3.565749064113956e-09,457.7,BID
22,1712601720.1880631,6778621.25510568,451.6,0.0,457.7,BID
23,1712601727.2858107,6778634.52944196,451.0,-4.260181234002768e-09,457.7,ASK
24,1712601738.4059217,6778647.81553584,451.6,4.263954643261653e-09,457.7,BID
25,1712601750.1773393,6778647.81553584,451.6,0.0,457.7,BID
26,1712601762.2282474,6778661.10162972,451.0,-4.263938240430393e-09,457.7,ASK
27,1712601780.2857451,6778661.10162972,451.0,-0.0,457.7,ASK
28,1712601780.9374173,6778674.3877236,451.6,4.263930040439908e-09,457.7,BID
29,1712601793.6255946,6778687.67381748,451.0,-4.2639300407388e-09,457.7,ASK
30,1712601805.2156484,6778700.95991136,451.6,4.2639300407388e-09,457.7,BID
31,1712601810.2980852,6778700.95991136,451.6,0.0,457.7,BID
32,1712601825.1955633,6780325.69282551,451.8,5.214254498805385e-07,457.7,BID
33,1712601832.303958,6780338.97891939,451.0,-4.2639054197372795e-09,457.7,ASK
34,1712601836.0856414,6780361.11260686,451.8,7.1033631719438625e-09,457.7,BID
35,1712601840.1854873,6780361.11260686,451.8,0.0,457.7,BID
36,1712601840.947071,6780374.39281934,451.8,4.260992229281775e-09,457.7,BID
37,1712601862.515519,6780387.67303182,451.0,-4.260992228982958e-09,457.7,ASK
38,1712601864.325291,6780431.94040676,451.8,1.4203307432532944e-08,457.7,BID
39,1712601870.197756,6780431.94040676,451.8,0.0,457.7,BID
40,1712601880.2754226,6780653.27728148,451.8,7.101580827104306e-08,457.7,BID
41,1712601881.065507,6780666.55749396,451.8,4.260948495127088e-09,457.7,BID
42,1712601891.4152455,6780679.83770644,451.0,-4.260948495425903e-09,457.7,ASK
43,1712601900.1974225,6780679.83770644,451.0,-0.0,457.7,ASK
44,1712601904.285486,6780693.11791892,451.8,4.260795397392289e-09,457.7,BID
45,1712601927.1648135,6780706.3981314,450.8,-4.2607953976910934e-09,457.7,ASK
46,1712601930.1855326,6780706.3981314,450.8,-0.0,457.7,ASK
47,1712601936.2156131,6780719.67834388,451.8,4.260779011314248e-09,457.7,BID
48,1712601960.285613,6780719.67834388,451.8,0.0,457.7,BID
49,1712601962.108653,6780732.95855636,450.8,-4.2607708092454074e-09,457.7,ASK
50,1712601979.524919,6780746.2475929,451.5,4.263601885945706e-09,457.7,BID
51,1712601989.4350786,6780759.53662944,450.8,-4.263601885945706e-09,457.7,ASK
52,1712601990.297581,6780759.53662944,450.8,-0.0,457.7,ASK
53,1712602000.9947383,6780772.82566598,451.5,4.263577294171024e-09,457.7,BID
54,1712602020.1875546,6780772.82566598,451.5,0.0,457.7,BID
55,1712602022.4751148,6780877.03051179,450.8,-3.3432413100279e-08,457.7,ASK
56,1712602027.6548567,6780890.31954833,450.8,-4.263569087077382e-09,457.7,ASK
57,1712602050.175688,6780890.31954833,450.8,-0.0,457.7,ASK
58,1712602054.244692,6780928.30533555,450.8,-1.2186908775062494e-08,457.7,ASK
59,1712602069.4047067,6780941.61205544,450.9,4.269169952117016e-09,457.7,BID
60,1712602080.284773,6780941.61205544,450.9,0.0,457.7,BID
61,1712602097.5045233,6780954.91877533,450.8,-4.2691382798189994e-09,457.7,ASK
62,1712602100.8348706,6781192.40799015,450.8,-7.61926535181573e-08,457.7,ASK
63,1712602110.2846208,6781192.40799015,450.8,-0.0,457.7,ASK
64,1712602112.3944051,6781205.70291591,451.3,4.265199711137182e-09,457.7,BID
65,1712602128.0147123,6781218.99784167,450.6,-4.2651997114359635e-09,457.7,ASK
66,1712602140.1689005,6781218.99784167,450.6,-0.0,457.7,ASK
67,1712602170.1851065,6781218.99784167,450.6,-0.0,457.7,ASK
68,1712602180.326668,6781232.31046647,450.7,4.2708613838895065e-09,457.7,BID
69,1712602196.1247587,6781245.62309127,450.6,-4.2708613838895065e-09,457.7,ASK
70,1712602200.1975358,6781245.62309127,450.6,-0.0,457.7,ASK
71,1712602205.5723646,6781258.93571607,450.7,4.270844944009191e-09,457.7,BID
72,1712602213.3544974,6781818.87171757,450.6,-1.796339848000584e-07,457.7,ASK
73,1712602230.187569,6781818.87171757,450.6,-0.0,457.7,ASK
74,1712602231.1242824,6781832.18434237,450.0,-4.270491057198112e-09,457.7,ASK
75,1712602234.6940303,6781843.2855857,450.4,3.561112934032982e-09,457.7,BID
76,1712602256.379907,6782285.52792924,450.4,1.418647337826655e-07,457.7,BID
77,1712602260.204277,6782285.52792924,450.4,0.0,457.7,BID
78,1712602279.2541986,6782298.84942124,450.4,4.273047427209794e-09,457.7,BID
79,1712602290.1971772,6782298.84942124,450.4,0.0,457.7,BID
80,1712602296.3741777,6782312.17091324,450.0,-4.2730392031028725e-09,457.7,ASK
81,1712602320.273702,6782312.17091324,450.0,-0.0,457.7,ASK
82,1712602329.086496,6788869.24936179,450.0,-2.103262862249912e-06,457.7,ASK
83,1712602350.303714,6788869.24936179,450.0,-0.0,457.7,ASK
84,1712602352.684083,6788882.55313119,451.0,4.263311158030687e-09,457.7,BID
85,1712602361.038606,6788895.85690059,450.0,-4.263311157732237e-09,457.7,ASK
86,1712602375.803867,6788909.17247981,450.6,4.267095719923168e-09,457.7,BID
87,1712602380.1765313,6788909.17247981,450.6,0.0,457.7,BID
88,1712602400.204101,6788922.48805903,450.0,-4.267071124240905e-09,457.7,ASK
89,1712602410.18792,6788922.48805903,450.0,-0.0,457.7,ASK
90,1712602440.2834215,6788922.48805903,450.0,-0.0,457.7,ASK
91,1712602452.053982,6788935.80363825,450.6,4.267062930703447e-09,457.7,BID
92,1712602470.2833104,6788935.80363825,450.6,0.0,457.7,BID
93,1712602470.8035302,6788949.11921747,450.0,-4.267054726571249e-09,457.7,ASK
94,1712602476.7635932,6789060.23032858,450.0,-3.560620112578164e-08,457.7,ASK
95,1712602500.2065697,6789060.23032858,450.0,-0.0,457.7,ASK
96,1712602513.1039686,6789099.01941707,450.9,1.2429965745855762e-08,457.7,BID
97,1712602513.1056402,6789110.13299293,450.8,3.561346054581698e-09,457.7,BID
98,1712602526.2639363,6789123.43971282,450.9,4.264139191245412e-09,457.7,BID
99,1712602530.1775224,6789123.43971282,450.9,0.0,457.7,BID
100,1712602537.5079792,6789136.74643271,450.1,-4.2641002482551815e-09,457.7,ASK
101,1712602549.5943215,6789150.0531526,450.9,4.2641002479567405e-09,457.7,BID
102,1712602560.2850034,6789150.0531526,450.9,0.0,457.7,BID
103,1712602572.6752665,6789163.35987249,450.0,-4.264083865541299e-09,457.7,ASK
104,1712602589.1756728,6789176.66659238,450.9,4.264083865541299e-09,457.7,BID
105,1712602590.2753663,6789176.66659238,450.9,0.0,457.7,BID
106,1712602604.3564985,6790175.4270107,450.9,3.200474542473387e-07,457.7,BID
107,1712602604.3593032,6790661.04001077,450.9,1.556120983279967e-07,457.7,BID
108,1712602604.4959528,6791801.18628523,450.9,-3.653537984859584e-07,457.7,ASK
109,1712602607.0458307,6791814.49300512,450.9,-4.264067485069962e-09,457.7,ASK
110,1712602607.165683,6792675.36011513,450.9,-2.7586027835130325e-07,457.7,ASK
111,1712602617.9466434,6792686.46876258,451.0,3.559706883902358e-09,457.7,BID
112,1712602617.9489248,6792688.66339791,451.1,7.032591975110101e-10,457.7,BID
113,1712602620.2009954,6792688.66339791,451.1,0.0,457.7,BID
114,1712602643.0169537,6792701.96668069,450.9,-4.2608039634745195e-09,457.7,ASK
115,1712602650.1870563,6792701.96668069,450.9,-0.0,457.7,ASK
116,1712602660.64713,6792706.35497855,451.2,1.40549075779564e-09,457.7,BID
117,1712602660.648601,6792715.2665281,451.1,2.854204734423537e-09,457.7,BID
118,1712602676.227917,6792726.35546134,451.1,-3.551580516846199e-09,457.7,ASK
119,1712602676.2306542,6792728.56637551,450.9,-7.08114975372978e-10,457.7,ASK
120,1712602680.2874162,6792728.56637551,450.9,-0.0,457.7,ASK
121,1712602685.878056,6792735.14736375,451.3,2.107760889630214e-09,457.7,BID
122,1712602685.8808582,6792741.86278929,451.2,2.1508185082264532e-09,457.7,BID
123,1712602710.2809954,6792741.86278929,451.2,0.0,457.7,BID
124,1712602712.0084312,6792755.15920307,450.9,-4.2585712142378695e-09,457.7,ASK
125,1712602728.199075,6792763.92996718,451.5,2.8090975643369237e-09,457.7,BID
126,1712602728.2015598,6792768.45024195,451.3,1.4477521786022816e-09,457.7,BID
127,1712602736.8321807,6792770.77582335,451.5,7.44836477636273e-10,457.7,BID
128,1712602736.9588337,6793433.78623661,451.5,-2.123487661655398e-07,457.7,ASK
129,1712602736.9616635,6793433.78623662,451.5,-2.9828370062733482e-18,457.7,ASK
130,1712602739.8688955,6793447.0772755,450.9,-4.256849742939206e-09,457.7,ASK
131,1712602740.173017,6793447.0772755,450.9,-0.0,457.7,ASK
132,1712602756.1493363,6793460.36631204,451.5,4.255774459903939e-09,457.7,BID
133,1712602770.1954062,6793460.36631204,451.5,0.0,457.7,BID
134,1712602773.6900215,6793473.65534858,450.9,-4.255766282524912e-09,457.7,ASK
135,1712602783.4500856,6793486.94438512,451.5,4.255766282226661e-09,457.7,BID
136,1712602800.2698796,6793486.94438512,451.5,0.0,457.7,BID
137,1712602807.3003478,6793500.23342166,450.9,-4.256547027463302e-09,457.7,ASK
138,1712602819.3008082,6793513.5224582,451.5,4.256547027463302e-09,457.7,BID
139,1712602830.1944628,6793513.5224582,451.5,0.0,457.7,BID
140,1712602844.1607862,6793526.81149474,450.9,-4.256530677370798e-09,457.7,ASK
141,1712602853.2410238,6793537.9029271,451.7,3.5526294142102046e-09,457.7,BID
142,1712602853.2440052,6793540.09319259,452.0,7.01550652299656e-10,457.7,BID
143,1712602860.2910864,6793540.09319259,452.0,0.0,457.7,BID
144,1712602884.2713711,6793553.37489044,450.9,-4.2541637255718424e-09,457.7,ASK
145,1712602889.931372,6793566.65510292,451.8,4.2536879575135696e-09,457.7,BID
146,1712602890.2914598,6793566.65510292,451.8,0.0,457.7,BID
147,1712602914.341756,6793579.9353154,450.9,-4.253671623633538e-09,457.7,ASK
148,1712602920.1920197,6793579.9353154,450.9,-0.0,457.7,ASK
149,1712602933.3721218,6793593.21552788,451.8,4.253663464891506e-09,457.7,BID
150,1712602950.2058363,6793593.21552788,451.8,0.0,457.7,BID
151,1712602950.6341307,6793606.49574036,451.0,-4.253655290194848e-09,457.7,ASK
152,1712602968.872777,6793619.77595284,451.8,4.253655290493151e-09,457.7,BID
153,1712602968.9325116,6794263.91397856,451.8,2.063175664484321e-07,457.7,BID
154,1712602980.2927568,6794263.91397856,451.8,0.0,457.7,BID
155,1712602988.3331916,6794277.19419104,451.0,-4.253242493971094e-09,457.7,ASK
156,1712603003.847253,6794288.27581015,452.1,3.549100842828047e-09,457.7,BID
157,1712603003.8501606,6794290.46462288,452.3,7.0100921415501e-10,457.7,BID
158,1712603010.293198,6794290.46462288,452.3,0.0,457.7,BID
159,1712603021.4733255,6794303.73505472,451.0,-4.250093737058725e-09,457.7,ASK
160,1712603039.1642225,6794317.009391,452.0,4.2513442038184965e-09,457.7,BID
161,1712603040.1862297,6794317.009391,452.0,0.0,457.7,BID
162,1712603053.7235372,6794330.28372728,450.9,-4.251327885820427e-09,457.7,ASK
163,1712603063.7839217,6794343.56100101,451.9,4.252268653264286e-09,457.7,BID
164,1712603070.2434068,6794343.56100101,451.9,0.0,457.7,BID
165,1712603094.8139813,6794356.83827474,450.9,-4.252252330593611e-09,457.7,ASK
166,1712603100.2843077,6794356.83827474,450.9,-0.0,457.7,ASK
167,1712603104.9946778,6794367.92234553,452.0,3.554022412408084e-09,457.7,BID
168,1712603104.998007,6794368.65389069,452.1,2.345643529358797e-10,457.7,BID
169,1712603105.0012994,6794445.33368811,452.0,2.4586789795920722e-08,457.7,BID
170,1712603130.294448,6794445.33368811,452.0,0.0,457.7,BID
171,1712603141.806548,6794458.60802439,452.0,4.256259678215322e-09,457.7,BID
172,1712603157.914815,6794471.88236067,451.0,-4.256259677916705e-09,457.7,ASK
173,1712603160.1949923,6794471.88236067,451.0,-0.0,457.7,ASK
174,1712603168.138425,6794485.1537608,452.1,4.255301881457807e-09,457.7,BID
175,1712603190.1806097,6794485.1537608,452.1,0.0,457.7,BID
176,1712603197.035043,6794498.42516093,451.0,-4.255293694731647e-09,457.7,ASK
177,1712603220.2956414,6794498.42516093,451.0,-0.0,457.7,ASK
178,1712603238.0552745,6794511.70537341,451.8,4.258111083203738e-09,457.7,BID
179,1712603250.3050103,6794511.70537341,451.8,0.0,457.7,BID
180,1712603266.235846,6794524.98558589,451.0,-4.258102891104667e-09,457.7,ASK
181,1712603280.1883817,6794524.98558589,451.0,-0.0,457.7,ASK
182,1712603280.6560726,6794538.27756639,451.4,4.261867947647671e-09,457.7,BID
183,1712603295.7056994,6794551.56954689,451.0,-4.261867947647671e-09,457.7,ASK
184,1712603310.1960025,6794551.56954689,451.0,-0.0,457.7,ASK
185,1712603314.395927,6794564.85858343,451.5,4.260907625040494e-09,457.7,BID
186,1712603329.626215,6794578.14761997,451.0,-4.260907625339107e-09,457.7,ASK
187,1712603339.3463922,6794591.43665651,451.5,4.260907625339107e-09,457.7,BID
188,1712603340.2961695,6794591.43665651,451.5,0.0,457.7,BID
189,1712603364.1263633,6794604.72569305,451.0,-4.260883042860363e-09,457.7,ASK
190,1712603370.296362,6794604.72569305,451.0,-0.0,457.7,ASK
191,1712603375.3861716,6794618.00296678,451.9,4.257103335664686e-09,457.7,BID
192,1712603400.2218518,6794618.00296678,451.9,0.0,457.7,BID
193,1712603401.036447,6794631.28024051,451.2,-4.269977581368216e-09,457.7,ASK
194,1712603417.7365324,6794644.55751424,451.9,4.26997758166773e-09,457.7,BID
195,1712603429.9268916,6794657.83478797,451.2,-4.26997758166773e-09,457.7,ASK
196,1712603430.2015843,6794657.83478797,451.2,-0.0,457.7,ASK
197,1712603446.9670787,6794660.02408474,452.2,7.04074816708956e-10,457.7,BID
198,1712603446.97006,6794671.10570385,452.1,3.563833396604675e-09,457.7,BID
199,1712603460.2767746,6794671.10570385,452.1,0.0,457.7,BID
200,1712603462.1169949,6794684.37661973,451.3,-4.267899978009211e-09,457.7,ASK
201,1712603479.5368783,6794697.64508501,452.2,4.267111869869728e-09,457.7,BID
202,1712603490.2971478,6794697.64508501,452.2,0.0,457.7,BID
203,1712603492.267266,6794710.91355029,451.2,-4.267095417566785e-09,457.7,ASK
204,1712603511.1005435,6794724.18495042,452.1,4.268039255454871e-09,457.7,BID
205,1712603520.2008758,6794724.18495042,452.1,0.0,457.7,BID
206,1712603527.5474544,6794729.7134116,451.2,-1.777928338573267e-09,457.7,ASK
207,1712603527.5499003,6794737.45635055,451.0,-2.49009446440562e-09,457.7,ASK
208,1712603542.6571846,6794750.72481583,452.2,4.2670789681301635e-09,457.7,BID
209,1712603550.2082937,6794750.72481583,452.2,0.0,457.7,BID
210,1712603555.657415,6794798.61022486,452.2,1.5399673571447255e-08,457.7,BID
211,1712603561.0375044,6794811.87869014,451.0,-4.267062519727291e-09,457.7,ASK
212,1712603568.7677996,6794816.2563156,452.3,1.4078193016297576e-09,457.7,BID
213,1712603568.7710438,6794825.14422186,452.3,2.8582998017056926e-09,457.7,BID
214,1712603579.367695,6794860.60691504,452.3,1.1404599229633644e-08,457.7,BID
215,1712603580.214552,6794860.60691504,452.3,0.0,457.7,BID
216,1712603596.887706,6794873.87244676,451.1,-4.266050948719974e-09,457.7,ASK
217,1712603610.1865208,6794873.87244676,451.1,-0.0,457.7,ASK
218,1712603610.7577424,6794884.94671731,452.4,3.561358298296438e-09,457.7,BID
219,1712603610.7609818,6794887.13456262,452.5,7.03585939639407e-10,457.7,BID
220,1712603627.8403876,6794900.39667848,451.0,-4.264944237935846e-09,457.7,ASK
221,1712603640.2976778,6794900.39667848,451.0,-0.0,457.7,ASK
222,1712603644.3477511,6794913.65927794,452.4,4.26508332452598e-09,457.7,BID
223,1712603659.527659,6794926.9218774,451.1,-4.26508332452598e-09,457.7,ASK
224,1712603669.920396,6794935.80585529,452.5,2.856974311021644e-09,457.7,BID
225,1712603669.92201,6794940.1815459,452.5,1.407166454142411e-09,457.7,BID
226,1712603670.2975025,6794940.1815459,452.5,0.0,457.7,BID
227,1712603692.0783956,6794953.4412144,451.0,-4.264116105667703e-09,457.7,ASK
228,1712603700.237924,6794953.4412144,451.0,-0.0,457.7,ASK
229,1712603730.191668,6794953.4412144,451.0,-0.0,457.7,ASK
230,1712603760.2980978,6794953.4412144,451.0,-0.0,457.7,ASK
231,1712603769.3082387,6794966.72142688,451.8,4.272513462189796e-09,457.7,BID
232,1712603790.3049395,6794966.72142688,451.8,0.0,457.7,BID
233,1712603802.248474,6794980.00163936,451.0,-4.2725052148807715e-09,457.7,ASK
234,1712603808.0786808,6794993.27891309,451.9,4.271559761515864e-09,457.7,BID
235,1712603820.1983266,6794993.27891309,451.9,0.0,457.7,BID
236,1712603834.7485132,6795006.55618682,451.0,-4.271543285243463e-09,457.7,ASK
237,1712603850.1981444,6795006.55618682,451.0,-0.0,457.7,ASK
238,1712603850.7485926,6795019.8305231,452.0,4.270590026054099e-09,457.7,BID
239,1712603864.1687822,6795033.10485938,451.0,-4.270590026353722e-09,457.7,ASK
240,1712603880.3085158,6795033.10485938,451.0,-0.0,457.7,ASK
241,1712603910.2985787,6795033.10485938,451.0,-0.0,457.7,ASK
242,1712603910.7276907,6795046.37919566,452.0,4.270573557558157e-09,457.7,BID
243,1712603935.6689043,6795059.65353194,451.0,-4.270573557258536e-09,457.7,ASK
244,1712603940.1790893,6795059.65353194,451.0,-0.0,457.7,ASK
245,1712603970.1881058,6795059.65353194,451.0,-0.0,457.7,ASK
246,1712603989.4191337,6795072.92786822,452.0,4.270557088889611e-09,457.7,BID
247,1712604000.2295418,6795072.92786822,452.0,0.0,457.7,BID
248,1712604005.6991174,6795086.2022045,451.0,-4.270548845484176e-09,457.7,ASK
249,1712604014.7889085,6795099.47654078,452.0,4.2705488451845564e-09,457.7,BID
250,1712604027.669645,6796312.2197267,452.0,3.901572856932831e-07,457.7,BID
251,1712604030.2006009,6796312.2197267,452.0,0.0,457.7,BID
252,1712604040.4997025,6796325.49406298,451.1,-4.269779399345803e-09,457.7,ASK
253,1712604057.2193758,6796338.76839926,452.0,4.269779399645369e-09,457.7,BID
254,1712604060.3093755,6796338.76839926,452.0,0.0,457.7,BID
255,1712604073.1793554,6796352.04273554,451.0,-4.269762935278198e-09,457.7,ASK
256,1712604082.3974736,6796365.32000927,451.9,4.2707077818759775e-09,457.7,BID
257,1712604090.2968924,6796365.32000927,451.9,0.0,457.7,BID
258,1712604108.9891624,6796378.597283,451.0,-4.270691316115482e-09,457.7,ASK
259,1712604120.2094567,6796378.597283,451.0,-0.0,457.7,ASK
260,1712604124.129295,6796391.88043553,451.7,4.2725740275711395e-09,457.7,BID
261,1712604137.3793025,6796405.16358806,451.0,-4.2725740275711395e-09,457.7,ASK
262,1712604150.1986933,6796405.16358806,451.0,-0.0,457.7,ASK
263,1712604158.01959,6796418.44968194,451.6,4.273503641003608e-09,457.7,BID
264,1712604171.1096246,6796431.73577582,451.0,-4.273503641303171e-09,457.7,ASK
265,1712604180.2910805,6796431.73577582,451.0,-0.0,457.7,ASK
266,1712604190.7828891,6796445.02775632,451.4,4.275380595300482e-09,457.7,BID
267,1712604203.909575,6796458.31973682,451.0,-4.275380595000921e-09,457.7,ASK
268,1712604210.3196962,6796458.31973682,451.0,-0.0,457.7,ASK
269,1712604240.190694,6796458.31973682,451.0,-0.0,457.7,ASK
270,1712604253.3095102,6796471.60288935,451.7,4.272524584784214e-09,457.7,BID
271,1712604267.8722303,6796757.73342605,451.0,-9.203385640212845e-08,457.7,ASK
272,1712604270.1974936,6796757.73342605,451.0,-0.0,457.7,ASK
273,1712604270.919788,6796771.01657858,451.0,-4.272339006474507e-09,457.7,ASK
274,1712604280.399858,6796784.29973111,451.7,4.272339006474507e-09,457.7,BID
275,1712604300.3097396,6796784.29973111,451.7,0.0,457.7,BID
276,1712604303.2000177,6796797.58288364,451.0,-4.272322529662747e-09,457.7,ASK
277,1712604323.189887,6796810.86603617,451.7,4.272322529662747e-09,457.7,BID
278,1712604330.2894397,6796810.86603617,451.7,0.0,457.7,BID
279,1712604338.630243,6796824.1491887,451.0,-4.272306052978076e-09,457.7,ASK
280,1712604349.4495635,6796837.43234123,451.7,4.272306052978076e-09,457.7,BID
281,1712604360.2292826,6796837.43234123,451.7,0.0,457.7,BID
282,1712604373.4196866,6796850.71549376,450.9,-4.272289576420493e-09,457.7,ASK
283,1712604390.202219,6796850.71549376,450.9,-0.0,457.7,ASK
284,1712604391.989865,6796863.99864629,451.7,4.2722813464029345e-09,457.7,BID
285,1712604409.9599123,6796877.28179882,450.9,-4.2722813464029345e-09,457.7,ASK
286,1712604420.0599513,6796890.56495135,451.7,4.2722813464029345e-09,457.7,BID
287,1712604420.2143133,6796890.56495135,451.7,0.0,457.7,BID
288,1712604444.8503096,6796903.84810388,450.9,-4.272256627337021e-09,457.7,ASK
289,1712604450.1999474,6796903.84810388,450.9,-0.0,457.7,ASK
290,1712604457.5007312,6798952.71549376,451.7,6.589753752541932e-07,457.7,BID
291,1712604457.5046363,6815685.55532421,451.7,5.38176822023807e-06,457.7,BID
292,1712604462.820033,6815698.83847674,451.7,4.272248397446404e-09,457.7,BID
293,1712604475.7999716,6815712.12162927,451.0,-4.272248397446404e-09,457.7,ASK
294,1712604480.3000276,6815712.12162927,451.0,-0.0,457.7,ASK
295,1712604487.690673,6815714.31189476,452.0,7.02533473971945e-10,457.7,BID
296,1712604487.693869,6815725.39596555,452.0,3.555245149371873e-09,457.7,BID
297,1712604510.299953,6815725.39596555,452.0,0.0,457.7,BID
298,1712604512.62051,6815738.67030183,451.0,-4.2577704291967695e-09,457.7,ASK
299,1712604528.3800738,6815751.94463811,452.0,4.2577704288980465e-09,457.7,BID
300,1712604540.2000906,6815751.94463811,452.0,0.0,457.7,BID
301,1712604545.3309066,6815765.21897439,451.0,-4.257754059125757e-09,457.7,ASK
302,1712604570.200035,6815765.21897439,451.0,-0.0,457.7,ASK
303,1712604597.010847,6815776.29569338,452.3,3.552859719850393e-09,457.7,BID
304,1712604597.0147507,6815778.48402229,452.4,7.01906913726904e-10,457.7,BID
305,1712604600.2935946,6815778.48402229,452.4,0.0,457.7,BID
306,1712604614.0601628,6815791.74907019,451.0,-4.254758444991102e-09,457.7,ASK
307,1712604623.3206012,6815805.01460191,452.3,4.254913630118263e-09,457.7,BID
308,1712604630.2000618,6815805.01460191,452.3,0.0,457.7,BID
309,1712604648.660463,6815818.28013363,451.1,-4.254897277172472e-09,457.7,ASK
310,1712604659.180394,6815831.54566535,452.3,4.254897276873752e-09,457.7,BID
311,1712604660.3023207,6815831.54566535,452.3,0.0,457.7,BID
312,1712604683.5905583,6815844.81119707,451.1,-4.254880921945472e-09,457.7,ASK
313,1712604690.3025815,6815844.81119707,451.1,-0.0,457.7,ASK
314,1712604701.7910657,6815853.69713871,452.4,2.850134603203364e-09,457.7,BID
315,1712604701.7951946,6815858.07282932,452.5,1.4034874104278802e-09,457.7,BID
316,1712604716.0402627,6815881.93917776,451.1,-7.655047523355411e-09,457.7,ASK
317,1712604717.0101953,6815895.20081001,451.1,-4.253622013631245e-09,457.7,ASK
318,1712604720.2001548,6815895.20081001,451.1,-0.0,457.7,ASK
319,1712604750.2119665,6815895.20081001,451.1,-0.0,457.7,ASK
320,1712604761.6003523,6815908.46634173,452.3,4.254841709875002e-09,457.7,BID
321,1712604767.8312228,6815990.97693996,450.9,-2.6464791781507364e-08,457.7,ASK
322,1712604767.8336334,6816752.92497789,450.9,-2.443903765657884e-07,457.7,ASK
323,1712604767.8359256,6819812.92497789,451.2,-9.814771021960157e-07,457.7,ASK
324,1712604767.8381617,6820563.80052838,451.1,-2.40838940981908e-07,457.7,ASK
325,1712604780.2141736,6820563.80052838,451.1,-0.0,457.7,ASK
326,1712604789.030826,6820577.0660601,450.8,-4.251969342816248e-09,457.7,ASK
327,1712604796.6205237,6820590.34039638,452.0,4.25479144770469e-09,457.7,BID
328,1712604810.210538,6820590.34039638,452.0,0.0,457.7,BID
329,1712604820.2904532,6820603.61473266,450.8,-4.254775109566057e-09,457.7,ASK
330,1712604831.120782,6820616.88613279,452.1,4.2538339957195575e-09,457.7,BID
331,1712604840.300374,6820616.88613279,452.1,0.0,457.7,BID
332,1712604853.5603814,6820630.15753292,450.8,-4.2538176562070295e-09,457.7,ASK
333,1712604869.860563,6820632.34828309,451.9,7.02190549611393e-10,457.7,BID
334,1712604869.8703322,6820643.43480665,451.9,3.553509742886289e-09,457.7,BID
335,1712604870.3003871,6820643.43480665,451.9,0.0,457.7,BID
336,1712604883.7605708,6820656.71208038,450.8,-4.25568394768461e-09,457.7,ASK
337,1712604894.320656,6820667.79615117,452.0,3.552709923160318e-09,457.7,BID
338,1712604894.33026,6820669.98641666,452.0,7.02032501484288e-10,457.7,BID
339,1712604900.201114,6820669.98641666,452.0,0.0,457.7,BID
340,1712604920.5108871,6820683.26075294,450.8,-4.2547260793652875e-09,457.7,ASK
341,1712604927.9708085,6820696.53508922,452.0,4.254726079663797e-09,457.7,BID
342,1712604930.2016542,6820696.53508922,452.0,0.0,457.7,BID
343,1712604941.0207274,6820741.10271671,451.2,-1.4284881339266782e-08,457.7,ASK
344,1712604953.4207602,6820754.37705299,451.2,-4.2547097363159114e-09,457.7,ASK
345,1712604960.2932355,6820754.37705299,451.2,-0.0,457.7,ASK
346,1712604969.9605143,6820767.65138927,452.0,4.254674145995045e-09,457.7,BID
347,1712604983.1310575,6820780.92572555,451.2,-4.254674145995045e-09,457.7,ASK
348,1712604990.3056226,6820780.92572555,451.2,-0.0,457.7,ASK
349,1712605020.2738893,6820780.92572555,451.2,-0.0,457.7,ASK
350,1712605032.830734,6820794.20006183,452.0,4.254657795805283e-09,457.7,BID
351,1712605050.2112346,6820794.20006183,452.0,0.0,457.7,BID
352,1712605057.16092,6820807.47439811,451.2,-4.2546496139644654e-09,457.7,ASK
353,1712605065.77098,6820820.74873439,452.0,4.2546496139644654e-09,457.7,BID
354,1712605080.2955215,6820820.74873439,452.0,0.0,457.7,BID
355,1712605093.4418032,6820834.02307067,450.9,-4.2546332639632476e-09,457.7,ASK
356,1712605110.305591,6820834.02307067,450.9,-0.0,457.7,ASK
357,1712605112.1514938,6820847.29740695,452.0,4.2546251021288e-09,457.7,BID
358,1712605129.9310863,6820860.57174323,451.0,-4.2546251021288e-09,457.7,ASK
359,1712605140.199003,6820860.57174323,451.0,-0.0,457.7,ASK
360,1712605170.1974375,6820860.57174323,451.0,-0.0,457.7,ASK
361,1712605200.2322598,6820860.57174323,451.0,-0.0,457.7,ASK
362,1712605214.1210155,6823070.33280517,452.0,7.082590469902438e-07,457.7,BID
363,1712605216.2112854,6823072.52258619,452.1,7.018551667579051e-10,457.7,BID
364,1712605216.21514,6823083.6042053,452.1,3.551812512724608e-09,457.7,BID
365,1712605230.211838,6823083.6042053,452.1,0.0,457.7,BID
366,1712605243.0715387,6823096.87560543,450.9,-4.252298200600135e-09,457.7,ASK
367,1712605260.2958598,6823096.87560543,450.9,-0.0,457.7,ASK
368,1712605262.622006,6823110.14994171,452.0,4.2532308190920325e-09,457.7,BID
369,1712605277.9410496,6823123.42427799,451.0,-4.253230819390437e-09,457.7,ASK
370,1712605290.2908783,6823123.42427799,451.0,-0.0,457.7,ASK
371,1712605291.2610087,6823136.69567812,452.1,4.252273715556371e-09,457.7,BID
372,1712605315.211413,6823149.96707825,451.0,-4.2522737158547745e-09,457.7,ASK
373,1712605320.1942186,6823149.96707825,451.0,-0.0,457.7,ASK
374,1712605334.3313808,6823163.23847838,452.1,4.252257386215227e-09,457.7,BID
375,1712605350.2069652,6823163.23847838,452.1,0.0,457.7,BID
376,1712605350.331352,6823176.50987851,451.0,-4.252249211199191e-09,457.7,ASK
377,1712605368.941265,6823189.78127864,452.1,4.252249211497592e-09,457.7,BID
378,1712605380.2961795,6823189.78127864,452.1,0.0,457.7,BID
379,1712605387.6512032,6823203.05267877,451.0,-4.252232882046247e-09,457.7,ASK
380,1712605397.2227626,6823216.3240789,452.1,4.252232881747846e-09,457.7,BID
381,1712605410.3009858,6823216.3240789,452.1,0.0,457.7,BID
382,1712605423.7317443,6823229.59547903,451.0,-4.252216552720318e-09,457.7,ASK
383,1712605432.5212984,6823241.73078302,452.1,3.8882062172536874e-09,457.7,BID
384,1712605432.5311508,6823242.86687916,452.1,3.6401033516823206e-10,457.7,BID
385,1712605440.1911066,6823242.86687916,452.1,0.0,457.7,BID
386,1712605457.2912402,6823256.13827929,451.1,-4.2522002235198045e-09,457.7,ASK
387,1712605470.219833,6823256.13827929,451.1,-0.0,457.7,ASK
388,1712605476.4014802,6823269.41261557,452.0,4.253132817392531e-09,457.7,BID
389,1712605492.6013217,6823282.68695185,451.1,-4.2531328170941335e-09,457.7,ASK
390,1712605500.218216,6823282.68695185,451.1,-0.0,457.7,ASK
391,1712605506.491468,6823295.96128813,452.0,4.253250895672247e-09,457.7,BID
392,1712605530.2113955,6823295.96128813,452.0,0.0,457.7,BID
393,1712605536.1014802,6823309.23562441,451.1,-4.253242718943249e-09,457.7,ASK
394,1712605544.2914455,6823322.50996069,452.0,4.2532427186448435e-09,457.7,BID
395,1712605560.3012028,6823322.50996069,452.0,0.0,457.7,BID
396,1712605575.0041268,6823335.78429697,451.1,-4.253226381860509e-09,457.7,ASK
397,1712605589.7816272,6823349.0615707,451.9,4.254167569418582e-09,457.7,BID
398,1712605590.3011658,6823349.0615707,451.9,0.0,457.7,BID
399,1712605607.0515344,6823362.33884443,451.1,-4.254151228547772e-09,457.7,ASK
400,1712605620.2040703,6823362.33884443,451.1,-0.0,457.7,ASK
401,1712605624.0517876,6823375.61611816,451.9,4.254143064943055e-09,457.7,BID
402,1712605643.188141,6823388.89339189,451.2,-4.254143064943055e-09,457.7,ASK
403,1712605650.201587,6823388.89339189,451.2,-0.0,457.7,ASK
404,1712605652.103825,6823402.16772817,452.0,4.2531855421237795e-09,457.7,BID
405,1712605678.771681,6823415.44206445,451.1,-4.2531855424221816e-09,457.7,ASK
406,1712605680.301294,6823415.44206445,451.1,-0.0,457.7,ASK
407,1712605688.8939717,6823428.71640073,452.0,4.253169205778678e-09,457.7,BID
408,1712605710.3117929,6823428.71640073,452.0,0.0,457.7,BID
409,1712605712.6823566,6823441.99073701,451.1,-4.253161029065368e-09,457.7,ASK
410,1712605729.7016356,6823455.26507329,452.0,4.253161029363769e-09,457.7,BID
411,1712605740.2050364,6823455.26507329,452.0,0.0,457.7,BID
412,1712605747.611876,6823468.53940957,451.1,-4.253144692908576e-09,457.7,ASK
413,1712605762.9509995,6823481.81374585,452.0,4.253144692610177e-09,457.7,BID
414,1712605770.212261,6823481.81374585,452.0,0.0,457.7,BID
415,1712605778.6618185,6823495.08808213,451.1,-4.2531283565788806e-09,457.7,ASK
416,1712605796.2546678,6823508.36241841,452.0,4.2531283565788806e-09,457.7,BID
417,1712605800.2314787,6823508.36241841,452.0,0.0,457.7,BID
418,1712605809.0716228,6823521.63675469,451.4,-4.254040535510921e-09,457.7,ASK
419,1712605820.2716649,6823534.91109097,452.0,4.2540405358093825e-09,457.7,BID
420,1712605830.2016842,6823534.91109097,452.0,0.0,457.7,BID
421,1712605845.5118382,6823548.18542725,451.4,-4.2540241871680934e-09,457.7,ASK
422,1712605859.5220687,6823561.45976353,452.0,4.254024186869632e-09,457.7,BID
423,1712605860.303259,6823561.45976353,452.0,0.0,457.7,BID
424,1712605876.4418402,6823574.73409981,451.4,-4.254007838652461e-09,457.7,ASK
425,1712605890.3076022,6823574.73409981,451.4,-0.0,457.7,ASK
426,1712605890.874993,6823588.00843609,452.0,4.253999669870721e-09,457.7,BID
427,1712605909.001855,6823601.28277237,451.7,-4.2539996695722616e-09,457.7,ASK
428,1712605917.1320372,6823614.55710865,452.0,4.253999669870721e-09,457.7,BID
429,1712605920.207879,6823614.55710865,452.0,0.0,457.7,BID
430,1712605941.7617977,6825626.55110865,452.0,6.447759247765663e-07,457.7,BID
431,1712605944.4718316,6825639.82544493,451.7,-4.253975136569275e-09,457.7,ASK
432,1712605950.2126436,6825639.82544493,451.7,-0.0,457.7,ASK
433,1712605952.9818792,6825653.09978121,452.0,4.252727555100688e-09,457.7,BID
434,1712605977.072268,6825666.37411749,451.7,-4.2527275553990584e-09,457.7,ASK
435,1712605980.295822,6825666.37411749,451.7,-0.0,457.7,ASK
436,1712605992.2021186,6825679.64845377,452.0,4.252711211422318e-09,457.7,BID
437,1712606007.542402,6825734.02613523,452.0,1.7421027365432294e-08,457.7,BID
438,1712606010.232064,6825747.30047151,451.7,-4.252711211123949e-09,457.7,ASK
439,1712606010.2916052,6825747.30047151,451.7,-0.0,457.7,ASK
440,1712606026.197472,6825749.48976828,452.2,7.01378782956467e-10,457.7,BID
441,1712606026.2017553,6825760.57138739,452.1,3.550186814029252e-09,457.7,BID
442,1712606040.214879,6825760.57138739,452.1,0.0,457.7,BID
443,1712606042.4724946,6825773.84230327,452.0,-4.25155742462952e-09,457.7,ASK
444,1712606058.072151,6825782.732175,452.2,2.8480174617802107e-09,457.7,BID
445,1712606058.0772018,6825787.10980047,452.3,1.4024447323693056e-09,457.7,BID
446,1712606070.187022,6825787.10980047,452.3,0.0,457.7,BID
447,1712606072.74196,6825800.37729767,452.0,-4.250445855548707e-09,457.7,ASK
448,1712606083.0221188,6825806.9422844,452.4,2.1031940100280964e-09,457.7,BID
449,1712606083.0259452,6825813.64137792,452.3,2.1461571736098323e-09,457.7,BID
450,1712606100.218466,6825813.64137792,452.3,0.0,457.7,BID
451,1712606105.521993,6825818.15066174,452.4,1.445065463689875e-09,457.7,BID
452,1712606108.4722598,6825831.41474199,452.4,-4.2506670772717495e-09,457.7,ASK
453,1712606122.7726026,6825838.11087458,452.5,2.145872899574859e-09,457.7,BID
454,1712606122.7773347,6825844.67296031,452.6,2.1029156372503102e-09,457.7,BID
455,1712606130.2024927,6825844.67296031,452.6,0.0,457.7,BID
456,1712606132.7224753,6825857.93117863,452.0,-4.248769419332061e-09,457.7,ASK
457,1712606145.2125633,6825862.43846983,452.6,1.4444204002915743e-09,457.7,BID
458,1712606145.221979,6825871.18598474,452.7,2.803255531606838e-09,457.7,BID
459,1712606160.3033328,6825871.18598474,452.7,0.0,457.7,BID
460,1712606169.3821912,6825884.44079085,451.7,-4.247659607198586e-09,457.7,ASK
461,1712606178.7224712,6825895.37276965,452.8,3.5032820844458837e-09,457.7,BID
462,1712606178.72854,6825897.69218648,452.7,7.43284594346329e-10,457.7,BID
463,1712606190.3018842,6825897.69218648,452.7,0.0,457.7,BID
464,1712606199.832232,6825910.94358211,451.7,-4.246550365629959e-09,457.7,ASK
465,1712606210.8524444,6825924.19739258,452.7,4.247324226824143e-09,457.7,BID
466,1712606220.207983,6825924.19739258,452.7,0.0,457.7,BID
467,1712606234.9925425,6825937.45120305,451.7,-4.247307913209731e-09,457.7,ASK
468,1712606250.208295,6825937.45120305,451.7,-0.0,457.7,ASK
469,1712606250.2447808,6825950.70501352,452.7,4.247299764726973e-09,457.7,BID
470,1712606266.7226222,6825963.95882399,451.7,-4.247299764726973e-09,457.7,ASK
471,1712606280.302996,6825963.95882399,451.7,-0.0,457.7,ASK
472,1712606281.7523627,6825977.21263446,452.7,4.247283449815837e-09,457.7,BID
473,1712606299.6345444,6825990.46644493,451.7,-4.247283449815837e-09,457.7,ASK
474,1712606310.322412,6825990.46644493,451.7,-0.0,457.7,ASK
475,1712606314.3627536,6825990.59895376,452.8,4.2463290141751687e-11,457.7,BID
476,1712606314.3741856,6826003.71443179,452.9,4.2029376322315695e-09,457.7,BID
477,1712606330.6524987,6826016.96241865,452.0,-4.245400922671769e-09,457.7,ASK
478,1712606340.2013357,6826016.96241865,452.0,-0.0,457.7,ASK
479,1712606341.492419,6826030.20745176,453.0,4.244438068851407e-09,457.7,BID
480,1712606369.9124134,6826043.45248487,451.7,-4.244438069149854e-09,457.7,ASK
481,1712606370.2072797,6826043.45248487,451.7,-0.0,457.7,ASK
482,1712606378.302756,6826056.70044247,452.9,4.2453589345070175e-09,457.7,BID
483,1712606400.2590542,6826056.70044247,452.9,0.0,457.7,BID
484,1712606400.444851,6826069.94840007,452.2,-4.247791861868994e-09,457.7,ASK
485,1712606422.7629268,6826214.24120197,453.0,4.626568170956495e-08,457.7,BID
486,1712606422.7682562,6826502.55415376,453.0,9.244394096338013e-08,457.7,BID
487,1712606422.7729275,6826514.55415376,453.0,3.8476498702976e-09,457.7,BID
488,1712606428.103079,6826735.30470563,453.0,7.078090268925717e-08,457.7,BID
489,1712606430.2064626,6826735.30470563,453.0,0.0,457.7,BID
490,1712606442.4328,6826748.54973874,453.0,4.246435618882959e-09,457.7,BID
491,1712606460.302527,6826748.54973874,453.0,0.0,457.7,BID
492,1712606465.5426831,6826761.79477185,452.0,-4.2464274506036535e-09,457.7,ASK
493,1712606480.7761402,6826775.03980496,453.0,4.246427450305066e-09,457.7,BID
494,1712606490.2923336,6826775.03980496,453.0,0.0,457.7,BID
495,1712606494.8729615,6826788.28483807,451.8,-4.246411131574153e-09,457.7,ASK
496,1712606499.8536348,6827305.44626805,453.0,1.658040440342568e-07,457.7,BID
497,1712606499.8577943,6828211.44626805,453.0,2.904672606789197e-07,457.7,BID
498,1712606499.860279,6829280.85726689,453.0,3.428574871665881e-07,457.7,BID
499,1712606499.862761,6832201.33979283,453.0,9.363184979806396e-07,457.7,BID
500,1712606499.8652709,6834315.33979283,452.9,6.777569415841461e-07,457.7,BID
501,1712606499.892558,6834334.85726689,453.0,6.257381043669571e-09,457.7,BID
502,1712606499.897689,6838567.30285219,453.1,1.3569391557778593e-06,457.7,BID
503,1712606499.9127536,6838888.89496744,453.1,1.0310373153692861e-07,457.7,BID
504,1712606499.9325285,6839155.57884405,453.1,8.549992837334063e-08,457.7,BID
505,1712606499.9524982,6839409.42618696,453.1,8.138448380326854e-08,457.7,BID
506,1712606499.9723856,6839840.97884405,453.1,1.3835752554489902e-07,457.7,BID
507,1712606500.001978,6840335.82199322,453.4,1.5864871302974684e-07,457.7,BID
508,1712606500.0097203,6840346.87183883,453.4,3.5426251495343907e-09,457.7,BID
509,1712606500.0122662,6840827.62260542,453.6,1.541306382345326e-07,457.7,BID
510,1712606500.0148351,6843587.62260542,453.6,8.848671517371064e-07,457.7,BID
511,1712606500.0173988,6846072.77945625,453.4,7.967513276139406e-07,457.7,BID
512,1712606500.0202498,6846083.82442979,453.6,3.541063143707768e-09,457.7,BID
513,1712606500.0227697,6846094.87915176,453.6,3.544188530049946e-09,457.7,BID
514,1712606500.0288591,6846106.87915176,453.6,3.847248485813506e-09,457.7,BID
515,1712606500.0314493,6846117.9265608,453.5,3.541843975083548e-09,457.7,BID
516,1712606500.0340188,6846129.9265608,453.6,3.847248485813506e-09,457.7,BID
517,1712606500.0366066,6846140.97884405,453.6,3.543406666761708e-09,457.7,BID
518,1712606500.0391753,6848580.22807746,453.6,7.820331599797887e-07,457.7,BID
519,1712606500.0417547,6849629.93630493,453.8,3.365406990565287e-07,457.7,BID
520,1712606500.0443614,6849640.97884405,453.7,3.540282659288664e-09,457.7,BID
521,1712606500.1124468,6853940.97884405,453.8,1.3785973740831732e-06,457.7,BID
522,1712606500.1723423,6854911.48176671,453.5,-3.111471583066889e-07,457.7,ASK
523,1712606500.272321,6857891.48176671,453.8,9.554000406436874e-07,457.7,BID
524,1712606500.2933028,6858256.64151642,453.8,1.1707169117932005e-07,457.7,BID
525,1712606500.2991202,6858267.68162219,453.8,3.539502517347451e-09,457.7,BID
526,1712606500.3048067,6859421.84584501,453.8,3.70029713218611e-07,457.7,BID
527,1712606500.3133106,6859433.3003282,454.2,3.672353592253509e-09,457.7,BID
528,1712606500.315913,6859444.33071129,454.2,3.536385386902102e-09,457.7,BID
529,1712606500.3185215,6859455.35623945,454.4,3.5348288765467677e-09,457.7,BID
530,1712606500.3211305,6859466.39148174,454.0,3.537943265974653e-09,457.7,BID
531,1712606500.3270948,6859477.42915523,453.9,3.538722718182712e-09,457.7,BID
532,1712606500.329756,6861419.13436183,454.6,6.225185346656767e-07,457.7,BID
533,1712606500.3323896,6861431.13436183,454.0,3.847248485813506e-09,457.7,BID
534,1712606500.3350492,6861442.16717398,454.1,3.5371641532586246e-09,457.7,BID
535,1712606500.337712,6861453.19027629,454.5,3.534051139415429e-09,457.7,BID
536,1712606500.3403523,6861464.2109538,454.6,3.5332737384916807e-09,457.7,BID
537,1712606500.343223,6862497.67169206,454.2,3.313316883683037e-07,457.7,BID
538,1712606500.3458593,6864955.30658327,454.2,7.879276761575492e-07,457.7,BID
539,1712606500.5132017,6864966.79575693,454.3,-3.683475496942602e-09,457.7,ASK
540,1712606501.9096658,6865076.92791552,454.8,3.530881503138331e-08,457.7,BID
541,1712606502.6624446,6865158.66038452,454.9,2.6203759800145865e-08,457.7,BID
542,1712606503.4312656,6865169.99371785,455.0,3.6335124578285806e-09,457.7,BID
543,1712606503.43408,6865390.74426972,455.0,7.077351886872585e-08,457.7,BID
544,1712606503.502367,6865402.17535347,454.9,-3.664851637359743e-09,457.7,ASK
545,1712606503.5125425,6865624.91784068,455.0,-7.14121413870355e-08,457.7,ASK
546,1712606503.5163467,6865778.94412572,454.9,-4.938144932469661e-08,457.7,ASK
547,1712606503.9924695,6869302.19971586,455.0,-1.1295699778583048e-06,457.7,ASK
548,1712606504.1391406,6869746.49971586,455.0,-1.4244437518718537e-07,457.7,ASK
549,1712606504.152761,6870289.30812572,455.0,-1.7402656941017488e-07,457.7,ASK
550,1712606505.5325687,6870302.4949389,455.0,4.227745586430489e-09,457.7,BID
551,1712606507.4028342,6870522.27515868,455.0,7.046242648012053e-08,457.7,BID
552,1712606510.5843525,6871476.18607127,454.4,-3.05827692838604e-07,457.7,ASK
553,1712606511.5632412,6871958.99044737,454.3,-1.547890337412992e-07,457.7,ASK
554,1712606511.5692408,6873885.07953478,454.4,-6.175119437566376e-07,457.7,ASK
555,1712606511.5739996,6874632.17217523,454.3,-2.3952091914454497e-07,457.7,ASK
556,1712606511.5787082,6877472.17217523,454.3,-9.105154749758632e-07,457.7,ASK
557,1712606511.5824745,6878097.24102603,454.2,-2.0039959914728545e-07,457.7,ASK
558,1712606519.2330651,6878417.82916371,454.2,-1.027818522715105e-07,457.7,ASK
559,1712606519.2393937,6881845.37488941,454.2,-1.0988850086047995e-06,457.7,ASK
560,1712606520.2191088,6881845.37488941,454.2,-0.0,457.7,ASK
561,1712606531.3926656,6881858.56170259,453.8,-4.1941378259798375e-09,457.7,ASK
562,1712606532.0065775,6882789.40554735,453.8,-2.960599597488384e-07,457.7,ASK
563,1712606535.912871,6882811.70612028,453.5,-7.0928188021813385e-09,457.7,ASK
564,1712606546.0925913,6882824.91615991,454.2,4.201525125094791e-09,457.7,BID
565,1712606550.2227392,6882824.91615991,454.2,0.0,457.7,BID
566,1712606561.142633,6882838.12619954,453.5,-4.200931196156671e-09,457.7,ASK
567,1712606580.2151425,6882838.12619954,453.5,-0.0,457.7,ASK
568,1712606585.2625945,6882904.3513651,453.5,-2.1060257331084847e-08,457.7,ASK
569,1712606610.197019,6882904.3513651,453.5,-0.0,457.7,ASK
570,1712606611.6625712,6882917.56140473,454.2,4.200883071274197e-09,457.7,BID
571,1712606626.3526635,6882930.77144436,453.5,-4.2008830709780305e-09,457.7,ASK
572,1712606640.3018465,6882930.77144436,453.5,-0.0,457.7,ASK
573,1712606643.2416332,6882943.98148399,454.2,4.200867052773435e-09,457.7,BID
574,1712606659.181461,6882957.19152362,453.5,-4.200867052477269e-09,457.7,ASK
575,1712606661.753011,6885757.19152362,453.6,-8.90415780477994e-07,457.7,ASK
576,1712606670.29151,6885757.19152362,453.6,-0.0,457.7,ASK
577,1712606700.1948037,6885757.19152362,453.6,-0.0,457.7,ASK
578,1712606700.530918,6885770.41903684,453.6,4.204709468632051e-09,457.7,BID
579,1712606727.746078,6885783.64655006,453.5,-4.204709468632051e-09,457.7,ASK
580,1712606730.1895094,6885783.64655006,453.5,-0.0,457.7,ASK
581,1712606735.709403,6885796.85658969,454.2,4.199139017027618e-09,457.7,BID
582,1712606759.2075818,6885810.06662932,453.5,-4.199139017323662e-09,457.7,ASK
583,1712606760.298158,6885810.06662932,453.5,-0.0,457.7,ASK
584,1712606774.6380851,6885823.27666895,454.2,4.1991230118246705e-09,457.7,BID
585,1712606789.957945,6885836.48670858,453.6,-4.1991230118246705e-09,457.7,ASK
586,1712606790.297696,6885836.48670858,453.6,-0.0,457.7,ASK
587,1712606800.247387,6885849.69674821,454.2,4.19910700527652e-09,457.7,BID
588,1712606820.2045689,6885849.69674821,454.2,0.0,457.7,BID
589,1712606827.5769098,6885862.90678784,453.5,-4.199098996314417e-09,457.7,ASK
590,1712606841.8266077,6885876.11682747,454.2,4.199098996610457e-09,457.7,BID
591,1712606850.188846,6885876.11682747,454.2,0.0,457.7,BID
592,1712606855.336446,6885889.3268671,453.5,-4.199082991416547e-09,457.7,ASK
593,1712606872.9557848,6885902.53981578,454.1,4.200007692937154e-09,457.7,BID
594,1712606880.285923,6885902.53981578,454.1,0.0,457.7,BID
595,1712606889.105779,6885911.34359982,454.1,2.7984532942818342e-09,457.7,BID
596,1712606889.1115236,6885932.53981578,454.1,6.737627832753066e-09,457.7,BID
597,1712606890.4297075,6885945.75276446,453.5,-4.199991684636802e-09,457.7,ASK
598,1712606906.9850082,6885958.96571314,454.1,4.199991684636802e-09,457.7,BID
599,1712606910.288576,6885958.96571314,454.1,0.0,457.7,BID
600,1712606923.924701,6885972.17866182,453.5,-4.199957487545999e-09,457.7,ASK
601,1712606940.1947386,6885972.17866182,453.5,-0.0,457.7,ASK
602,1712606970.1941628,6885972.17866182,453.5,-0.0,457.7,ASK
603,1712606971.3142834,6885985.3916105,454.1,4.199949488279218e-09,457.7,BID
604,1712606985.3580835,6885998.60455918,453.5,-4.1999494879831825e-09,457.7,ASK
605,1712606987.7445066,6887164.71891962,453.5,-3.706683140682768e-07,457.7,ASK
606,1712606987.7518969,6887575.69022305,453.5,-1.3063387720871377e-07,457.7,ASK
607,1712606991.533369,6897412.72242305,453.5,3.1268598215654927e-06,457.7,BID
608,1712606997.013535,6897425.95285303,453.5,4.205506202004153e-09,457.7,BID
609,1712607000.2735436,6897425.95285303,453.5,0.0,457.7,BID
610,1712607024.6384337,6897439.18328301,453.0,-4.198587300103569e-09,457.7,ASK
611,1712607030.1986284,6897439.18328301,453.0,-0.0,457.7,ASK
612,1712607032.3029745,6897452.41371299,453.5,4.198579314573459e-09,457.7,BID
613,1712607054.82267,6897465.64414297,453.0,-4.198579314869007e-09,457.7,ASK
614,1712607060.2924075,6897465.64414297,453.0,-0.0,457.7,ASK
615,1712607090.284272,6897465.64414297,453.0,-0.0,457.7,ASK
616,1712607096.9117932,6897478.87457295,453.5,4.198563334790399e-09,457.7,BID
617,1712607120.197466,6897478.87457295,453.5,0.0,457.7,BID
618,1712607120.6275177,6897492.10500293,453.0,-4.1985553405375185e-09,457.7,ASK
619,1712607136.3512793,6897505.33543291,453.5,4.1985553405375185e-09,457.7,BID
620,1712607149.0414183,6897518.56586289,453.3,-4.1985553405375185e-09,457.7,ASK
621,1712607150.1952822,6897518.56586289,453.3,-0.0,457.7,ASK
622,1712607153.399227,6897946.61542712,453.5,1.3583681907397658e-07,457.7,BID
623,1712607159.441378,6897959.8458571,453.5,4.198531370300893e-09,457.7,BID
624,1712607180.2939334,6897959.8458571,453.5,0.0,457.7,BID
625,1712607184.940782,6897973.07628708,453.3,-4.1982647551674145e-09,457.7,ASK
626,1712607190.0805635,6898077.22386417,453.5,3.3047988832992465e-08,457.7,BID
627,1712607194.8907237,6898090.45429415,453.5,4.1982647551674145e-09,457.7,BID
628,1712607210.3006475,6898090.45429415,453.5,0.0,457.7,BID
629,1712607221.06075,6898099.29891935,453.0,-2.8065135033568163e-09,457.7,ASK
630,1712607221.0657258,6898103.68472413,453.0,-1.391672350058575e-09,457.7,ASK
631,1712607234.9503975,6898116.91515411,453.5,4.198185853415392e-09,457.7,BID
632,1712607240.1926436,6898116.91515411,453.5,0.0,457.7,BID
633,1712607251.5302324,6898130.14558409,453.3,-4.19816987662721e-09,457.7,ASK
634,1712607261.689793,6898143.37601407,453.5,4.19816987662721e-09,457.7,BID
635,1712607270.1999865,6898143.37601407,453.5,0.0,457.7,BID
636,1712607285.959554,6898156.60644405,453.3,-4.1981538946732844e-09,457.7,ASK
637,1712607300.2094152,6898156.60644405,453.3,-0.0,457.7,ASK
638,1712607327.601227,6898621.93915693,453.3,-1.4766441291632506e-07,457.7,ASK
639,1712607330.1915703,6898621.93915693,453.3,-0.0,457.7,ASK
640,1712607335.7391229,6898635.16958691,453.5,4.198142230981841e-09,457.7,BID
641,1712607350.639258,6898648.40001689,453.3,-4.198142230981841e-09,457.7,ASK
642,1712607360.298817,6898648.40001689,453.3,-0.0,457.7,ASK
643,1712607390.288442,6898648.40001689,453.3,-0.0,457.7,ASK
644,1712607392.688535,6898661.63044687,453.5,4.198126249238402e-09,457.7,BID
645,1712607416.978334,6898674.86087685,452.9,-4.198126249238402e-09,457.7,ASK
646,1712607420.2002344,6898674.86087685,452.9,-0.0,457.7,ASK
647,1712607432.4781902,6898688.0796475,453.9,4.194410685754741e-09,457.7,BID
648,1712607445.868358,6898705.70488241,454.0,5.592613383109135e-09,457.7,BID
649,1712607446.3078058,6898718.92365306,453.0,-4.194410685459226e-09,457.7,ASK
650,1712607450.18793,6898718.92365306,453.0,-0.0,457.7,ASK
651,1712607456.968356,6898732.14242371,453.9,4.1943840809546646e-09,457.7,BID
652,1712607480.291442,6898732.14242371,453.9,0.0,457.7,BID
653,1712607484.0475326,6898745.36119436,452.9,-4.1943760955717045e-09,457.7,ASK
654,1712607498.1075397,6898758.57996501,453.9,4.1943760955717045e-09,457.7,BID
655,1712607510.277241,6898758.57996501,453.9,0.0,457.7,BID
656,1712607513.20744,6898771.79873566,452.9,-4.194360142194144e-09,457.7,ASK
657,1712607529.8674026,6898785.01750631,453.9,4.194360142489656e-09,457.7,BID
658,1712607540.203117,6898785.01750631,453.9,0.0,457.7,BID
659,1712607547.0070498,6898798.23627696,452.9,-4.1943441895289604e-09,457.7,ASK
660,1712607563.247028,6898811.45504761,453.9,4.1943441895289604e-09,457.7,BID
661,1712607570.200045,6898811.45504761,453.9,0.0,457.7,BID
662,1712607576.4848924,6898824.67381826,452.9,-4.1943282366896165e-09,457.7,ASK
663,1712607600.2102392,6898824.67381826,452.9,-0.0,457.7,ASK
664,1712607627.8066523,6898837.89550182,453.8,4.195711333322031e-09,457.7,BID
665,1712607630.1787963,6898852.89550182,452.9,-4.760034508050166e-09,457.7,ASK
666,1712607630.1821132,6898852.89550182,452.9,-0.0,457.7,ASK
667,1712607642.10111,6898866.11718538,452.9,-4.195703344644949e-09,457.7,ASK
668,1712607660.2101214,6898866.11718538,452.9,-0.0,457.7,ASK
669,1712607660.24688,6898879.34178313,453.7,4.196611097349637e-09,457.7,BID
670,1712607672.406406,6898892.56638088,452.9,-4.196611097645177e-09,457.7,ASK
671,1712607685.2659786,6898905.78806444,453.8,4.195686326733233e-09,457.7,BID
672,1712607690.1964176,6898905.78806444,453.8,0.0,457.7,BID
673,1712607703.2559445,6898916.89301229,453.0,-3.523954544944583e-09,457.7,ASK
674,1712607709.6160417,6898927.92209999,453.8,3.49988169700876e-09,457.7,BID
675,1712607710.1361835,6898941.14378355,452.9,-4.1956623751648955e-09,457.7,ASK
676,1712607720.2969828,6898941.14378355,452.9,-0.0,457.7,ASK
677,1712607725.1960073,6898954.36546711,453.8,4.1956410411138945e-09,457.7,BID
678,1712607738.0459805,6898967.58715067,452.9,-4.1956410411138945e-09,457.7,ASK
679,1712607749.5460398,6898980.81174842,453.7,4.196565802044437e-09,457.7,BID
680,1712607750.2797525,6898980.81174842,453.7,0.0,457.7,BID
681,1712607776.1156251,6898994.03634617,452.9,-4.196541847471686e-09,457.7,ASK
682,1712607780.1830597,6898994.03634617,452.9,-0.0,457.7,ASK
683,1712607784.9754963,6899007.26094392,453.7,4.1965338714814865e-09,457.7,BID
684,1712607807.675388,6899020.48554167,452.9,-4.1965338711859514e-09,457.7,ASK
685,1712607810.205402,6899020.48554167,452.9,-0.0,457.7,ASK
686,1712607823.548644,6899033.71013942,453.7,4.196517905503432e-09,457.7,BID
687,1712607828.555505,6899577.78521576,452.9,-1.7264954616543908e-07,457.7,ASK
688,1712607828.5632558,6901691.43930625,452.9,-6.707188683018589e-07,457.7,ASK
689,1712607838.485285,6901704.663904,452.5,-4.196517905503432e-09,457.7,ASK
690,1712607840.275684,6901704.663904,452.5,-0.0,457.7,ASK
691,1712607870.290841,6901704.663904,452.5,-0.0,457.7,ASK
692,1712607870.4376824,6901754.09749873,452.5,-1.568055027146376e-08,457.7,ASK
693,1712607870.4405146,6903842.87290098,452.5,-6.625686009652485e-07,457.7,ASK
694,1712607887.5549774,6903856.09749873,453.7,4.194899662386672e-09,457.7,BID
695,1712607900.2148569,6903856.09749873,453.7,0.0,457.7,BID
696,1712607904.0353377,6903869.32209648,452.6,-4.1951546727708655e-09,457.7,ASK
697,1712607916.0945082,6903882.53212329,453.7,4.1905324264552005e-09,457.7,BID
698,1712607916.10435,6903899.22784844,453.7,5.296278246255055e-09,457.7,BID
699,1712607918.0446365,6903912.45244619,453.7,4.195154672475426e-09,457.7,BID
700,1712607930.1986642,6903912.45244619,453.7,0.0,457.7,BID
701,1712607934.044737,6903918.16036243,452.3,-1.810671132092661e-09,457.7,ASK
702,1712607934.0504196,6903925.67704394,452.5,-2.384449534045564e-09,457.7,ASK
703,1712607951.5646813,6903938.90455716,453.6,4.196045514544511e-09,457.7,BID
704,1712607960.2761438,6903938.90455716,453.6,0.0,457.7,BID
705,1712607964.054713,6903952.13207038,452.1,-4.196029564361061e-09,457.7,ASK
706,1712607975.3344047,6903965.3595836,453.6,4.196029564361061e-09,457.7,BID
707,1712607990.1673794,6904009.45129435,453.6,1.3986765219657725e-08,457.7,BID
708,1712607990.273915,6904009.45129435,453.6,0.0,457.7,BID
709,1712607998.3342364,6904022.67880757,452.1,-4.195986996865647e-09,457.7,ASK
710,1712608007.147798,6904035.90923755,453.5,4.196912241841505e-09,457.7,BID
711,1712608020.207884,6904035.90923755,453.5,0.0,457.7,BID
712,1712608031.712286,6904049.13966753,452.1,-4.196896292353765e-09,457.7,ASK
713,1712608041.6441767,6904062.37009751,453.5,4.196896292353765e-09,457.7,BID
714,1712608050.1928527,6904062.37009751,453.5,0.0,457.7,BID
715,1712608066.77395,6904075.60052749,452.1,-4.1968803412316955e-09,457.7,ASK
716,1712608080.2904878,6904075.60052749,452.1,-0.0,457.7,ASK
717,1712608081.9842036,6904088.83095747,453.5,4.196872378341174e-09,457.7,BID
718,1712608093.4639854,6906293.90262229,453.5,6.99478730147173e-07,457.7,BID
719,1712608097.034746,6906307.13305227,452.1,-4.196872378045746e-09,457.7,ASK
720,1712608106.813847,6906320.36348225,453.5,4.196872378045746e-09,457.7,BID
721,1712608110.2881055,6906320.36348225,453.5,0.0,457.7,BID
722,1712608131.9535434,6906333.59391223,452.1,-4.19551757169246e-09,457.7,ASK
723,1712608140.1907814,6906333.59391223,452.1,-0.0,457.7,ASK
724,1712608147.323483,6906346.82434221,453.5,4.19550961367712e-09,457.7,BID
725,1712608163.1734908,6906360.05477219,452.1,-4.19550961367712e-09,457.7,ASK
726,1712608166.3532925,6906584.66159713,452.1,-7.122520543625714e-08,457.7,ASK
727,1712608170.1857913,6906584.66159713,452.1,-0.0,457.7,ASK
728,1712608173.1536102,6906597.89202711,453.5,4.195358579220668e-09,457.7,BID
729,1712608197.98206,6906611.12245709,452.1,-4.195358579220668e-09,457.7,ASK
730,1712608200.3635452,6906611.12245709,452.1,-0.0,457.7,ASK
731,1712608213.6134195,6906624.35288707,453.5,4.196430741895282e-09,457.7,BID
732,1712608226.41319,6906637.58331705,452.1,-4.196430741895282e-09,457.7,ASK
733,1712608230.2945209,6906637.58331705,452.1,-0.0,457.7,ASK
734,1712608243.573082,6906650.81666508,453.4,4.197340338744594e-09,457.7,BID
735,1712608259.1032853,6906664.05001311,452.1,-4.197340338449198e-09,457.7,ASK
736,1712608260.1961136,6906664.05001311,452.1,-0.0,457.7,ASK
737,1712608269.3729153,6906677.28628048,453.3,4.198250335750277e-09,457.7,BID
738,1712608290.1944373,6906677.28628048,453.3,0.0,457.7,BID
739,1712608292.6428506,6906690.52254785,452.0,-4.198242346214326e-09,457.7,ASK
740,1712608293.5845428,6906712.58299347,453.3,6.9970705779100606e-09,457.7,BID
741,1712608308.4331973,6906725.81926084,453.3,4.198242346214326e-09,457.7,BID
742,1712608320.282556,6906725.81926084,453.3,0.0,457.7,BID
743,1712608324.152608,6906739.05552821,452.1,-4.198213074126433e-09,457.7,ASK
744,1712608341.1936653,6906752.28887624,453.4,4.1972871328984974e-09,457.7,BID
745,1712608350.2827249,6906752.28887624,453.4,0.0,457.7,BID
746,1712608357.432635,6906765.52222427,452.2,-4.197271178514634e-09,457.7,ASK
747,1712608367.3525126,6906877.82563674,452.2,-3.561969921388287e-08,457.7,ASK
748,1712608372.8125656,6906899.93974554,453.4,7.014015749946267e-09,457.7,BID
749,1712608375.06269,6906913.17309357,453.4,4.197271178810025e-09,457.7,BID
750,1712608380.184094,6906913.17309357,453.4,0.0,457.7,BID
751,1712608389.3526013,6906926.4064416,452.0,-4.197174272343933e-09,457.7,ASK
752,1712608400.2122197,6906939.64270897,453.3,4.198100189265135e-09,457.7,BID
753,1712608410.192891,6906939.64270897,453.3,0.0,457.7,BID
754,1712608428.033275,6906952.87897634,452.0,-4.1980842360346065e-09,457.7,ASK
755,1712608440.2022216,6906952.87897634,452.0,-0.0,457.7,ASK
756,1712608442.3827248,6906966.11524371,453.3,4.198076269746453e-09,457.7,BID
757,1712608460.0920708,6906979.35151108,452.0,-4.198076270041835e-09,457.7,ASK
758,1712608470.2089942,6906979.35151108,452.0,-0.0,457.7,ASK
759,1712608470.5700543,6906992.58777845,453.3,4.198060315236165e-09,457.7,BID
760,1712608475.6020527,6907004.13512256,452.0,-3.662395575636663e-09,457.7,ASK
761,1712608494.7523658,6907116.43853503,452.0,-3.5618538517776445e-08,457.7,ASK
762,1712608495.7519965,6907129.6748024,452.0,-4.198060315236165e-09,457.7,ASK
763,1712608500.2175348,6907129.6748024,452.0,-0.0,457.7,ASK
764,1712608511.372221,6907142.91983551,453.0,4.200776717548733e-09,457.7,BID
765,1712608517.631982,6907164.99489069,453.0,7.0012945284602166e-09,457.7,BID
766,1712608526.6720738,6907178.2399238,452.0,-4.20077671784411e-09,457.7,ASK
767,1712608530.1933155,6907178.2399238,452.0,-0.0,457.7,ASK
768,1712608537.891893,6907191.48495691,453.0,4.200747424521452e-09,457.7,BID
769,1712608539.4823687,6907235.95398346,452.0,-1.4103637733821138e-08,457.7,ASK
770,1712608560.2918074,6907235.95398346,452.0,-0.0,457.7,ASK
771,1712608561.8016803,6907249.19901657,452.0,-4.200712652229722e-09,457.7,ASK
772,1712608571.8517847,6907262.44404968,453.0,4.2007126519343495e-09,457.7,BID
773,1712608590.293007,6907262.44404968,453.0,0.0,457.7,BID
774,1712608594.3143888,6907275.68908279,452.0,-4.200696682672392e-09,457.7,ASK
775,1712608603.6215909,6907288.9341159,453.0,4.20069668237702e-09,457.7,BID
776,1712608620.173601,6907288.9341159,453.0,0.0,457.7,BID
777,1712608629.9616892,6907302.17914901,452.1,-4.200680713236481e-09,457.7,ASK
778,1712608639.271782,6907315.42418212,453.0,4.2006807129411115e-09,457.7,BID
779,1712608650.179052,6907315.42418212,453.0,0.0,457.7,BID
780,1712608663.0615814,6907328.66921523,452.1,-4.200664742157432e-09,457.7,ASK
781,1712608672.291795,6907341.91424834,453.0,4.200664741862062e-09,457.7,BID
782,1712608680.301411,6907341.91424834,453.0,0.0,457.7,BID
783,1712608699.7922392,6907355.15928145,452.0,-4.2006487711998255e-09,457.7,ASK
784,1712608710.2819338,6907355.15928145,452.0,-0.0,457.7,ASK
785,1712608720.8471603,6908392.93060934,452.0,-3.291274955628619e-07,457.7,ASK
786,1712608740.1847012,6908392.93060934,452.0,-0.0,457.7,ASK
787,1712608742.7024517,6908406.17564245,453.0,4.2000159774570524e-09,457.7,BID
788,1712608766.142733,6908419.42067556,452.0,-4.2000159771617274e-09,457.7,ASK
789,1712608770.1726956,6908419.42067556,452.0,-0.0,457.7,ASK
790,1712608781.252602,6908432.66570867,453.0,4.2000000131962724e-09,457.7,BID
791,1712608796.6725936,6908445.91074178,452.1,-4.200000012900949e-09,457.7,ASK
792,1712608800.223468,6908445.91074178,452.1,-0.0,457.7,ASK
793,1712608806.1030412,6908459.15577489,453.0,4.201232879577662e-09,457.7,BID
794,1712608830.177335,6908459.15577489,453.0,0.0,457.7,BID
795,1712608831.2632482,6908472.400808,452.3,-4.2012248836854295e-09,457.7,ASK
796,1712608846.4134135,6908485.64584111,453.0,4.2012248836854295e-09,457.7,BID
797,1712608858.62338,6908503.94547038,453.0,5.804504769132211e-09,457.7,BID
798,1712608858.6265163,6909154.73912117,453.0,2.0642685127531786e-07,457.7,BID
799,1712608858.6295671,6909226.00817963,453.0,2.2606009314118632e-08,457.7,BID
800,1712608859.3432238,6909239.25321274,453.0,-4.2012248836854295e-09,457.7,ASK
801,1712608860.286828,6909239.25321274,453.0,-0.0,457.7,ASK
802,1712608871.0636308,6909250.30793471,453.2,3.506081674882933e-09,457.7,BID
803,1712608871.0718873,6909252.49191883,453.3,6.92665697372583e-10,457.7,BID
804,1712608890.2759788,6909252.49191883,453.3,0.0,457.7,BID
805,1712608901.3155315,6909265.73062492,453.0,-4.198739382004406e-09,457.7,ASK
806,1712608916.4737391,6909270.09859316,453.3,1.3853287582501011e-09,457.7,BID
807,1712608916.4819076,6909278.96689229,453.3,2.812637168474645e-09,457.7,BID
808,1712608920.199824,6909278.96689229,453.3,0.0,457.7,BID
1009,1712608929.2537634,6909292.20315966,452.3,-4.1979499536641474e-09,457.7,ASK
809,1712608929.2537634,6909292.20315966,452.3,-4.197949953664147e-09,457.7,ASK
1010,1712608940.1944585,6909305.43942703,453.3,4.1979499536641474e-09,457.7,BID
810,1712608940.1944585,6909305.43942703,453.3,4.197949953664147e-09,457.7,BID
811,1712608950.1881945,6909305.43942703,453.3,0.0,457.7,BID
812,1712608964.0439703,6909318.6756944,452.1,-4.197933994531797e-09,457.7,ASK
813,1712608979.8444135,6909331.91196177,453.3,4.197933994236425e-09,457.7,BID
814,1712608980.286454,6909331.91196177,453.3,0.0,457.7,BID
815,1712608995.404111,6909345.14822914,452.3,-4.197918039045292e-09,457.7,ASK
816,1712609005.6441956,6909358.38741713,453.2,4.198844321632547e-09,457.7,BID
817,1712609010.2944136,6909358.38741713,453.2,0.0,457.7,BID
818,1712609031.574581,6909371.62660512,452.3,-4.198828358926109e-09,457.7,ASK
819,1712609040.1286922,6909384.86287249,453.3,4.1979020801556e-09,457.7,BID
820,1712609040.1907454,6909384.86287249,453.3,0.0,457.7,BID
821,1712609041.224324,6909510.42545381,452.3,-3.9822209881995094e-08,457.7,ASK
1021,1712609041.224324,6909510.42545381,452.3,-3.982220988199509e-08,457.7,ASK
822,1712609062.9243906,6909523.66172118,452.3,-4.19788611962852e-09,457.7,ASK
823,1712609070.1946137,6909523.66172118,452.3,-0.0,457.7,ASK
824,1712609078.4643905,6909536.90090917,453.2,4.198728796971745e-09,457.7,BID
825,1712609094.7645223,6909550.14009716,452.3,-4.198728797267108e-09,457.7,ASK
826,1712609100.214563,6909550.14009716,452.3,-0.0,457.7,ASK
827,1712609104.7545085,6909563.37928515,453.2,4.206077728649881e-09,457.7,BID
828,1712609130.1901748,6909563.37928515,453.2,0.0,457.7,BID
829,1712609133.227733,6909576.61847314,452.3,-4.20606971076736e-09,457.7,ASK
830,1712609146.6145656,6909589.85766113,453.2,4.206069711063239e-09,457.7,BID
831,1712609160.217228,6909589.85766113,453.2,0.0,457.7,BID
832,1712609160.237519,6909603.09684912,452.3,-4.206053691903454e-09,457.7,ASK
833,1712609177.2548892,6909616.33603711,453.2,4.2060536916075755e-09,457.7,BID
834,1712609190.1979096,6909616.33603711,453.2,0.0,457.7,BID
835,1712609190.9849322,6909629.5752251,452.3,-4.206037672865689e-09,457.7,ASK
836,1712609202.4649749,6909642.81441309,453.2,4.206037672865689e-09,457.7,BID
837,1712609220.2949166,6909642.81441309,453.2,0.0,457.7,BID
838,1712609230.6948807,6909656.05360108,452.3,-4.206021653654066e-09,457.7,ASK
839,1712609250.2855885,6909656.05360108,452.3,-0.0,457.7,ASK
840,1712609270.3351078,6909669.29278907,453.2,4.206013652498574e-09,457.7,BID
841,1712609280.1974063,6909669.29278907,453.2,0.0,457.7,BID
842,1712609283.8863018,6910809.33378907,453.2,3.6218375883910906e-07,457.7,BID
843,1712609295.9850535,6910822.57297706,452.5,-4.206005635156213e-09,457.7,ASK
844,1712609310.1814744,6910822.57297706,452.5,-0.0,457.7,ASK
845,1712609310.571289,6910835.81216505,453.2,4.205307365031824e-09,457.7,BID
846,1712609326.365412,6910849.05135304,452.4,-4.205307365327651e-09,457.7,ASK
847,1712609337.395111,6910862.29054103,453.2,4.205307365031824e-09,457.7,BID
848,1712609340.2952476,6910862.29054103,453.2,0.0,457.7,BID
849,1712609364.51547,6910875.52972902,452.4,-4.205283335616842e-09,457.7,ASK
850,1712609370.2708297,6910875.52972902,452.4,-0.0,457.7,ASK
851,1712609379.12525,6910888.76891701,453.2,4.205275335205914e-09,457.7,BID
852,1712609395.9955962,6910902.008105,452.4,-4.20527533491009e-09,457.7,ASK
853,1712609400.2305274,6910902.008105,452.4,-0.0,457.7,ASK
854,1712609405.4056587,6910915.24729299,453.2,4.205305353548065e-09,457.7,BID
855,1712609427.2251954,6910928.48648098,452.4,-4.205305353548065e-09,457.7,ASK
856,1712609430.2027686,6910928.48648098,452.4,-0.0,457.7,ASK
857,1712609437.2250023,6910941.72566897,453.2,4.2052893381457035e-09,457.7,BID
858,1712609460.2851882,6910941.72566897,453.2,0.0,457.7,BID
859,1712609461.6955123,6910954.96485696,452.4,-4.205281323860248e-09,457.7,ASK
860,1712609470.9652567,6910968.20404495,453.2,4.205281323860248e-09,457.7,BID
861,1712609490.295149,6910968.20404495,453.2,0.0,457.7,BID
862,1712609495.0153215,6910981.44323294,452.4,-4.2052653086409144e-09,457.7,ASK
1062,1712609495.0153215,6910981.44323294,452.4,-4.205265308640914e-09,457.7,ASK
863,1712609511.2955675,6910994.68242093,453.2,4.2052653089367366e-09,457.7,BID
864,1712609520.1998034,6910994.68242093,453.2,0.0,457.7,BID
865,1712609527.7852974,6911007.92160892,452.4,-4.205249294135204e-09,457.7,ASK
866,1712609537.7354012,6911021.16079691,453.2,4.2052492938393825e-09,457.7,BID
867,1712609550.1817255,6911021.16079691,453.2,0.0,457.7,BID
868,1712609559.5654123,6911034.3999849,452.4,-4.205233279455648e-09,457.7,ASK
869,1712609569.765612,6911047.63917289,453.2,4.205233279455648e-09,457.7,BID
870,1712609580.2752273,6911047.63917289,453.2,0.0,457.7,BID
871,1712609595.405297,6911060.87836088,452.7,-4.2052172646022475e-09,457.7,ASK
872,1712609605.3555875,6911074.11754887,453.2,4.205217264898068e-09,457.7,BID
873,1712609610.285933,6911074.11754887,453.2,0.0,457.7,BID
874,1712609620.6232345,6911312.10654887,453.2,7.559312851106144e-08,457.7,BID
875,1712609622.9052618,6911335.90554887,453.2,7.559344614279775e-09,457.7,BID
876,1712609628.973686,6911349.14473686,452.7,-4.205201245157346e-09,457.7,ASK
877,1712609638.6852407,6911736.93410558,453.2,1.2317464918484224e-07,457.7,BID
878,1712609638.6904724,6911747.96896877,453.2,3.505035237796198e-09,457.7,BID
879,1712609638.7049563,6911761.20523614,453.3,4.204273560206223e-09,457.7,BID
880,1712609640.170982,6911761.20523614,453.3,0.0,457.7,BID
881,1712609664.1956816,6911774.44150351,452.7,-4.2038577758637e-09,457.7,ASK
882,1712609670.188867,6911774.44150351,452.7,-0.0,457.7,ASK
883,1712609679.35963,6911787.67777088,453.3,4.203849775574301e-09,457.7,BID
884,1712609695.60092,6911800.91403825,452.7,-4.203849775574301e-09,457.7,ASK
885,1712609700.27534,6911800.91403825,452.7,-0.0,457.7,ASK
886,1712609730.294731,6911800.91403825,452.7,-0.0,457.7,ASK
887,1712609741.425421,6911814.15030562,453.3,4.20690682230509e-09,457.7,BID
888,1712609759.178241,6911827.38657299,452.9,-4.206906822009086e-09,457.7,ASK
889,1712609760.1850128,6911827.38657299,452.9,-0.0,457.7,ASK
890,1712609775.9358408,6911840.62284036,453.3,4.206890784379718e-09,457.7,BID
891,1712609781.316475,6912411.83734836,453.3,1.815494491312381e-07,457.7,BID
892,1712609790.191519,6912411.83734836,453.3,0.0,457.7,BID
893,1712609792.0153084,6912425.07361573,452.9,-4.2065365799124875e-09,457.7,ASK
894,1712609795.9536934,6913287.87821873,453.3,2.742026148562133e-07,457.7,BID
895,1712609802.7654123,6913301.1144861,453.3,4.2065365799124875e-09,457.7,BID
896,1712609804.3356156,6913739.1144861,453.3,1.3919808133777138e-07,457.7,BID
897,1712609808.5962455,6914290.62562662,453.3,1.752723575268394e-07,457.7,BID
898,1712609813.6552026,6914973.06010262,453.3,2.168802961141168e-07,457.7,BID
899,1712609820.2954187,6914973.06010262,453.3,0.0,457.7,BID
900,1712609825.575312,6924679.65617586,453.3,3.0836557182194115e-06,457.7,BID
901,1712609827.3254192,6924692.89244323,452.9,-4.204985069527787e-09,457.7,ASK
902,1712609836.1186883,6924706.1287106,453.3,4.204985069231918e-09,457.7,BID
903,1712609850.286827,6924706.1287106,453.3,0.0,457.7,BID
904,1712609860.4254055,6924719.36497797,452.9,-4.199099478610046e-09,457.7,ASK
905,1712609862.0319262,6925187.02065797,453.3,1.483600071785876e-07,457.7,BID
906,1712609875.2752218,6925200.25692534,453.3,4.199099478610046e-09,457.7,BID
907,1712609877.3485627,6926551.06344734,453.3,4.285325162755494e-07,457.7,BID
908,1712609880.1857233,6926551.06344734,453.3,0.0,457.7,BID
909,1712609893.6656885,6926564.29971471,452.9,-4.197985708187288e-09,457.7,ASK
910,1712609908.0752275,6927514.29971471,453.3,3.012999293173657e-07,457.7,BID
911,1712609910.182746,6927514.29971471,453.3,0.0,457.7,BID
912,1712609911.98077,6928014.29971471,453.3,1.5855695311681566e-07,457.7,BID
913,1712609919.1851833,6928307.64329577,453.3,9.302332885848185e-08,457.7,BID
914,1712609926.8751762,6928611.02195512,453.3,9.620559173465361e-08,457.7,BID
915,1712609928.8750825,6928920.67037525,453.3,9.819382006646605e-08,457.7,BID
916,1712609931.8726864,6929253.93603981,453.3,1.0568317670210177e-07,457.7,BID
917,1712609931.9267027,6931459.93603981,453.3,6.995532771513907e-07,457.7,BID
918,1712609936.5153077,6931473.17230718,453.3,4.197404449707948e-09,457.7,BID
919,1712609940.2182174,6931473.17230718,453.3,0.0,457.7,BID
920,1712609961.345178,6931486.40857455,453.2,-4.195017153695695e-09,457.7,ASK
921,1712609970.2553294,6931486.40857455,453.2,-0.0,457.7,ASK
922,1712609970.8453028,6931499.64484192,453.3,4.1950091779255365e-09,457.7,BID
923,1712609983.69858,6934022.13240402,453.3,7.994594079298486e-07,457.7,BID
924,1712609983.704646,6934964.84701892,453.3,2.987773177549703e-07,457.7,BID
925,1712609983.775732,6934964.84701899,453.3,2.2137510367161832e-17,457.7,BID
926,1712609984.1973054,6935311.93577251,453.5,1.100038602995388e-07,457.7,BID
927,1712609984.2056434,6935322.98561812,453.4,3.502060094037626e-09,457.7,BID
928,1712609984.2116983,6935334.03302716,453.5,3.501287864769818e-09,457.7,BID
929,1712609993.9354334,6935347.26929453,453.0,-4.1950091782207035e-09,457.7,ASK
930,1712610000.315795,6935347.26929453,453.0,-0.0,457.7,ASK
931,1712610010.655532,6935349.45135316,453.7,6.91219818626007e-10,457.7,BID
932,1712610010.6646204,6935360.4963267,453.6,3.49876236304462e-09,457.7,BID
1132,1712610010.6646204,6935360.4963267,453.6,3.4987623630446204e-09,457.7,BID
933,1712610027.215363,6935373.72335887,453.2,-4.189982181670627e-09,457.7,ASK
934,1712610030.1927695,6935373.72335887,453.2,-0.0,457.7,ASK
935,1712610036.9354231,6935378.08651444,453.8,1.382129747756681e-09,457.7,BID
936,1712610036.9433236,6935386.94699493,453.7,2.806760718200401e-09,457.7,BID
937,1712610060.2953632,6935386.94699493,453.7,0.0,457.7,BID
938,1712610064.8554633,6935400.17063099,453.7,-4.1888825044085816e-09,457.7,ASK
939,1712610077.845313,6935406.71536435,453.8,2.0731906825779883e-09,457.7,BID
940,1712610077.8546107,6935413.39231455,453.8,2.115073323756498e-09,457.7,BID
941,1712610090.2752376,6935413.39231455,453.8,0.0,457.7,BID
942,1712610093.3651464,6935426.61399811,453.7,-4.188248086553224e-09,457.7,ASK
943,1712610107.6448996,6939678.09351869,453.7,-1.3467461148280655e-06,457.7,ASK
944,1712610120.2188122,6939678.09351869,453.7,-0.0,457.7,ASK
945,1712610142.8102243,6939691.31811644,453.7,4.186605168188066e-09,457.7,BID
946,1712610150.196524,6939691.31811644,453.7,0.0,457.7,BID
947,1712610157.845302,6939704.54271419,453.2,-4.186597215607707e-09,457.7,ASK
948,1712610173.9755833,6939717.76731194,453.7,4.186597215902543e-09,457.7,BID
949,1712610180.2854578,6939717.76731194,453.7,0.0,457.7,BID
950,1712610191.015245,6939730.99190969,453.2,-4.186581320185859e-09,457.7,ASK
951,1712610206.9202335,6940881.06319361,453.7,3.640841895592784e-07,457.7,BID
952,1712610206.927111,6943595.06319361,453.5,8.59185429877095e-07,457.7,BID
953,1712610206.933932,6943616.04390969,453.7,6.641976995089128e-09,457.7,BID
954,1712610207.727378,6943628.06870665,453.8,3.806753996025914e-09,457.7,BID
1155,1712610207.73534,6943629.26585705,453.7,3.7898827596641674e-10,457.7,BID
955,1712610207.73534,6943629.26585705,453.7,3.789882759664168e-10,457.7,BID
956,1712610210.297187,6943629.26585705,453.7,0.0,457.7,BID
957,1712610224.4208713,6943642.48780441,453.7,-4.183392728599349e-09,457.7,ASK
958,1712610239.364983,6943655.70948797,453.8,4.183309262933607e-09,457.7,BID
959,1712610240.1886528,6943655.70948797,453.8,0.0,457.7,BID
960,1712610253.1453507,6943668.93117153,453.0,-4.1832933815161605e-09,457.7,ASK
961,1712610263.4451263,6943682.15576928,453.7,4.184215420899968e-09,457.7,BID
962,1712610270.1795497,6943682.15576928,453.7,0.0,457.7,BID
963,1712610288.8237286,6943695.38036703,453.2,-4.184199548513725e-09,457.7,ASK
964,1712610300.2858667,6943695.38036703,453.2,-0.0,457.7,ASK
965,1712610306.7294495,6946024.29474002,453.9,7.382557592029427e-07,457.7,BID
966,1712610306.7332823,6946069.10336703,453.8,1.4204140493663124e-08,457.7,BID
967,1712610310.0255964,6948149.32475058,453.9,6.594211597618522e-07,457.7,BID
968,1712610310.030234,6949337.05145125,454.0,3.7650421470974373e-07,457.7,BID
969,1712610310.0344112,6949348.08912474,453.9,3.498894642409205e-09,457.7,BID
970,1712610310.0385747,6949359.12436703,454.0,3.498123962585868e-09,457.7,BID
971,1712610330.304886,6949359.12436703,454.0,0.0,457.7,BID
972,1712610334.7548802,6949372.34313768,453.9,4.186880842757722e-09,457.7,BID
973,1712610351.4657323,6949385.56190833,453.5,-4.186880843052707e-09,457.7,ASK
974,1712610351.765042,6949807.37363169,453.5,-1.33603605860403e-07,457.7,ASK
975,1712610351.77568,6951896.15486104,453.5,-6.615954195675568e-07,457.7,ASK
976,1712610351.905031,6952073.11853904,453.5,5.6051039309048335e-08,457.7,BID
977,1712610351.985574,6952073.11853993,453.5,2.820054854238258e-16,457.7,BID
978,1712610357.8947942,6958090.43953993,454.0,1.9059114261117893e-06,457.7,BID
979,1712610360.1890154,6958090.43953993,454.0,0.0,457.7,BID
980,1712610367.704904,6958103.65539896,454.0,4.180711309030234e-09,457.7,BID
981,1712610370.014873,6958549.32243328,454.0,1.4098252759505133e-07,457.7,BID
982,1712610382.7357032,6958562.53829231,453.3,-4.180711309030234e-09,457.7,ASK
983,1712610390.2113132,6958562.53829231,453.3,-0.0,457.7,ASK
984,1712610418.0247946,6958944.55022205,454.0,1.2083764798205686e-07,457.7,BID
985,1712610420.2096076,6960908.6177083,454.0,6.212719473914579e-07,457.7,BID
986,1712610420.2201765,6960933.8626888,454.0,7.985468069170403e-09,457.7,BID
987,1712610420.274275,6960933.8626888,454.0,0.0,457.7,BID
988,1712610425.2754807,6969894.30048845,454.0,-2.833392216186056e-06,457.7,ASK
989,1712610425.954645,6969907.51634748,454.0,4.179004747774455e-09,457.7,BID
990,1712610436.9466703,6974347.40587648,454.0,1.4039435029265e-06,457.7,BID
991,1712610450.2868445,6974347.40587648,454.0,0.0,457.7,BID
992,1712610450.8747633,6974360.62173551,453.6,-4.170972923421802e-09,457.7,ASK
993,1712610480.1832182,6974360.62173551,453.6,-0.0,457.7,ASK
994,1712610492.0546548,6974373.83759454,454.0,4.170965031856742e-09,457.7,BID
995,1712610510.199915,6974373.83759454,454.0,0.0,457.7,BID
996,1712610516.6548576,6974387.05345357,453.6,-4.170957133950645e-09,457.7,ASK
997,1712610524.7345808,6974400.2693126,454.0,4.170957133656717e-09,457.7,BID
998,1712610540.284475,6974400.2693126,454.0,0.0,457.7,BID
999,1712610540.7344358,6981008.19882801,454.0,2.085470672370058e-06,457.7,BID
1000,1712610551.0048728,6981021.41468704,453.6,-4.170941344599031e-09,457.7,ASK
1201,1712610559.3146698,6981034.63054607,454.0,4.170941344305104e-09,457.7,BID
1202,1712610570.296831,6981034.63054607,454.0,0.0,457.7,BID
1203,1712610571.044453,6995913.18924957,454.0,4.691231969336632e-06,457.7,BID
1204,1712610583.2748756,6995926.4051086,453.6,-4.166980258037366e-09,457.7,ASK
1205,1712610593.2647746,6995939.62096763,454.0,4.166980258037366e-09,457.7,BID
1206,1712610600.2070577,6995939.62096763,454.0,0.0,457.7,BID
1207,1712610616.6046684,6995952.83682666,453.6,-4.165104042024926e-09,457.7,ASK
1208,1712610630.1974423,6995952.83682666,453.6,-0.0,457.7,ASK
1209,1712610631.735386,6995966.05268569,454.0,4.165096173238921e-09,457.7,BID
1210,1712610647.2143683,6995979.26854472,453.6,-4.1650961729454075e-09,457.7,ASK
1211,1712610653.992756,7004804.71374672,454.0,2.781417988304863e-06,457.7,BID
1212,1712610659.704501,7004817.92960575,454.0,4.165096173238921e-09,457.7,BID
1213,1712610660.2767255,7004817.92960575,454.0,0.0,457.7,BID
1214,1712610676.5745466,7006537.41616962,454.0,5.412250605347421e-07,457.7,BID
1215,1712610682.898329,7006550.63202865,453.3,-4.1598197121883485e-09,457.7,ASK
1216,1712610690.180711,7007000.63202865,454.0,1.4164186121496356e-07,457.7,BID
1217,1712610690.2959862,7007000.63202865,454.0,0.0,457.7,BID
1218,1712610718.1544256,7007044.68489208,454.0,1.3861742129330432e-08,457.7,BID
1219,1712610720.1982455,7007044.68489208,454.0,0.0,457.7,BID
1220,1712610722.3344498,7007057.90075111,454.0,4.158496468830816e-09,457.7,BID
1221,1712610747.3047264,7007071.11661014,453.4,-4.158496468537766e-09,457.7,ASK
1222,1712610750.1791284,7007071.11661014,453.4,-0.0,457.7,ASK
1223,1712610759.87442,7007123.31781915,454.0,1.64255477994157e-08,457.7,BID
1224,1712610767.5846176,7008267.9588181,453.4,-3.6017088105422657e-07,457.7,ASK
1225,1712610780.2990477,7008267.9588181,453.4,-0.0,457.7,ASK
1226,1712610790.2681713,7008281.17467713,454.0,4.1577708014066285e-09,457.7,BID
1227,1712610810.2852428,7008281.17467713,454.0,0.0,457.7,BID
1228,1712610814.8277855,7008294.39053616,453.2,-4.157762953390092e-09,457.7,ASK
1229,1712610828.4353075,7008307.60639519,454.0,4.157762953097094e-09,457.7,BID
1230,1712610840.1948838,7008307.60639519,454.0,0.0,457.7,BID
1231,1712610842.2453964,7008320.82225422,453.2,-4.157747270689399e-09,457.7,ASK
1232,1712610852.5947804,7008334.03811325,454.0,4.157747270689399e-09,457.7,BID
1233,1712610870.1753483,7008334.03811325,454.0,0.0,457.7,BID
1234,1712610879.1533582,7008347.25397228,453.2,-4.157731587814018e-09,457.7,ASK
1235,1712610892.7050688,7008360.46983131,454.0,4.1577315881070134e-09,457.7,BID
1236,1712610900.2214663,7008360.46983131,454.0,0.0,457.7,BID
1237,1712610907.4796708,7008373.68569034,453.2,-4.157715905349939e-09,457.7,ASK
1238,1712610919.306578,7008386.90154937,454.0,4.157715905642934e-09,457.7,BID
1239,1712610930.1957188,7008386.90154937,454.0,0.0,457.7,BID
1240,1712610940.6051848,7008409.18751583,453.2,-7.011149824826074e-09,457.7,ASK
1241,1712610948.6552696,7008422.40337486,453.2,-4.1577002232971584e-09,457.7,ASK
1242,1712610960.295946,7008422.40337486,453.2,-0.0,457.7,ASK
1243,1712610962.9750626,7008435.61923389,454.0,4.157679178277492e-09,457.7,BID
1244,1712610978.1054974,7008448.83509292,453.2,-4.1576791779845005e-09,457.7,ASK
1245,1712610990.2894845,7008448.83509292,453.2,-0.0,457.7,ASK
1246,1712610994.5053637,7008462.05095195,454.0,4.157663496208777e-09,457.7,BID
1247,1712611011.1753151,7008475.26681098,453.2,-4.157663495915786e-09,457.7,ASK
1248,1712611020.2126913,7008475.26681098,453.2,-0.0,457.7,ASK
1249,1712611027.805523,7008488.48267001,454.0,4.1576478142583605e-09,457.7,BID
1250,1712611037.755646,7008501.69852904,453.2,-4.1576478142583605e-09,457.7,ASK
1251,1712611046.3453553,7008611.83068763,453.9,3.46470651197963e-08,457.7,BID
1252,1712611050.2010417,7008611.83068763,453.9,0.0,457.7,BID
1253,1712611050.226095,7008625.04945828,453.9,4.158482713726452e-09,457.7,BID
1254,1712611064.1766858,7011007.8923991,453.2,-7.496166959187905e-07,457.7,ASK
1255,1712611073.7501912,7011021.11116975,453.2,-4.158482713726452e-09,457.7,ASK
1256,1712611080.2887251,7011021.11116975,453.2,-0.0,457.7,ASK
1257,1712611110.2854688,7011021.11116975,453.2,-0.0,457.7,ASK
1258,1712611124.1454976,7011034.3299404,453.9,4.157054771871297e-09,457.7,BID
1259,1712611124.9721377,7011078.39250924,453.9,1.385684924132829e-08,457.7,BID
1260,1712611140.2027748,7011078.39250924,453.9,0.0,457.7,BID
1261,1712611141.2258863,7011091.61127989,453.2,-4.157020781945014e-09,457.7,ASK
1262,1712611151.1854937,7011104.83005054,453.9,4.157020781945014e-09,457.7,BID
1263,1712611170.1914182,7011104.83005054,453.9,0.0,457.7,BID
1264,1712611175.4754827,7011118.04882119,453.2,-4.1570051065706864e-09,457.7,ASK
1265,1712611182.705644,7011338.11924372,453.9,6.920718230664823e-08,457.7,BID
1266,1712611189.298689,7011351.33801437,453.9,4.1570051065706864e-09,457.7,BID
1267,1712611200.2260818,7011351.33801437,453.9,0.0,457.7,BID
1268,1712611203.5161576,7011571.6508586,453.9,6.92861869926905e-08,457.7,BID
1269,1712611207.905724,7011584.86962925,453.2,-4.1571712184367255e-09,457.7,ASK
1270,1712611224.0657594,7011598.0883999,453.9,4.1571712184367255e-09,457.7,BID
1271,1712611230.190294,7011598.0883999,453.9,0.0,457.7,BID
1272,1712611241.495782,7011611.30717055,453.2,-4.157024808146495e-09,457.7,ASK
1273,1712611256.096072,7011624.5259412,453.9,4.157024807853614e-09,457.7,BID
1274,1712611260.2956734,7011624.5259412,453.9,0.0,457.7,BID
1275,1712611272.8838265,7011637.74471185,453.2,-4.157009132741802e-09,457.7,ASK
1276,1712611284.126061,7011650.9634825,453.9,4.157009132741802e-09,457.7,BID
1277,1712611290.2903566,7011650.9634825,453.9,0.0,457.7,BID
1278,1712611307.1813874,7011664.18225315,453.2,-4.156993457455328e-09,457.7,ASK
1279,1712611316.3962312,7011677.4010238,453.9,4.156993457162449e-09,457.7,BID
1280,1712611320.1993537,7011677.4010238,453.9,0.0,457.7,BID
1281,1712611342.8960156,7011690.61979445,453.2,-4.15697778228707e-09,457.7,ASK
1282,1712611350.2023356,7011690.61979445,453.2,-0.0,457.7,ASK
1283,1712611351.8064735,7011703.8385651,453.9,4.156969950795411e-09,457.7,BID
1284,1712611373.0987492,7011717.05733575,453.2,-4.156969950795411e-09,457.7,ASK
1285,1712611380.2878146,7011717.05733575,453.2,-0.0,457.7,ASK
1286,1712611382.8166454,7011730.2761064,453.9,4.15695427580443e-09,457.7,BID
1287,1712611408.7360249,7011743.49487705,453.2,-4.156954275511554e-09,457.7,ASK
1288,1712611410.2975333,7011743.49487705,453.2,-0.0,457.7,ASK
1289,1712611418.6359744,7011756.7194748,453.7,4.158771063089429e-09,457.7,BID
1290,1712611440.1925468,7011756.7194748,453.7,0.0,457.7,BID
1291,1712611441.1061063,7011769.94407255,453.2,-4.158763216191802e-09,457.7,ASK
1292,1712611451.0058863,7011792.50724945,453.2,-7.0954831220573204e-09,457.7,ASK
1293,1712611451.401251,7011805.7318472,453.7,4.1587632158989275e-09,457.7,BID
1294,1712611470.1967068,7011805.7318472,453.7,0.0,457.7,BID
1295,1712611475.5376894,7011818.95644495,453.2,-4.158734158054466e-09,457.7,ASK
1296,1712611485.216077,7011832.1810427,453.7,4.158734158054466e-09,457.7,BID
1297,1712611500.2758207,7011832.1810427,453.7,0.0,457.7,BID
1298,1712611507.5759375,7011845.40564045,453.2,-4.159424622515348e-09,457.7,ASK
1299,1712611524.116247,7011858.6302382,453.7,4.159424622222427e-09,457.7,BID
1300,1712611530.295875,7011858.6302382,453.7,0.0,457.7,BID
1301,1712611542.5262218,7011871.85483595,453.2,-4.159408932467052e-09,457.7,ASK
1302,1712611557.4660156,7011885.0794337,453.7,4.159408932467052e-09,457.7,BID
1303,1712611560.1964464,7011885.0794337,453.7,0.0,457.7,BID
1304,1712611572.6864288,7011907.08158265,453.7,6.920103839106482e-09,457.7,BID
1305,1712611572.7660503,7012276.26758965,453.7,-1.1611618075342017e-07,457.7,ASK
1306,1712611573.5660338,7012289.4921874,453.7,-4.159393242537127e-09,457.7,ASK
1307,1712611588.736107,7012302.71095805,453.9,4.157560505938073e-09,457.7,BID
1308,1712611590.185963,7012302.71095805,453.9,0.0,457.7,BID
1309,1712611605.9863887,7012315.9297287,453.7,-4.157312747869611e-09,457.7,ASK
1310,1712611606.8061366,7013255.9904115,453.9,2.956497516895977e-07,457.7,BID
1311,1712611606.8096163,7013599.10950231,453.8,1.0791119749372921e-07,457.7,BID
1312,1712611620.2758358,7013599.10950231,453.8,0.0,457.7,BID
1313,1712611621.5061667,7013612.32827296,453.9,4.1565435724299235e-09,457.7,BID
1314,1712611636.316069,7013625.54704361,453.7,-4.1565435724299235e-09,457.7,ASK
1315,1712611646.5959997,7013638.76581426,453.9,4.156543572137076e-09,457.7,BID
1316,1712611650.2862854,7013638.76581426,453.9,0.0,457.7,BID
1317,1712611673.3762088,7013651.98458491,453.7,-4.156520050125679e-09,457.7,ASK
1318,1712611680.1477933,7013665.20335556,453.9,4.156520050125679e-09,457.7,BID
1319,1712611680.2073088,7013665.20335556,453.9,0.0,457.7,BID
1320,1712611702.42597,7013678.42212621,453.7,-4.15650436988919e-09,457.7,ASK
1321,1712611710.2002268,7013678.42212621,453.7,-0.0,457.7,ASK
1322,1712611740.30158,7013678.42212621,453.7,-0.0,457.7,ASK
1323,1712611744.3464248,7013691.64089686,453.9,4.156496531250112e-09,457.7,BID
1324,1712611769.9858491,7013704.85966751,453.8,-4.1564965315429565e-09,457.7,ASK
1325,1712611770.3138242,7013704.85966751,453.8,-0.0,457.7,ASK
1326,1712611784.0558484,7013718.07843816,453.9,4.156480849756278e-09,457.7,BID
1327,1712611800.3971553,7013718.07843816,453.9,0.0,457.7,BID
1328,1712611801.4696434,7013731.29720881,453.8,-4.156603707119612e-09,457.7,ASK
1329,1712611816.6460512,7013744.51597946,453.9,4.156603707119612e-09,457.7,BID
1330,1712611830.2863586,7013744.51597946,453.9,0.0,457.7,BID
1331,1712611833.785994,7013757.73475011,453.8,-4.156588024231363e-09,457.7,ASK
1332,1712611849.6360953,7013770.95352076,453.9,4.156588024524213e-09,457.7,BID
1333,1712611860.220356,7013770.95352076,453.9,0.0,457.7,BID
1334,1712611862.8859346,7013784.17229141,453.8,-4.156572342047153e-09,457.7,ASK
1335,1712611874.111437,7013797.39106206,453.9,4.156572342047153e-09,457.7,BID
1336,1712611890.1867018,7013797.39106206,453.9,0.0,457.7,BID
1337,1712611896.8382735,7013810.60983271,453.8,-4.156556659395581e-09,457.7,ASK
1338,1712611913.7558994,7013823.82860336,453.9,4.1565566596884296e-09,457.7,BID
1339,1712611920.3090832,7013823.82860336,453.9,0.0,457.7,BID
1340,1712611921.225952,7013850.28653503,453.8,-8.319493550225136e-09,457.7,ASK
1341,1712611930.3125768,7013863.50530568,453.7,-4.156540977448041e-09,457.7,ASK
1342,1712611947.6457517,7013876.72698924,453.8,4.157456919554236e-09,457.7,BID
1343,1712611950.290113,7013876.72698924,453.8,0.0,457.7,BID
1344,1712611963.9315715,7014282.71440833,453.8,1.2765866444607965e-07,457.7,BID
1345,1712611963.933639,7016469.27924573,453.9,6.875433418438699e-07,457.7,BID
1346,1712611963.93564,7017545.72598924,454.0,3.384778620287149e-07,457.7,BID
1347,1712611964.7438648,7017558.9476728,453.7,-4.157425539876806e-09,457.7,ASK
1348,1712611980.192014,7017558.9476728,453.7,-0.0,457.7,ASK
1349,1712611980.296337,7017572.16353183,454.0,4.153411197208786e-09,457.7,BID
1350,1712611995.5160172,7017585.37939086,453.7,-4.153411197501477e-09,457.7,ASK
1351,1712612005.7760642,7017598.59524989,454.0,4.153411197501477e-09,457.7,BID
1352,1712612010.202609,7017598.59524989,454.0,0.0,457.7,BID
1353,1712612031.9659412,7017611.81110892,453.7,-4.153387706893818e-09,457.7,ASK
1354,1712612040.286649,7017611.81110892,453.7,-0.0,457.7,ASK
1355,1712612046.4905543,7017625.02696795,454.0,4.153379880590676e-09,457.7,BID
1356,1712612058.0196805,7017638.24282698,453.7,-4.153379880297987e-09,457.7,ASK
1357,1712612070.2473297,7017651.45868601,454.0,4.153379880590676e-09,457.7,BID
1358,1712612070.2987702,7017651.45868601,454.0,0.0,457.7,BID
1359,1712612097.005783,7017664.67454504,453.7,-4.153356390629941e-09,457.7,ASK
1360,1712612100.2058334,7017664.67454504,453.7,-0.0,457.7,ASK
1361,1712612105.298953,7017677.89040407,454.0,4.1539035095609905e-09,457.7,BID
1362,1712612119.0475907,7034525.45601707,454.0,5.295392586399048e-06,457.7,BID
1363,1712612119.055653,7034885.53012234,454.0,1.1317562379017161e-07,457.7,BID
1364,1712612127.546018,7034898.74598137,454.0,-4.1539035098537164e-09,457.7,ASK
1365,1712612130.2074337,7034898.74598137,454.0,-0.0,457.7,ASK
1366,1712612133.2121644,7034909.77393646,454.3,3.457715548418485e-09,457.7,BID
1367,1712612133.215736,7035120.80431955,454.2,6.616666742526813e-08,457.7,BID
1368,1712612133.2177858,7035131.8371317,454.1,3.459238435504246e-09,457.7,BID
1369,1712612140.4859624,7035176.11025945,454.3,-1.3881438666996148e-08,457.7,ASK
1370,1712612143.1960788,7035187.13578761,454.4,3.45695460654495e-09,457.7,BID
1371,1712612143.2003305,7035189.31400544,454.5,6.82960494293494e-10,457.7,BID
1372,1712612158.2466176,7035202.51775143,454.3,-4.139915100838444e-09,457.7,ASK
1373,1712612160.277841,7035202.51775143,454.3,-0.0,457.7,ASK
1374,1712612168.1159496,7035206.87418708,454.5,1.3658618941909007e-09,457.7,BID
1375,1712612168.1198008,7035215.71907156,454.5,2.773113535805278e-09,457.7,BID
1376,1712612175.775929,7035421.36263591,454.5,6.447488977127364e-08,457.7,BID
1377,1712612175.7857504,7035631.26804726,454.6,6.581109553318162e-08,457.7,BID
1378,1712612178.7471106,7035760.80610269,454.6,4.061372828002272e-08,457.7,BID
1379,1712612181.8259327,7035956.33623907,454.6,6.13040531070065e-08,457.7,BID
1380,1712612185.5360186,7035986.85746185,454.7,9.569239283878552e-09,457.7,BID
1381,1712612185.545774,7035997.87571564,454.7,3.454524340898032e-09,457.7,BID
1382,1712612188.805826,7038099.87571564,454.9,6.590345714324118e-07,457.7,BID
1383,1712612188.8165324,7038110.88670465,455.0,3.452246633139248e-09,457.7,BID
1384,1712612188.8195028,7038638.10137111,454.7,1.6529623775631316e-07,457.7,BID
1385,1712612188.8224356,7047349.30685981,455.0,2.731201510896641e-06,457.7,BID
1386,1712612188.8254137,7056522.31000923,455.0,2.8759877256547043e-06,457.7,BID
1387,1712612188.82837,7056533.32584036,454.8,3.4537647704493446e-09,457.7,BID
1388,1712612188.8313591,7056544.3392499,454.9,3.453005535795062e-09,457.7,BID
1389,1712612188.833101,7099406.70574192,455.0,1.3438525847596263e-05,457.7,BID
1390,1712612189.0357168,7099746.05987805,455.0,-1.0639681620778309e-07,457.7,ASK
1391,1712612189.05308,7101455.26536675,455.0,-5.358827339367237e-07,457.7,ASK
1392,1712612189.0763464,7101520.82970579,455.4,2.055621602301384e-08,457.7,BID
1393,1712612189.078235,7101531.83102331,455.4,3.4492143565164446e-09,457.7,BID
1394,1712612189.080882,7101542.83717445,455.2,3.450729828494948e-09,457.7,BID
1395,1712612189.0839326,7101553.84574399,455.1,3.451488063065893e-09,457.7,BID
1396,1712612189.086965,7101578.00033337,455.4,7.573125337899564e-09,457.7,BID
1397,1712612190.2959669,7101578.00033337,455.4,0.0,457.7,BID
1398,1712612196.784088,7101591.2016535,455.1,-4.1001527901075264e-09,457.7,ASK
1399,1712612205.3542078,7101604.37688406,455.4,4.092049719796334e-09,457.7,BID
1400,1712612212.355852,7102139.06818323,455.0,-1.6606793869761013e-07,457.7,ASK
1401,1712612212.358793,7103075.60657224,455.0,-2.908762495580692e-07,457.7,ASK
1402,1712612214.3661082,7104546.83626042,454.4,-4.569441882559686e-07,457.7,ASK
1403,1712612220.1832788,7104546.83626042,454.4,-0.0,457.7,ASK
1404,1712612229.6456554,7104560.01149098,454.5,-4.090334746561575e-09,457.7,ASK
1405,1712612230.6657815,7104621.88237372,455.4,1.9208211979473265e-08,457.7,BID
1406,1712612245.3659518,7104635.05760428,455.4,4.090334746561575e-09,457.7,BID
1407,1712612245.8656683,7104657.24531228,454.5,-6.888316114489241e-09,457.7,ASK
1408,1712612250.186803,7104657.24531228,454.5,-0.0,457.7,ASK
1409,1712612252.2859442,7104771.64055259,454.6,-3.551418131291167e-08,457.7,ASK
1410,1712612260.7057557,7104784.81578315,454.6,-4.0902709385190144e-09,457.7,ASK
1411,1712612260.7703116,7104828.73321837,455.4,1.3634236468187298e-08,457.7,BID
1412,1712612269.355797,7106646.25221469,455.4,5.64251615716185e-07,457.7,BID
1413,1712612277.705857,7106659.42744525,455.4,4.0902709385190144e-09,457.7,BID
1414,1712612280.2905836,7106659.42744525,455.4,0.0,457.7,BID
1415,1712612294.695858,7106672.60267581,454.6,-4.089113572007479e-09,457.7,ASK
1416,1712612296.9859474,7106760.27811381,455.4,2.7211275112184292e-08,457.7,BID
1417,1712612304.475752,7106773.45334437,455.4,4.089113571718431e-09,457.7,BID
1418,1712612310.3073404,7106773.45334437,455.4,0.0,457.7,BID
1419,1712612313.9658418,7107037.18960811,455.0,8.185284907531427e-08,457.7,BID
1420,1712612327.9157376,7107050.36483867,455.1,-4.089047684451325e-09,457.7,ASK
1421,1712612340.1921546,7107050.36483867,455.1,-0.0,457.7,ASK
1422,1712612368.3576653,7107271.67319571,455.4,6.868229253453404e-08,457.7,BID
1423,1712612368.3597448,7108222.42518215,455.4,2.950626308634888e-07,457.7,BID
1424,1712612370.191491,7108222.42518215,455.4,0.0,457.7,BID
1425,1712612373.1058347,7108233.80472305,455.5,3.531016730784076e-09,457.7,BID
1426,1712612373.1100397,7108244.80362535,455.5,3.4129064061976955e-09,457.7,BID
1427,1712612375.4156754,7108271.41706513,455.5,-8.258022177340865e-09,457.7,ASK
1428,1712612376.2959197,7108305.3383677,455.5,-1.0525616802115397e-08,457.7,ASK
1429,1712612376.8970792,7108307.50989655,455.9,6.73814942979572e-10,457.7,BID
1430,1712612376.9061697,7108318.49914857,455.9,3.4099119708672862e-09,457.7,BID
1431,1712612379.3056705,7108340.61325737,455.5,-6.861901445797756e-09,457.7,ASK
1432,1712612380.2757063,7108373.51520955,455.9,1.0209317285917578e-08,457.7,BID
1433,1712612383.2660863,7109051.78771641,455.9,2.104646919109483e-07,457.7,BID
1434,1712612383.2685435,7111253.61900251,456.0,6.832176427349444e-07,457.7,BID
1435,1712612383.270888,7111352.22937526,455.9,3.0598323697575923e-08,457.7,BID
1436,1712612383.2728586,7112952.23650926,456.0,4.964745070848932e-07,457.7,BID
1437,1712612383.4054725,7115021.771382,456.0,-6.421667028885532e-07,457.7,ASK
1438,1712612383.4678507,7115898.771382,456.0,-2.721288758413093e-07,457.7,ASK
1439,1712612389.1295252,7118000.771382,456.8,6.522404755056238e-07,457.7,BID
1440,1712612389.1351323,7118033.55672277,457.0,1.0173133327086144e-08,457.7,BID
1441,1712612389.1399689,7119211.69784493,456.5,3.6557151557091953e-07,457.7,BID
1442,1712612389.1424465,7124464.66304519,456.9,1.6299698002056424e-06,457.7,BID
1443,1712612389.1449482,7128677.13286478,457.0,1.3071090952341373e-06,457.7,BID
1444,1712612389.906187,7130152.73286478,457.0,4.578715726243877e-07,457.7,BID
1445,1712612389.910293,7134967.57213691,457.0,1.494021434984205e-06,457.7,BID
1446,1712612389.9144826,7134979.00322066,456.8,3.547010228654325e-09,457.7,BID
1447,1712612389.9186275,7137717.89620971,457.0,8.498653023488965e-07,457.7,BID
1448,1712612389.921142,7140937.89620971,457.0,9.99150490546198e-07,457.7,BID
1449,1712612389.9657297,7141455.49434671,457.0,-1.6060820884751337e-07,457.7,ASK
1450,1712612389.985905,7141455.49434756,457.0,-2.6384322200314057e-16,457.7,ASK
1451,1712612390.0256927,7141471.64275391,456.0,-5.010772709998647e-09,457.7,ASK
1452,1712612391.677071,7141493.76175413,456.0,-6.863419229796478e-09,457.7,ASK
1453,1712612392.7760212,7141712.58013487,457.0,6.78982895827441e-08,457.7,BID
1454,1712612393.0762408,7141723.95869066,457.0,3.530711055840542e-09,457.7,BID
1455,1712612393.5855842,7141737.11947153,456.0,-4.083726913846858e-09,457.7,ASK
1456,1712612399.3860078,7143535.97677143,455.4,-5.581767557817941e-07,457.7,ASK
1457,1712612399.3914132,7146275.97677143,455.6,-8.502088025144667e-07,457.7,ASK
1458,1712612399.3956406,7146610.41333117,455.5,-1.0377405363985309e-07,457.7,ASK
1459,1712612400.2427907,7146610.41333117,455.5,-0.0,457.7,ASK
1460,1712612402.2958713,7146654.18658571,456.9,1.3560094395734214e-08,457.7,BID
1461,1712612408.6759293,7148808.96224778,456.9,6.675071727209358e-07,457.7,BID
1462,1712612408.8358004,7150193.44025171,455.4,-4.288840895902772e-07,457.7,ASK
1463,1712612409.2556574,7150206.57222807,456.9,4.068028318172104e-09,457.7,BID
1464,1712612410.9659646,7150228.45885534,456.9,6.780047197722854e-09,457.7,BID
1465,1712612417.3657763,7150261.52298315,455.4,-1.0242617299343745e-08,457.7,ASK
1466,1712612426.3258915,7150272.75646332,455.4,-3.479911491639525e-09,457.7,ASK
1467,1712612426.5457275,7150285.88843968,455.4,-4.068028318172104e-09,457.7,ASK
1468,1712612428.395811,7150297.05795347,456.6,3.460095963506764e-09,457.7,BID
1469,1712612430.2051058,7150297.05795347,456.6,0.0,457.7,BID
1470,1712612435.036089,7150319.19164094,456.6,6.853010273881441e-09,457.7,BID
1471,1712612435.0406332,7153528.02212715,456.6,9.935148998450755e-07,457.7,BID
1472,1712612435.2158265,7156652.58984615,456.6,-9.674255457689548e-07,457.7,ASK
1473,1712612435.262571,7157389.48984615,456.6,-2.281582442084411e-07,457.7,ASK
1474,1712612435.2956564,7157595.6891405,456.6,-6.384322018686979e-08,457.7,ASK
1475,1712612437.2060368,7157608.84703523,456.0,4.073934264085169e-09,457.7,BID
1476,1712612460.2856567,7157608.84703523,456.0,0.0,457.7,BID
1477,1712612461.9558065,7157622.00492996,455.4,-4.069727467604394e-09,457.7,ASK
1478,1712612471.4558134,7157635.16282469,456.0,4.069727467892451e-09,457.7,BID
1479,1712612471.795691,7157650.59117019,455.4,-4.7719762735162886e-09,457.7,ASK
1480,1712612490.275558,7157650.59117019,455.4,-0.0,457.7,ASK
1481,1712612496.4556403,7157663.74906492,455.4,-4.069703528356362e-09,457.7,ASK
1482,1712612506.0758097,7157676.90695965,456.0,4.0697035286444176e-09,457.7,BID
1483,1712612508.577564,7158648.14130809,456.0,3.004003251221285e-07,457.7,BID
1484,1712612509.6254668,7159048.22610563,456.0,-1.2374521499443646e-07,457.7,ASK
1485,1712612509.6854737,7159348.64155744,456.0,-9.291773869030889e-08,457.7,ASK
1486,1712612509.765612,7160225.64155744,456.0,-2.7125387972055164e-07,457.7,ASK
1487,1712612518.2193272,7161488.70717307,456.0,-3.90662997241966e-07,457.7,ASK
1488,1712612520.196377,7161488.70717307,456.0,-0.0,457.7,ASK
1489,1712612532.425577,7161501.8650678,456.0,-4.067501691749949e-09,457.7,ASK
1490,1712612550.1955876,7161501.8650678,456.0,-0.0,457.7,ASK
1491,1712612556.7161484,7162014.17683781,456.0,-1.5837070967665885e-07,457.7,ASK
1492,1712612571.5594091,7162027.33184767,456.1,4.0666023487374775e-09,457.7,BID
1493,1712612580.2960253,7162027.33184767,456.1,0.0,457.7,BID
1494,1712612581.508206,7162699.10433925,456.0,-2.0764935066982482e-07,457.7,ASK
1495,1712612593.669001,7162712.25934911,456.0,-4.06630115040676e-09,457.7,ASK
1496,1712612597.065483,7163477.06809911,456.0,-2.3640747770208374e-07,457.7,ASK
1497,1712612610.2853622,7163477.06809911,456.0,-0.0,457.7,ASK
1498,1712612615.9364698,7164848.34040604,456.0,-4.2378280422464294e-07,457.7,ASK
1499,1712612615.9420114,7170973.51552922,456.0,-1.8929456074854607e-06,457.7,ASK
1500,1712612615.9556825,7172070.00675729,456.0,-3.3886349566834577e-07,457.7,ASK
1501,1712612615.9599566,7173103.11007064,456.0,-3.19273872135334e-07,457.7,ASK
1502,1712612640.2039473,7173103.11007064,456.0,-0.0,457.7,ASK
1503,1712612643.4158585,7173116.26796537,456.0,4.060853240829732e-09,457.7,BID
1504,1712612650.78553,7174326.07924997,456.0,3.733778219697968e-07,457.7,BID
1505,1712612651.3486834,7175059.37032129,456.0,-2.263118443054587e-07,457.7,ASK
1506,1712612651.755373,7175585.02609787,456.0,-1.6223043334440378e-07,457.7,ASK
1507,1712612652.8239365,7175881.32317905,456.0,-9.144464118927372e-08,457.7,ASK
1508,1712612659.3172276,7175894.48107378,456.0,-4.060853240829732e-09,457.7,ASK
1509,1712612663.377318,7176152.63590495,456.0,-7.967299513589616e-08,457.7,ASK
1510,1712612669.2158446,7176429.27295539,456.0,-8.537706722040843e-08,457.7,ASK
1511,1712612670.0569537,7176442.42796525,456.1,4.059962898434393e-09,457.7,BID
1512,1712612670.1905086,7176442.42796525,456.1,0.0,457.7,BID
1513,1712612673.4758797,7176734.96094859,456.0,-9.02405383140929e-08,457.7,ASK
1514,1712612673.4804895,7180403.22177723,456.1,1.131584644141867e-06,457.7,BID
1515,1712612675.9663138,7180562.27673806,456.1,-4.906525453282136e-08,457.7,ASK
1516,1712612675.9716866,7181318.85791492,456.1,-2.333900673304645e-07,457.7,ASK
1517,1712612692.8656511,7181332.01292478,456.1,-4.0580558053795594e-09,457.7,ASK
1518,1712612695.835879,7181989.6192378,456.2,2.028583136440123e-07,457.7,BID
1519,1712612698.705533,7182866.6192378,456.1,-2.7053685091431065e-07,457.7,ASK
1520,1712612700.208497,7182866.6192378,456.1,-0.0,457.7,ASK
1521,1712612707.5154605,7183127.28891586,456.1,-8.038194431791577e-08,457.7,ASK
1522,1712612730.1933014,7183127.28891586,456.1,-0.0,457.7,ASK
1523,1712612738.0256402,7183140.44104212,456.2,4.055533926879705e-09,457.7,BID
1524,1712612756.695717,7184155.46895566,456.2,3.129897066591854e-07,457.7,BID
1525,1712612756.8351765,7189397.98494365,456.2,-1.6165600170672409e-06,457.7,ASK
1526,1712612758.095479,7189654.11384524,456.2,-7.897882285438495e-08,457.7,ASK
1527,1712612760.3157265,7189654.11384524,456.2,-0.0,457.7,ASK
1528,1712612760.925451,7189667.2659715,456.2,-4.051813791091011e-09,457.7,ASK
1529,1712612767.9057257,7190243.94378192,456.2,-1.776588103751377e-07,457.7,ASK
1530,1712612767.9209173,7190823.54255329,456.2,-1.7855867931108657e-07,457.7,ASK
1531,1712612768.01552,7191264.64255329,456.2,-1.358909599791719e-07,457.7,ASK
1532,1712612770.036055,7191776.17456331,456.2,-1.5758915416361841e-07,457.7,ASK
1533,1712612771.3055637,7191789.30941444,456.8,4.0464917914297396e-09,457.7,BID
1534,1712612790.2975771,7191789.30941444,456.8,0.0,457.7,BID
1535,1712612795.6658273,7191802.44426557,456.2,-4.045277848361971e-09,457.7,ASK
1536,1712612810.5055888,7191815.5791167,456.8,4.045277848648799e-09,457.7,BID
1537,1712612820.1949291,7191815.5791167,456.8,0.0,457.7,BID
1538,1712612822.2594883,7191828.71396783,456.2,-4.0452629078360195e-09,457.7,ASK
