,time,acc_trade_volume,trade_price,dev,high,ask_bid
0,1712601588.4795454,371633257.2235372,13.13,0.0,13.24,ASK
1,1712601600.3618517,371633257.2235372,13.13,-0.0,13.24,ASK
2,1712601607.8963666,371633713.4973014,13.15,9.173153580524968e-08,13.24,BID
3,1712601630.3663747,371633713.4973014,13.15,0.0,13.24,BID
4,1712601660.5495875,371633713.4973014,13.15,0.0,13.24,BID
5,1712601674.9362998,371634169.77106565,13.13,-9.173142515241137e-08,13.24,ASK
6,1712601690.5481217,371634169.77106565,13.13,-0.0,13.24,ASK
7,1712601708.4860976,371634626.0448299,13.15,9.173131466813268e-08,13.24,BID
8,1712601720.366277,371634626.0448299,13.15,0.0,13.24,BID
9,1712601745.7080538,371635082.31859416,13.13,-9.173120401582788e-08,13.24,ASK
10,1712601750.3388567,371635082.31859416,13.13,-0.0,13.24,ASK
11,1712601756.6257114,371635935.398442,13.15,1.71506567868695e-07,13.24,BID
12,1712601760.2778502,371642789.93004906,13.13,-1.378062315270581e-06,13.24,ASK
13,1712601778.9760048,371643246.2038133,13.15,9.173109353208189e-08,13.24,BID
14,1712601780.5360703,371643246.2038133,13.15,0.0,13.24,BID
15,1712601810.5696998,371643246.2038133,13.15,0.0,13.24,BID
16,1712601816.3658454,371643702.4775776,13.14,-9.172911626204825e-08,13.24,ASK
17,1712601840.3476548,371643702.4775776,13.14,-0.0,13.24,ASK
18,1712601842.0454726,371644158.7513418,13.15,9.172900569918916e-08,13.24,BID
19,1712601870.3653295,371644158.7513418,13.15,0.0,13.24,BID
20,1712601877.6460233,371644615.0251061,13.14,-9.172889505245474e-08,13.24,ASK
21,1712601900.3569226,371644615.0251061,13.14,-0.0,13.24,ASK
22,1712601905.2757156,371645071.2988703,13.15,9.172878449012897e-08,13.24,BID
23,1712601930.3556948,371645071.2988703,13.15,0.0,13.24,BID
24,1712601947.9053583,371645527.5726346,13.14,-9.17286738439282e-08,13.24,ASK
25,1712601960.5371835,371645527.5726346,13.14,-0.0,13.24,ASK
26,1712601977.225053,371645983.8463988,13.15,9.172856328213565e-08,13.24,BID
27,1712601990.564992,371645983.8463988,13.15,0.0,13.24,BID
28,1712602009.2555804,371646225.7113915,13.14,-4.86241008435747e-08,13.24,ASK
29,1712602009.2572608,371646440.1201631,13.14,-4.31043517928938e-08,13.24,ASK
30,1712602020.5860925,371646440.1201631,13.14,-0.0,13.24,ASK
31,1712602035.8151147,371669440.1201631,13.14,-4.623872843500884e-06,13.24,ASK
32,1712602041.0846648,371669896.39392734,13.15,9.17283420752092e-08,13.24,BID
33,1712602050.3277454,371669896.39392734,13.15,0.0,13.24,BID
34,1712602079.224818,371670352.6676916,13.14,-9.17226585800186e-08,13.24,ASK
35,1712602080.544922,371670352.6676916,13.14,-0.0,13.24,ASK
36,1712602110.555596,371670352.6676916,13.14,-0.0,13.24,ASK
37,1712602111.284801,371670808.9414558,13.15,9.172254802074408e-08,13.24,BID
38,1712602140.3447952,371670808.9414558,13.15,0.0,13.24,BID
39,1712602170.3479888,371670808.9414558,13.15,0.0,13.24,BID
40,1712602200.3762257,371670808.9414558,13.15,0.0,13.24,BID
41,1712602211.9540682,371671265.21522,13.14,-9.172243740157006e-08,13.24,ASK
42,1712602230.3568015,371671265.21522,13.14,-0.0,13.24,ASK
43,1712602260.3947573,371671265.21522,13.14,-0.0,13.24,ASK
44,1712602277.2541,371671721.4889843,13.15,9.172232685481073e-08,13.24,BID
45,1712602290.374457,371671721.4889843,13.15,0.0,13.24,BID
46,1712602314.9067323,371672177.7627485,13.14,-9.17222162241882e-08,13.24,ASK
47,1712602320.535481,371672177.7627485,13.14,-0.0,13.24,ASK
48,1712602330.265814,371674414.463249,13.14,-4.496311112951296e-07,13.24,ASK
49,1712602350.153861,371674870.7370133,13.15,9.172210567796201e-08,13.24,BID
50,1712602350.5786004,371674870.7370133,13.15,0.0,13.24,BID
51,1712602376.377154,371675258.0336825,13.14,-7.785548081908627e-08,13.24,ASK
52,1712602380.337689,371675258.0336825,13.14,-0.0,13.24,ASK
53,1712602380.4956772,371675638.2618194,13.15,7.643446609673384e-08,13.24,BID
54,1712602383.8339126,371676094.5355837,13.14,-9.172135931128785e-08,13.24,ASK
55,1712602410.3458407,371676094.5355837,13.14,-0.0,13.24,ASK
56,1712602411.3934133,371676550.8093479,13.15,9.172115657709044e-08,13.24,BID
57,1712602440.5357988,371676550.8093479,13.15,0.0,13.24,BID
58,1712602453.225727,371691759.9348232,13.15,3.0573681983496376e-06,13.24,BID
59,1712602454.85379,371692216.20858747,13.14,-9.172104594929094e-08,13.24,ASK
60,1712602470.553724,371692216.20858747,13.14,-0.0,13.24,ASK
61,1712602483.2434835,371692672.4823517,13.15,9.171724797415665e-08,13.24,BID
62,1712602500.3633673,371692672.4823517,13.15,0.0,13.24,BID
63,1712602522.3037124,371693128.756116,13.14,-9.171785488981313e-08,13.24,ASK
64,1712602530.337306,371693128.756116,13.14,-0.0,13.24,ASK
65,1712602550.6045876,371693585.0298802,13.15,9.171774435409949e-08,13.24,BID
66,1712602560.5463028,371693585.0298802,13.15,0.0,13.24,BID
67,1712602590.3854651,371694041.3036445,13.14,-9.171763373453104e-08,13.24,ASK
68,1712602590.5373049,371694041.3036445,13.14,-0.0,13.24,ASK
69,1712602618.9663713,371694497.5774087,13.15,9.171752318736905e-08,13.24,BID
70,1712602620.3807964,371694497.5774087,13.15,0.0,13.24,BID
71,1712602650.3572736,371694497.5774087,13.15,0.0,13.24,BID
72,1712602660.3371346,371694953.8511729,13.14,-9.171741258031545e-08,13.24,ASK
73,1712602680.5409572,371694953.8511729,13.14,-0.0,13.24,ASK
74,1712602710.5382645,371694953.8511729,13.14,-0.0,13.24,ASK
75,1712602725.5485628,371695410.1249372,13.15,9.17173020456679e-08,13.24,BID
76,1712602740.331128,371695410.1249372,13.15,0.0,13.24,BID
77,1712602770.3701851,371695410.1249372,13.15,0.0,13.24,BID
78,1712602793.2797265,371695866.3987014,13.14,-9.171719142716638e-08,13.24,ASK
79,1712602800.4421854,371695866.3987014,13.14,-0.0,13.24,ASK
80,1712602812.390622,371696626.8549752,13.15,1.528621087695292e-07,13.24,BID
81,1712602820.40059,371697083.1287395,13.15,9.1717265256925e-08,13.24,BID
82,1712602830.3608985,371697083.1287395,13.15,0.0,13.24,BID
83,1712602860.5430915,371697083.1287395,13.15,0.0,13.24,BID
84,1712602867.1112783,371697539.4025037,13.14,-9.171697027508381e-08,13.24,ASK
85,1712602886.7214346,371699061.4725189,13.14,-3.059559003323722e-07,13.24,ASK
86,1712602890.5556183,371699061.4725189,13.14,-0.0,13.24,ASK
87,1712602891.1013656,371699517.7462832,13.15,9.171649101775793e-08,13.24,BID
88,1712602920.3461924,371699517.7462832,13.15,0.0,13.24,BID
89,1712602935.2824893,371699974.0200474,13.14,-9.17163804012127e-08,13.24,ASK
90,1712602950.375142,371699974.0200474,13.14,-0.0,13.24,ASK
91,1712602967.1522946,371700430.2938117,13.15,9.171626986905309e-08,13.24,BID
92,1712602980.5528955,371700430.2938117,13.15,0.0,13.24,BID
93,1712602997.3530672,371925999.7904322,13.15,4.534200625925358e-05,13.24,BID
94,1712603007.6348183,371926456.06419647,13.14,-9.171615925304129e-08,13.24,ASK
95,1712603010.5631447,371926456.06419647,13.14,-0.0,13.24,ASK
96,1712603040.358409,371926456.06419647,13.14,-0.0,13.24,ASK
97,1712603070.4007857,371926456.06419647,13.14,-0.0,13.24,ASK
98,1712603100.5342607,371926456.06419647,13.14,-0.0,13.24,ASK
99,1712603102.8040657,371926912.3379607,13.15,9.166277575343838e-08,13.24,BID
100,1712603130.545971,371926912.3379607,13.15,0.0,13.24,BID
101,1712603142.6544833,371927368.6117249,13.14,-9.166266527839812e-08,13.24,ASK
102,1712603160.3588376,371927368.6117249,13.14,-0.0,13.24,ASK
103,1712603169.3750436,371927824.8854892,13.15,9.166255487567025e-08,13.24,BID
104,1712603190.3459249,371927824.8854892,13.15,0.0,13.24,BID
105,1712603211.9753902,371928281.1592534,13.14,-9.166244438918825e-08,13.24,ASK
106,1712603220.545576,371928281.1592534,13.14,-0.0,13.24,ASK
107,1712603239.7255788,371928737.4330177,13.15,9.166233398699244e-08,13.24,BID
108,1712603250.565873,371928737.4330177,13.15,0.0,13.24,BID
109,1712603280.349063,371928737.4330177,13.15,0.0,13.24,BID
110,1712603280.5508382,371929193.7067819,13.14,-9.166222350104298e-08,13.24,ASK
111,1712603310.340413,371929193.7067819,13.14,-0.0,13.24,ASK
112,1712603312.7067168,371929649.9805462,13.15,9.166211309937928e-08,13.24,BID
113,1712603340.5577712,371929649.9805462,13.15,0.0,13.24,BID
114,1712603347.7060158,371930106.2543104,13.14,-9.166200261396229e-08,13.24,ASK
115,1712603370.5563848,371930106.2543104,13.14,-0.0,13.24,ASK
116,1712603400.388656,371930106.2543104,13.14,-0.0,13.24,ASK
117,1712603415.4868536,371930562.5280747,13.15,9.166189221283068e-08,13.24,BID
118,1712603430.3701472,371930562.5280747,13.15,0.0,13.24,BID
119,1712603448.3567448,371931018.8018389,13.14,-9.16617817279462e-08,13.24,ASK
120,1712603460.5297272,371931018.8018389,13.14,-0.0,13.24,ASK
121,1712603477.1571462,371931475.0756032,13.15,9.166167132734668e-08,13.24,BID
122,1712603490.5570965,371931475.0756032,13.15,0.0,13.24,BID
123,1712603514.0872352,371931931.3493674,13.14,-9.166156084299469e-08,13.24,ASK
124,1712603518.5473118,371940650.9094617,13.14,-1.7516862697796872e-06,13.24,ASK
125,1712603520.357627,371940650.9094617,13.14,-0.0,13.24,ASK
126,1712603529.1671329,371947306.0951956,13.14,-1.336938444529861e-06,13.24,ASK
127,1712603540.4474275,371947762.36895984,13.15,9.165934070797905e-08,13.24,BID
128,1712603550.3799436,371947762.36895984,13.15,0.0,13.24,BID
129,1712603551.8677256,371948735.4344965,13.15,1.954722761420785e-07,13.24,BID
130,1712603554.0978973,371959094.1820634,13.14,-2.080895775830361e-06,13.24,ASK
131,1712603554.100893,372078878.5421903,13.14,-2.406263569888454e-05,13.24,ASK
132,1712603554.1034615,372348735.4344965,13.14,-5.420964876818806e-05,13.24,ASK
133,1712603562.687277,372351780.8744966,13.14,-6.117769731088606e-07,13.24,ASK
134,1712603580.387536,372351780.8744966,13.14,-0.0,13.24,ASK
135,1712603584.117719,372352237.1482608,13.14,-9.15599758996436e-08,13.24,ASK
136,1712603608.807415,372352693.422025,13.15,9.155997591160438e-08,13.24,BID
137,1712603610.34802,372352693.422025,13.15,0.0,13.24,BID
138,1712603640.5535192,372352693.422025,13.15,0.0,13.24,BID
139,1712603645.6378112,372353149.6957893,13.14,-9.155975551703953e-08,13.24,ASK
140,1712603670.5580325,372353149.6957893,13.14,-0.0,13.24,ASK
141,1712603671.1684356,372353605.96955353,13.15,9.15596453620708e-08,13.24,BID
142,1712603700.4023445,372353605.96955353,13.15,0.0,13.24,BID
143,1712603715.6182156,372354062.2433178,13.14,-9.156143425256513e-08,13.24,ASK
144,1712603730.3439417,372354062.2433178,13.14,-0.0,13.24,ASK
145,1712603743.778118,372354518.5170821,13.15,9.156132409355704e-08,13.24,BID
146,1712603760.5483096,372354518.5170821,13.15,0.0,13.24,BID
147,1712603778.785211,372354974.7908463,13.14,-9.156121385097949e-08,13.24,ASK
148,1712603790.568375,372354974.7908463,13.14,-0.0,13.24,ASK
149,1712603808.8624594,372355431.06461054,13.15,9.156110369250172e-08,13.24,BID
150,1712603820.358467,372355431.06461054,13.15,0.0,13.24,BID
151,1712603828.428481,372360639.31461054,13.14,-1.0451456592500074e-06,13.24,ASK
152,1712603846.8786895,372361095.5883748,13.14,-9.156099345045488e-08,13.24,ASK
153,1712603850.3807597,372361095.5883748,13.14,-0.0,13.24,ASK
154,1712603875.858541,372361551.8621391,13.15,9.155962588608762e-08,13.24,BID
155,1712603880.575109,372361551.8621391,13.15,0.0,13.24,BID
156,1712603902.5890954,372431310.7232518,13.14,-1.399836684906745e-05,13.24,ASK
157,1712603902.5923336,372469343.4572653,13.14,-7.631950328622294e-06,13.24,ASK
158,1712603910.5660744,372469343.4572653,13.14,-0.0,13.24,ASK
159,1712603920.628872,372469799.7310296,13.13,-9.15334997795668e-08,13.24,ASK
160,1712603940.342803,372469799.7310296,13.13,-0.0,13.24,ASK
161,1712603947.0191803,372470256.35203415,13.14,9.160304988977082e-08,13.24,BID
162,1712603962.211526,372489938.1346775,13.13,-3.948375784976312e-06,13.24,ASK
163,1712603970.3490238,372489938.1346775,13.13,-0.0,13.24,ASK
164,1712603992.2987597,372490394.75568205,13.13,-9.159819097500182e-08,13.24,ASK
165,1712604000.3813477,372490394.75568205,13.13,-0.0,13.24,ASK
166,1712604015.7235386,372490850.6827337,13.16,9.145887400890309e-08,13.24,BID
167,1712604030.3718889,372490850.6827337,13.16,0.0,13.24,BID
168,1712604058.5190835,372491306.6097854,13.13,-9.145876392924624e-08,13.24,ASK
169,1712604060.5732217,372491306.6097854,13.13,-0.0,13.24,ASK
170,1712604083.4095278,372491762.536837,13.16,9.14586541007949e-08,13.24,BID
171,1712604090.5968256,372491762.536837,13.16,0.0,13.24,BID
172,1712604103.109619,372549113.5642343,13.14,-1.1504562944367635e-05,13.24,ASK
173,1712604120.3736258,372549113.5642343,13.14,-0.0,13.24,ASK
174,1712604124.2902362,372549569.491286,13.13,-9.144472032721953e-08,13.24,ASK
175,1712604150.3543825,372549569.491286,13.13,-0.0,13.24,ASK
176,1712604155.6794798,372550026.11229056,13.14,9.158379563697018e-08,13.24,BID
177,1712604180.5517516,372550026.11229056,13.14,0.0,13.24,BID
178,1712604188.739402,372550482.7332952,13.13,-9.158368542414889e-08,13.24,ASK
179,1712604210.5815313,372550482.7332952,13.13,-0.0,13.24,ASK
180,1712604219.5026338,372550939.35429966,13.14,9.15835752835136e-08,13.24,BID
181,1712604240.3500962,372550939.35429966,13.14,0.0,13.24,BID
182,1712604254.6896863,372551395.97530425,13.13,-9.15834650831774e-08,13.24,ASK
183,1712604267.1496737,372554515.97530425,13.13,-6.257715001994472e-07,13.24,ASK
184,1712604270.3718712,372554515.97530425,13.13,-0.0,13.24,ASK
185,1712604281.4599311,372554972.5963088,13.14,9.158260247848681e-08,13.24,BID
186,1712604300.5723822,372554972.5963088,13.14,0.0,13.24,BID
187,1712604321.2799418,372555429.21731335,13.13,-9.15824922565826e-08,13.24,ASK
188,1712604330.5499249,372555429.21731335,13.13,-0.0,13.24,ASK
189,1712604350.439781,372555885.83831793,13.14,9.158238214272624e-08,13.24,BID
190,1712604360.383224,372555885.83831793,13.14,0.0,13.24,BID
191,1712604390.3725371,372555885.83831793,13.14,0.0,13.24,BID
192,1712604417.689654,372563473.0917322,13.14,1.521738812803425e-06,13.24,BID
193,1712604420.3900497,372563473.0917322,13.14,0.0,13.24,BID
194,1712604428.5299337,372563929.7127367,13.13,-9.158044071109616e-08,13.24,ASK
195,1712604450.3611722,372563929.7127367,13.13,-0.0,13.24,ASK
196,1712604460.539885,372564386.3337413,13.14,9.158033060217333e-08,13.24,BID
197,1712604480.5635712,372564386.3337413,13.14,0.0,13.24,BID
198,1712604494.7701097,372564842.9547459,13.13,-9.158022039769157e-08,13.24,ASK
199,1712604510.5736065,372564842.9547459,13.13,-0.0,13.24,ASK
200,1712604525.8299065,372565299.5757504,13.14,9.15801102653899e-08,13.24,BID
201,1712604540.3822713,372565299.5757504,13.14,0.0,13.24,BID
202,1712604563.400122,372565756.196755,13.13,-9.158000007339272e-08,13.24,ASK
203,1712604570.3651547,372565756.196755,13.13,-0.0,13.24,ASK
204,1712604582.6101222,372717963.19827706,13.14,3.0526629983504984e-05,13.24,BID
205,1712604595.0000443,372718419.8192816,13.14,9.157988995357525e-08,13.24,BID
206,1712604600.4633653,372718419.8192816,13.14,0.0,13.24,BID
207,1712604630.3648922,372718419.8192816,13.14,0.0,13.24,BID
208,1712604633.0505388,372718876.44028616,13.13,-9.160647508829124e-08,13.24,ASK
209,1712604651.9600637,372864082.7885384,13.13,-2.913103337801854e-05,13.24,ASK
210,1712604660.2316985,372864539.409543,13.14,9.1606475100249e-08,13.24,BID
211,1712604660.5740244,372864539.409543,13.14,0.0,13.24,BID
212,1712604690.5658662,372864539.409543,13.14,0.0,13.24,BID
213,1712604700.1504097,372864996.0305476,13.13,-9.157122961139997e-08,13.24,ASK
214,1712604720.3557482,372864996.0305476,13.13,-0.0,13.24,ASK
215,1712604727.7704515,372865452.6515521,13.14,9.157111950072029e-08,13.24,BID
216,1712604750.3850975,372865452.6515521,13.14,0.0,13.24,BID
217,1712604773.140409,372865909.2725567,13.13,-9.157100933035917e-08,13.24,ASK
218,1712604780.4161117,372865909.2725567,13.13,-0.0,13.24,ASK
219,1712604797.9802978,372866365.8935612,13.14,9.157089922020916e-08,13.24,BID
220,1712604810.3731816,372866365.8935612,13.14,0.0,13.24,BID
221,1712604838.8205943,372866822.51456577,13.13,-9.157078905037813e-08,13.24,ASK
222,1712604840.590448,372866822.51456577,13.13,-0.0,13.24,ASK
223,1712604867.740355,372867279.1355704,13.14,9.1570678952711e-08,13.24,BID
224,1712604870.5604498,372867279.1355704,13.14,0.0,13.24,BID
225,1712604881.6714137,372868479.1355704,13.13,-2.4064745472335624e-07,13.24,ASK
226,1712604894.3604443,373046311.0221864,13.14,3.5662325735659046e-05,13.24,BID
227,1712604900.3623917,373046311.0221864,13.14,0.0,13.24,BID
228,1712604901.6508086,373046767.64319086,13.13,-9.152738955463052e-08,13.24,ASK
229,1712604903.68092,373046767.6431912,13.14,5.973726008657073e-17,13.24,BID
230,1712604930.360986,373046767.6431912,13.14,0.0,13.24,BID
231,1712604960.5607743,373046767.6431912,13.14,0.0,13.24,BID
232,1712604990.563128,373046767.6431912,13.14,0.0,13.24,BID
233,1712604994.470965,373047223.5702428,13.16,9.138818035944764e-08,13.24,BID
234,1712605020.443258,373047223.5702428,13.16,0.0,13.24,BID
235,1712605042.7714765,373047679.4972945,13.14,-9.138807044989824e-08,13.24,ASK
236,1712605050.37731,373047679.4972945,13.14,-0.0,13.24,ASK
237,1712605066.540785,373048135.42434615,13.16,9.138796070764849e-08,13.24,BID
238,1712605080.5530086,373048135.42434615,13.16,0.0,13.24,BID
239,1712605110.5695972,373048135.42434615,13.16,0.0,13.24,BID
240,1712605113.610818,373048591.3513978,13.14,-9.138785079862745e-08,13.24,ASK
241,1712605140.3552625,373048591.3513978,13.14,-0.0,13.24,ASK
242,1712605143.662479,373049047.2784495,13.16,9.138774105690517e-08,13.24,BID
243,1712605170.3474371,373049047.2784495,13.16,0.0,13.24,BID
244,1712605200.411235,373049047.2784495,13.16,0.0,13.24,BID
245,1712605221.5210123,373049503.20550114,13.14,-9.139889378176069e-08,13.24,ASK
246,1712605230.371122,373049503.20550114,13.14,-0.0,13.24,ASK
247,1712605260.0611126,373049959.1325528,13.16,9.13987840135152e-08,13.24,BID
248,1712605260.5643806,373049959.1325528,13.16,0.0,13.24,BID
249,1712605275.191003,373087991.8665664,13.14,-7.624336936655869e-06,13.24,ASK
250,1712605290.5562258,373087991.8665664,13.14,-0.0,13.24,ASK
251,1712605296.3408775,373088447.793618,13.14,-9.138951833038885e-08,13.24,ASK
252,1712605320.361193,373088447.793618,13.14,-0.0,13.24,ASK
253,1712605332.1313217,373088903.7206697,13.16,9.138940858466168e-08,13.24,BID
254,1712605350.3835175,373088903.7206697,13.16,0.0,13.24,BID
255,1712605354.6717255,373089284.314277,13.14,-7.628892105424995e-08,13.24,ASK
256,1712605367.711222,373089740.2413287,13.14,-9.1389298672158e-08,13.24,ASK
257,1712605380.5515072,373089740.2413287,13.14,-0.0,13.24,ASK
258,1712605410.5612433,373089740.2413287,13.14,-0.0,13.24,ASK
259,1712605433.9812362,373090196.1683803,13.16,9.138909731530864e-08,13.24,BID
260,1712605435.081216,373091718.2383956,13.14,-3.0509399307861225e-07,13.24,ASK
261,1712605440.3634846,373091718.2383956,13.14,-0.0,13.24,ASK
262,1712605470.3540275,373091718.2383956,13.14,-0.0,13.24,ASK
263,1712605477.1554997,373092174.1654472,13.14,-9.138862103294652e-08,13.24,ASK
264,1712605500.381725,373092174.1654472,13.14,-0.0,13.24,ASK
265,1712605507.6214044,373092630.0924989,13.16,9.13885112893744e-08,13.24,BID
266,1712605530.3848257,373092630.0924989,13.16,0.0,13.24,BID
267,1712605560.5546925,373092630.0924989,13.16,0.0,13.24,BID
268,1712605561.431456,373092965.2398585,13.14,-6.717868858489381e-08,13.24,ASK
269,1712605561.4345093,373093086.01955056,13.14,-2.4209712794135204e-08,13.24,ASK
270,1712605587.8815498,373093541.9466022,13.16,9.138840137902904e-08,13.24,BID
271,1712605590.561277,373093541.9466022,13.16,0.0,13.24,BID
272,1712605591.6116705,373094182.20191777,13.14,-1.283358136229108e-07,13.24,ASK
273,1712605591.6135497,373094582.20191777,13.14,-8.017789810255645e-08,13.24,ASK
274,1712605591.615419,373097272.31660223,13.13,-5.392193526375722e-07,13.24,ASK
275,1712605620.3696785,373097272.31660223,13.13,-0.0,13.24,ASK
276,1712605627.331685,373097660.4444561,13.14,-7.779742483923092e-08,13.24,ASK
277,1712605627.334952,373097728.2436539,13.13,-1.358985948022932e-08,13.24,ASK
278,1712605650.3673897,373097728.2436539,13.13,-0.0,13.24,ASK
279,1712605653.0172956,373098184.1707056,13.16,9.138717459151785e-08,13.24,BID
280,1712605680.5646174,373098184.1707056,13.16,0.0,13.24,BID
281,1712605696.801717,373098640.0977572,13.13,-9.138706468438768e-08,13.24,ASK
282,1712605710.5717535,373098640.0977572,13.13,-0.0,13.24,ASK
283,1712605740.3764648,373098640.0977572,13.13,-0.0,13.24,ASK
284,1712605760.6720023,373099096.0248089,13.16,9.138695502806913e-08,13.24,BID
285,1712605770.3722343,373099096.0248089,13.16,0.0,13.24,BID
286,1712605794.9715624,373099551.9518606,13.13,-9.138684513341436e-08,13.24,ASK
287,1712605800.4018023,373099551.9518606,13.13,-0.0,13.24,ASK
288,1712605806.9718354,373107364.4518606,13.13,-1.5659538548146069e-06,13.24,ASK
289,1712605821.3918009,373107820.3789122,13.16,9.138697268051941e-08,13.24,BID
290,1712605830.3858602,373107820.3789122,13.16,0.0,13.24,BID
291,1712605860.551951,373107820.3789122,13.16,0.0,13.24,BID
292,1712605862.451966,373108276.30596393,13.13,-9.138498381184808e-08,13.24,ASK
293,1712605889.0018668,373108732.2330156,13.16,9.138498381184808e-08,13.24,BID
294,1712605890.5719805,373108732.2330156,13.16,0.0,13.24,BID
295,1712605920.3743026,373108732.2330156,13.16,0.0,13.24,BID
296,1712605928.4221108,373109188.16006726,13.13,-9.13847642589262e-08,13.24,ASK
297,1712605950.4120822,373109188.16006726,13.13,-0.0,13.24,ASK
298,1712605953.6674683,373109644.0871189,13.16,9.13846546081282e-08,13.24,BID
299,1712605980.555514,373109644.0871189,13.16,0.0,13.24,BID
300,1712605994.4019167,373110100.0141706,13.13,-9.138454470705929e-08,13.24,ASK
301,1712606010.5552244,373110100.0141706,13.13,-0.0,13.24,ASK
302,1712606024.4521582,373110555.9412223,13.16,9.138443505678814e-08,13.24,BID
303,1712606040.377764,373110555.9412223,13.16,0.0,13.24,BID
304,1712606070.3389893,373110555.9412223,13.16,0.0,13.24,BID
305,1712606093.0024066,373111011.8682739,13.13,-9.138432515624729e-08,13.24,ASK
306,1712606100.3765323,373111011.8682739,13.13,-0.0,13.24,ASK
307,1712606120.342877,373111467.7953256,13.16,9.138421551844997e-08,13.24,BID
308,1712606130.3829803,373111467.7953256,13.16,0.0,13.24,BID
309,1712606152.7124417,373111923.7223773,13.13,-9.138410560649028e-08,13.24,ASK
310,1712606160.5562894,373111923.7223773,13.13,-0.0,13.24,ASK
311,1712606179.6422403,373112379.64942896,13.16,9.138399595727288e-08,13.24,BID
312,1712606190.552812,373112379.64942896,13.16,0.0,13.24,BID
313,1712606219.1822577,373112835.5764806,13.13,-9.138388605778816e-08,13.24,ASK
314,1712606220.368882,373112835.5764806,13.13,-0.0,13.24,ASK
315,1712606248.175646,373113291.5035323,13.16,9.13837764090976e-08,13.24,BID
316,1712606250.3622792,373113291.5035323,13.16,0.0,13.24,BID
317,1712606280.5646024,373113291.5035323,13.16,0.0,13.24,BID
318,1712606284.8821075,373113747.430584,13.14,-9.138366651014094e-08,13.24,ASK
319,1712606310.5925462,373113747.430584,13.14,-0.0,13.24,ASK
320,1712606312.4424925,373114203.7043482,13.15,9.145304997802938e-08,13.24,BID
321,1712606340.3529162,373114203.7043482,13.15,0.0,13.24,BID
322,1712606352.302322,373114659.97811246,13.14,-9.145293999602805e-08,13.24,ASK
323,1712606365.4079683,373114705.9625445,13.14,-9.216860201666598e-09,13.24,ASK
324,1712606365.4115484,373189781.6036738,13.14,-1.5047738093409246e-05,13.24,ASK
325,1712606370.364395,373189781.6036738,13.14,-0.0,13.24,ASK
326,1712606379.3125906,373190237.87743807,13.15,9.143473990376085e-08,13.24,BID
327,1712606383.314056,373190572.4866134,13.14,-6.705382889001718e-08,13.24,ASK
328,1712606383.3172345,373194970.6074381,13.13,-8.813590988075777e-07,13.24,ASK
329,1712606400.4870417,373194970.6074381,13.13,-0.0,13.24,ASK
330,1712606417.2951684,373195426.8812023,13.13,-9.143349130357072e-08,13.24,ASK
331,1712606430.372565,373195426.8812023,13.13,-0.0,13.24,ASK
332,1712606443.2832394,373195883.1549665,13.15,9.143338154775258e-08,13.24,BID
333,1712606460.566851,373195883.1549665,13.15,0.0,13.24,BID
334,1712606490.56143,373195883.1549665,13.15,0.0,13.24,BID
335,1712606514.6925905,373196339.4287308,13.13,-9.143327161305289e-08,13.24,ASK
336,1712606520.38626,373196339.4287308,13.13,-0.0,13.24,ASK
337,1712606543.8126638,373196795.70249504,13.15,9.143316184581801e-08,13.24,BID
338,1712606550.393098,373196795.70249504,13.15,0.0,13.24,BID
339,1712606569.7628267,373200498.7760557,13.15,7.420617699959055e-07,13.24,BID
340,1712606569.7671895,373204795.70249504,13.15,8.610644068756683e-07,13.24,BID
341,1712606578.0529654,373205251.9762593,13.13,-9.143305191164661e-08,13.24,ASK
342,1712606580.3805175,373205251.9762593,13.13,-0.0,13.24,ASK
343,1712606609.5126493,373205440.4710949,13.15,3.77717840307357e-08,13.24,BID
344,1712606609.5148163,373205708.25002354,13.15,5.3659230649310375e-08,13.24,BID
345,1712606610.363532,373205708.25002354,13.15,0.0,13.24,BID
346,1712606616.5826893,373250357.9805855,13.13,-8.947183866373955e-06,13.24,ASK
347,1712606640.5617871,373250357.9805855,13.13,-0.0,13.24,ASK
348,1712606670.5510328,373250357.9805855,13.13,-0.0,13.24,ASK
349,1712606676.5307453,373250814.25434977,13.13,-9.14201650278118e-08,13.24,ASK
350,1712606700.3595643,373250814.25434977,13.13,-0.0,13.24,ASK
351,1712606701.3999865,373251270.528114,13.15,9.142130227943489e-08,13.24,BID
352,1712606730.3595886,373251270.528114,13.15,0.0,13.24,BID
353,1712606746.639091,373251726.8018783,13.13,-9.14211923737802e-08,13.24,ASK
354,1712606760.5803344,373251726.8018783,13.13,-0.0,13.24,ASK
355,1712606772.910354,373252183.0756425,13.15,9.142108263554605e-08,13.24,BID
356,1712606790.558041,373252183.0756425,13.15,0.0,13.24,BID
357,1712606812.3671167,373252639.3494068,13.13,-9.142097273041949e-08,13.24,ASK
358,1712606820.339089,373252639.3494068,13.13,-0.0,13.24,ASK
359,1712606829.149794,373328747.1368246,13.13,-1.524926513712703e-05,13.24,ASK
360,1712606829.153954,373481596.52186537,13.13,-3.062552305898916e-05,13.24,ASK
361,1712606832.297114,374169050.8822008,13.13,-0.0001377411453689,13.24,ASK
362,1712606832.3016512,374295780.75197273,13.13,-2.539211098512952e-05,13.24,ASK
363,1712606839.8366466,374296237.7207465,13.13,9.15601179224529e-08,13.24,BID
364,1712606850.347671,374296237.7207465,13.13,0.0,13.24,BID
365,1712606874.6758423,374296694.6895203,13.12,-9.1309429908859e-08,13.24,ASK
366,1712606880.5357437,374296694.6895203,13.12,-0.0,13.24,ASK
367,1712606885.915691,374648742.4459574,13.12,-7.034450333566219e-05,13.24,ASK
368,1712606910.5689163,374648742.4459574,13.12,-0.0,13.24,ASK
369,1712606937.7748222,374649198.7197217,13.15,9.108638160059144e-08,13.24,BID
370,1712606940.3692734,374649198.7197217,13.15,0.0,13.24,BID
371,1712606970.3541772,374649198.7197217,13.15,0.0,13.24,BID
372,1712607000.4515758,374649198.7197217,13.15,0.0,13.24,BID
373,1712607006.534036,374649654.9934859,13.12,-9.109316795803168e-08,13.24,ASK
374,1712607030.3534603,374649654.9934859,13.12,-0.0,13.24,ASK
375,1712607033.2429647,374650111.2672502,13.15,9.109305908885776e-08,13.24,BID
376,1712607060.5524912,374650111.2672502,13.15,0.0,13.24,BID
377,1712607078.4326048,374650491.8756152,13.15,7.598670244309239e-08,13.24,BID
378,1712607090.5517647,374650491.8756152,13.15,0.0,13.24,BID
379,1712607106.0319788,374650948.1493794,13.12,-9.1092858936832e-08,13.24,ASK
380,1712607120.3432024,374650948.1493794,13.12,-0.0,13.24,ASK
381,1712607134.4914727,374651404.4231437,13.15,9.109275008029649e-08,13.24,BID
382,1712607150.372217,374651404.4231437,13.15,0.0,13.24,BID
383,1712607168.0712097,374651860.696908,13.13,-9.109264096318529e-08,13.24,ASK
384,1712607180.555271,374651860.696908,13.13,-0.0,13.24,ASK
385,1712607195.5506678,374652316.9706722,13.15,9.109253201229249e-08,13.24,BID
386,1712607210.550296,374652316.9706722,13.15,0.0,13.24,BID
387,1712607213.8105464,374657063.4528159,13.15,9.476077578315746e-07,13.24,BID
388,1712607213.8150811,374718237.239955,13.15,1.2212993436814192e-05,13.24,BID
389,1712607213.8196888,374728362.5980486,13.15,2.021469288169855e-06,13.24,BID
390,1712607236.590415,374728818.8718129,13.13,-9.109242289570377e-08,13.24,ASK
391,1712607240.3448732,374728818.8718129,13.13,-0.0,13.24,ASK
392,1712607260.2098424,374822195.9516257,13.13,-1.8638451552999328e-05,13.24,ASK
393,1712607262.4400766,374822652.22539,13.15,9.10741315425018e-08,13.24,BID
394,1712607270.3700652,374822652.22539,13.15,0.0,13.24,BID
395,1712607300.3643758,374822652.22539,13.15,0.0,13.24,BID
396,1712607304.4893763,374823108.4991542,13.13,-9.10803249617402e-08,13.24,ASK
397,1712607330.3574016,374823108.4991542,13.13,-0.0,13.24,ASK
398,1712607333.9091089,374823564.77291846,13.15,9.10802160403064e-08,13.24,BID
399,1712607360.5588837,374823564.77291846,13.15,0.0,13.24,BID
400,1712607367.2188537,374824021.0466827,13.13,-9.10801069532214e-08,13.24,ASK
401,1712607390.5588038,374824021.0466827,13.13,-0.0,13.24,ASK
402,1712607420.347123,374824021.0466827,13.13,-0.0,13.24,ASK
403,1712607430.5181627,374824477.32044697,13.15,9.1079998032309e-08,13.24,BID
404,1712607450.349671,374824477.32044697,13.15,0.0,13.24,BID
405,1712607466.8679075,374824933.5942112,13.13,-9.107988894574624e-08,13.24,ASK
406,1712607480.559909,374824933.5942112,13.13,-0.0,13.24,ASK
407,1712607495.9675975,374825389.8679755,13.15,9.107978002535528e-08,13.24,BID
408,1712607510.5414298,374825389.8679755,13.15,0.0,13.24,BID
409,1712607525.507157,374826910.7805229,13.15,3.035989031231169e-07,13.24,BID
410,1712607531.907263,374827367.0542872,13.14,-9.107967093931469e-08,13.24,ASK
411,1712607540.362476,374827367.0542872,13.14,-0.0,13.24,ASK
412,1712607561.0469282,374827823.32805145,13.15,9.107919831911256e-08,13.24,BID
413,1712607570.3836586,374827823.32805145,13.15,0.0,13.24,BID
414,1712607595.0268233,374828279.6018157,13.14,-9.107908923446537e-08,13.24,ASK
415,1712607600.3770628,374828279.6018157,13.14,-0.0,13.24,ASK
416,1712607625.686638,374828735.52886736,13.16,9.126031361566589e-08,13.24,BID
417,1712607630.3167784,374828735.52886736,13.16,0.0,13.24,BID
418,1712607660.3843858,374828735.52886736,13.16,0.0,13.24,BID
419,1712607690.357368,374828735.52886736,13.16,0.0,13.24,BID
420,1712607692.4362342,374829191.4559191,13.14,-9.126020402539412e-08,13.24,ASK
421,1712607720.5507305,374829191.4559191,13.14,-0.0,13.24,ASK
422,1712607722.9258716,374829647.3829708,13.16,9.126009457809229e-08,13.24,BID
423,1712607750.5558658,374829647.3829708,13.16,0.0,13.24,BID
424,1712607757.6457822,374835937.71216977,13.14,-1.2590947304059773e-06,13.24,ASK
425,1712607757.649087,374837509.01819086,13.13,-3.145182181124163e-07,13.24,ASK
426,1712607758.2459142,374837964.9452425,13.13,-9.125998497641593e-08,13.24,ASK
427,1712607780.3458338,374837964.9452425,13.13,-0.0,13.24,ASK
428,1712607786.0037167,374838420.8722942,13.16,9.125798894768221e-08,13.24,BID
429,1712607810.366027,374838420.8722942,13.16,0.0,13.24,BID
430,1712607822.385039,374838876.79934585,13.13,-9.125787935106345e-08,13.24,ASK
431,1712607823.4852817,374843099.5956985,13.16,8.452304785732671e-07,13.24,BID
432,1712607840.5285408,374843099.5956985,13.16,0.0,13.24,BID
433,1712607849.4751842,374843555.5227501,13.16,9.125675493560668e-08,13.24,BID
434,1712607870.545096,374843555.5227501,13.16,0.0,13.24,BID
435,1712607889.484795,374844011.4498018,13.13,-9.125664534195186e-08,13.24,ASK
436,1712607900.3797507,374844011.4498018,13.13,-0.0,13.24,ASK
437,1712607900.887889,374847611.4498018,13.13,-7.205760798594897e-07,13.24,ASK
438,1712607916.3646178,374848067.3768535,13.16,9.125836877486305e-08,13.24,BID
439,1712607930.3682835,374848067.3768535,13.16,0.0,13.24,BID
440,1712607945.6129744,374886042.31035936,13.16,7.600982490326417e-06,13.24,BID
441,1712607950.354531,374886498.237411,13.13,-9.125739577718773e-08,13.24,ASK
442,1712607960.5279317,374886498.237411,13.13,-0.0,13.24,ASK
443,1712607976.4043598,374886954.1644627,13.16,9.124815898709809e-08,13.24,BID
444,1712607990.544271,374886954.1644627,13.16,0.0,13.24,BID
445,1712608018.2143247,374887410.0915144,13.13,-9.124804941408868e-08,13.24,ASK
446,1712608020.365488,374887410.0915144,13.13,-0.0,13.24,ASK
447,1712608042.534341,374887866.018566,13.16,9.124794009112804e-08,13.24,BID
448,1712608050.3633993,374887866.018566,13.16,0.0,13.24,BID
449,1712608080.544014,374887866.018566,13.16,0.0,13.24,BID
450,1712608081.853856,374888321.9456177,13.13,-9.124783051864432e-08,13.24,ASK
451,1712608090.9638357,374896321.9456177,13.13,-1.6010952661964117e-06,13.24,ASK
452,1712608095.2138422,374897873.5359978,13.13,-3.105305015881942e-07,13.24,ASK
453,1712608107.8550224,374898329.4630495,13.16,9.124783051864432e-08,13.24,BID
454,1712608110.5506804,374898329.4630495,13.16,0.0,13.24,BID
455,1712608140.3594742,374898329.4630495,13.16,0.0,13.24,BID
456,1712608170.3635745,374898329.4630495,13.16,0.0,13.24,BID
457,1712608182.9634483,374898785.3901012,13.14,-9.124532141637636e-08,13.24,ASK
458,1712608200.626588,374898785.3901012,13.14,-0.0,13.24,ASK
459,1712608224.6332664,374900614.3069185,13.14,-3.660380157061426e-07,13.24,ASK
460,1712608230.5570548,374900614.3069185,13.14,-0.0,13.24,ASK
461,1712608241.9669964,374901070.9279231,13.14,9.138733974445909e-08,13.24,BID
462,1712608260.3672097,374901070.9279231,13.14,0.0,13.24,BID
463,1712608278.6330404,374901527.5489276,13.13,-9.138722999203504e-08,13.24,ASK
464,1712608290.3626492,374901527.5489276,13.13,-0.0,13.24,ASK
465,1712608301.1331058,374977689.01122767,13.13,-1.5242787018564972e-05,13.24,ASK
466,1712608301.137338,375012815.5394556,13.13,-7.0301458547420605e-06,13.24,ASK
467,1712608306.6130044,375013271.46650726,13.16,9.124823414139964e-08,13.24,BID
468,1712608320.5427482,375013271.46650726,13.16,0.0,13.24,BID
469,1712608341.4128304,375013727.3935589,13.13,-9.12214474709618e-08,13.24,ASK
470,1712608350.5533574,375013727.3935589,13.13,-0.0,13.24,ASK
471,1712608373.102504,375014183.3206106,13.16,9.12213382117346e-08,13.24,BID
472,1712608380.3480225,375014183.3206106,13.16,0.0,13.24,BID
473,1712608410.36047,375014183.3206106,13.16,0.0,13.24,BID
474,1712608411.3524394,375014639.2476623,13.13,-9.122122870312977e-08,13.24,ASK
475,1712608440.3767705,375014639.2476623,13.13,-0.0,13.24,ASK
476,1712608459.0527709,375040866.7171157,13.13,-5.2475480781625374e-06,13.24,ASK
477,1712608459.0570705,375054323.6554249,13.13,-2.6924416359602704e-06,13.24,ASK
478,1712608470.3698945,375054323.6554249,13.13,-0.0,13.24,ASK
479,1712608471.602214,375054780.62419873,13.13,9.142001474455288e-08,13.24,BID
480,1712608491.1422727,375092188.7903635,13.13,7.483782914961628e-06,13.24,BID
481,1712608500.3781717,375092188.7903635,13.13,0.0,13.24,BID
482,1712608513.871905,375092645.7591373,13.13,-9.142878572664581e-08,13.24,ASK
483,1712608514.420406,375120392.5250267,13.13,-5.551480228674e-06,13.24,ASK
484,1712608530.3672736,375120392.5250267,13.13,-0.0,13.24,ASK
485,1712608538.8516958,375120849.49380046,13.13,9.142201213027504e-08,13.24,BID
486,1712608560.553366,375120849.49380046,13.13,0.0,13.24,BID
487,1712608571.2617257,375201430.7580807,13.13,1.612121637223488e-05,13.24,BID
488,1712608582.370935,375201887.72685456,13.12,-9.14219024019975e-08,13.24,ASK
489,1712608590.5368886,375201887.72685456,13.12,-0.0,13.24,ASK
490,1712608604.4419389,375202344.6956284,13.13,9.14024454576995e-08,13.24,BID
491,1712608620.342837,375202344.6956284,13.13,0.0,13.24,BID
492,1712608650.249952,375202801.6644021,13.12,-9.140233576446677e-08,13.24,ASK
493,1712608650.3348155,375202801.6644021,13.12,-0.0,13.24,ASK
494,1712608673.0415237,375203258.633176,13.13,9.140222616696304e-08,13.24,BID
495,1712608680.5666015,375203258.633176,13.13,0.0,13.24,BID
496,1712608710.5495346,375203258.633176,13.13,0.0,13.24,BID
497,1712608722.8520808,375203715.60194975,13.12,-9.14021164623346e-08,13.24,ASK
498,1712608740.3427536,375203715.60194975,13.12,-0.0,13.24,ASK
499,1712608743.9222748,375204172.57072353,13.13,9.14020068534348e-08,13.24,BID
500,1712608770.3331845,375204172.57072353,13.13,0.0,13.24,BID
501,1712608773.582315,375212172.57072353,13.12,-1.6001425463667772e-06,13.24,ASK
502,1712608784.5832038,375212629.5394973,13.12,-9.140189716125485e-08,13.24,ASK
503,1712608800.3990417,375212629.5394973,13.12,-0.0,13.24,ASK
504,1712608807.0438333,375213086.5082712,13.13,9.139986873012285e-08,13.24,BID
505,1712608818.982855,375213848.12289417,13.13,1.52333114538283e-07,13.24,BID
506,1712608826.063055,375217503.1676175,13.13,7.310578469216747e-07,13.24,BID
507,1712608826.0674212,375254260.27064735,13.13,7.351912393450052e-06,13.24,BID
508,1712608830.3393607,375254260.27064735,13.13,0.0,13.24,BID
509,1712608847.043079,375254717.2394212,13.12,-9.138987711019642e-08,13.24,ASK
510,1712608854.683569,375261977.15595615,13.12,-1.451921702181585e-06,13.24,ASK
511,1712608860.5398018,375261977.15595615,13.12,-0.0,13.24,ASK
512,1712608871.9433222,375262434.12472993,13.13,9.138802665085544e-08,13.24,BID
513,1712608890.5284498,375262434.12472993,13.13,0.0,13.24,BID
514,1712608916.3841507,375262891.0935037,13.12,-9.138791699222834e-08,13.24,ASK
515,1712608920.365039,375262891.0935037,13.12,-0.0,13.24,ASK
516,1712608934.183514,375314354.4099744,13.12,-1.0291993511394966e-05,13.24,ASK
517,1712608941.2339747,375314811.3787481,13.13,9.138780741738173e-08,13.24,BID
518,1712608950.359409,375314811.3787481,13.13,0.0,13.24,BID
519,1712608964.7143548,375315587.1739382,13.12,-1.5512780803341476e-07,13.24,ASK
520,1712608980.554438,375315587.1739382,13.12,-0.0,13.24,ASK
521,1712609008.6368227,375361018.1916672,13.13,9.08435621047944e-06,13.24,BID
522,1712609010.5543208,375361018.1916672,13.13,0.0,13.24,BID
523,1712609014.9740543,375361475.160441,13.13,-9.136427558705016e-08,13.24,ASK
524,1712609040.3572578,375361475.160441,13.13,-0.0,13.24,ASK
525,1712609070.3762844,375361475.160441,13.13,-0.0,13.24,ASK
526,1712609076.564482,375361931.4342052,13.15,9.122520908142877e-08,13.24,BID
527,1712609100.387261,375361931.4342052,13.15,0.0,13.24,BID
528,1712609108.602362,375362576.17953086,13.13,-1.289071631660631e-07,13.24,ASK
529,1712609118.8244908,375363032.4532951,13.14,-9.12250996467502e-08,13.24,ASK
530,1712609130.3626478,375363032.4532951,13.14,-0.0,13.24,ASK
531,1712609160.3937435,375363032.4532951,13.14,-0.0,13.24,ASK
532,1712609175.5350702,375363413.4418883,13.15,7.617273797272034e-08,13.24,BID
533,1712609175.541,375363488.72705936,13.15,1.5052097920326903e-08,13.24,BID
534,1712609190.352229,375363488.72705936,13.15,0.0,13.24,BID
535,1712609213.9952729,375363945.0008236,13.14,-9.122472645926405e-08,13.24,ASK
536,1712609220.5552998,375363945.0008236,13.14,-0.0,13.24,ASK
537,1712609244.8251026,375364401.2745879,13.15,9.122461710896269e-08,13.24,BID
538,1712609250.550016,375364401.2745879,13.15,0.0,13.24,BID
539,1712609274.8350787,375364857.5483521,13.14,-9.122450767570438e-08,13.24,ASK
540,1712609280.354818,375364857.5483521,13.14,-0.0,13.24,ASK
541,1712609309.0152547,375365313.8221164,13.15,9.122439832592754e-08,13.24,BID
542,1712609310.3689935,375365313.8221164,13.15,0.0,13.24,BID
543,1712609330.0151012,375405313.8221164,13.15,7.997329326406633e-06,13.24,BID
544,1712609340.5600574,375405313.8221164,13.15,0.0,13.24,BID
545,1712609345.0359223,375405770.0958806,13.14,-9.121469631054385e-08,13.24,ASK
546,1712609370.5294116,375405770.0958806,13.14,-0.0,13.24,ASK
547,1712609377.1951976,375406226.3696448,13.15,9.121458697237157e-08,13.24,BID
548,1712609400.391656,375406226.3696448,13.15,0.0,13.24,BID
549,1712609411.115425,375406682.6434091,13.14,-9.123986872933313e-08,13.24,ASK
550,1712609430.3624425,375406682.6434091,13.14,-0.0,13.24,ASK
551,1712609438.3052351,375407138.9171733,13.15,9.123975934272696e-08,13.24,BID
552,1712609460.540203,375407138.9171733,13.15,0.0,13.24,BID
553,1712609477.5852776,375407595.1909376,13.14,-9.123964987313634e-08,13.24,ASK
554,1712609490.5551205,375407595.1909376,13.14,-0.0,13.24,ASK
555,1712609520.366011,375407595.1909376,13.14,-0.0,13.24,ASK
556,1712609538.9155362,375408051.4647018,13.15,9.123954048705497e-08,13.24,BID
557,1712609550.3491066,375408051.4647018,13.15,0.0,13.24,BID
558,1712609579.6554816,375408507.7384661,13.14,-9.12394310179895e-08,13.24,ASK
559,1712609580.5309868,375408507.7384661,13.14,-0.0,13.24,ASK
560,1712609606.385409,375408964.0122304,13.15,9.123932163243286e-08,13.24,BID
561,1712609610.5459929,375408964.0122304,13.15,0.0,13.24,BID
562,1712609626.805608,375409733.83517104,13.14,-1.5393836796831924e-07,13.24,ASK
563,1712609640.3267422,375409733.83517104,13.14,-0.0,13.24,ASK
564,1712609648.5153468,375410190.1089353,13.14,-9.123902761013532e-08,13.24,ASK
565,1712609670.3592706,375410190.1089353,13.14,-0.0,13.24,ASK
566,1712609673.4296622,375415005.5592524,13.14,-9.629229469708977e-07,13.24,ASK
567,1712609673.4333029,375418190.1089353,13.14,-6.367994192710012e-07,13.24,ASK
568,1712609677.718843,375418646.3826996,13.15,9.123891822554598e-08,13.24,BID
569,1712609700.5434642,375418646.3826996,13.15,0.0,13.24,BID
570,1712609701.2578406,375422786.3826996,13.14,-8.295856284784024e-07,13.24,ASK
571,1712609710.1752465,375423242.6564638,13.14,-9.142950663665496e-08,13.24,ASK
572,1712609730.5655663,375423242.6564638,13.14,-0.0,13.24,ASK
573,1712609730.8652363,375548971.5593884,13.14,-2.519363011541229e-05,13.24,ASK
574,1712609730.870637,375803760.2363725,13.14,-5.105470211079172e-05,13.24,ASK
575,1712609760.345515,375803760.2363725,13.14,-0.0,13.24,ASK
576,1712609774.0353525,375804216.5101367,13.15,9.133688944610745e-08,13.24,BID
577,1712609777.7480853,375816351.0623264,13.14,-2.4290948519573804e-06,13.24,ASK
578,1712609790.3524177,375816351.0623264,13.14,-0.0,13.24,ASK
579,1712609810.2869558,375816807.3360907,13.14,-9.13338645245522e-08,13.24,ASK
580,1712609820.5504906,375816807.3360907,13.14,-0.0,13.24,ASK
581,1712609837.416129,375817263.6098549,13.15,9.133375491244874e-08,13.24,BID
582,1712609850.5453603,375817263.6098549,13.15,0.0,13.24,BID
583,1712609877.7852576,375817719.8836192,13.14,-9.133364521719005e-08,13.24,ASK
584,1712609880.3657198,375817719.8836192,13.14,-0.0,13.24,ASK
585,1712609884.551947,375829796.8394792,13.14,-2.417476446075448e-06,13.24,ASK
586,1712609884.556663,375876656.1442945,13.14,-9.379951950156963e-06,13.24,ASK
587,1712609884.5642626,375979664.50517815,13.13,-2.06194581708038e-05,13.24,ASK
588,1712609890.9754884,375982446.33706623,13.13,-5.568467041161222e-07,13.24,ASK
589,1712609906.7852852,375982903.30584,13.13,9.147265751572565e-08,13.24,BID
590,1712609910.348858,375982903.30584,13.13,0.0,13.24,BID
591,1712609940.407399,375982903.30584,13.13,0.0,13.24,BID
592,1712609945.8154078,375983360.2746138,13.12,-9.143295146477566e-08,13.24,ASK
593,1712609970.3784606,375983360.2746138,13.12,-0.0,13.24,ASK
594,1712609972.085094,375983817.2433877,13.13,9.143284179383516e-08,13.24,BID
595,1712610000.527582,375983817.2433877,13.13,0.0,13.24,BID
596,1712610011.868673,375984274.2121614,13.12,-9.143273201570628e-08,13.24,ASK
597,1712610030.3690305,375984274.2121614,13.12,-0.0,13.24,ASK
598,1712610037.955418,375984731.1809352,13.13,9.14326223333662e-08,13.24,BID
599,1712610060.5551796,375984731.1809352,13.13,0.0,13.24,BID
600,1712610080.4090405,375985188.14970905,13.12,-9.143251257961625e-08,13.24,ASK
601,1712610090.5356023,375985188.14970905,13.12,-0.0,13.24,ASK
602,1712610113.9854224,376178725.8819853,13.13,3.872391490700418e-05,13.24,BID
603,1712610120.399371,376178725.8819853,13.13,0.0,13.24,BID
604,1712610150.357723,376178725.8819853,13.13,0.0,13.24,BID
605,1712610151.835284,376563045.6360207,13.12,-7.685737689717937e-05,13.24,ASK
606,1712610180.5398982,376563045.6360207,13.12,-0.0,13.24,ASK
607,1712610210.5596828,376563045.6360207,13.12,-0.0,13.24,ASK
608,1712610218.8653238,376563807.2506437,13.13,1.5215646711325426e-07,13.24,BID
609,1712610234.2353654,376564568.8652666,13.13,1.5215646710134633e-07,13.24,BID
610,1712610237.5249257,376565025.83404046,13.13,9.12938802750973e-08,13.24,BID
611,1712610240.356943,376565025.83404046,13.13,0.0,13.24,BID
612,1712610257.944966,376565801.6292305,13.12,-1.549886761720429e-07,13.24,ASK
613,1712610270.3353078,376565801.6292305,13.12,-0.0,13.24,ASK
614,1712610270.518129,376566258.5980043,13.12,-9.129322041592528e-08,13.24,ASK
615,1712610286.155881,376637053.3605621,13.13,1.4143377476296492e-05,13.24,BID
616,1712610300.5397584,376637053.3605621,13.13,0.0,13.24,BID
617,1712610305.0606406,376737053.3605621,13.13,1.9974534814352268e-05,13.24,BID
618,1712610318.6449864,376758689.6814929,13.13,4.32175445687534e-06,13.24,BID
619,1712610318.6503046,376766689.6814929,13.13,1.5979627851481814e-06,13.24,BID
620,1712610330.575313,376766689.6814929,13.13,0.0,13.24,BID
621,1712610332.979773,376767145.9552572,13.15,9.110758608186264e-08,13.24,BID
622,1712610360.3652198,376767145.9552572,13.15,0.0,13.24,BID
623,1712610370.9951308,376767602.22902143,13.14,-9.110747692920544e-08,13.24,ASK
624,1712610390.365915,376767602.22902143,13.14,-0.0,13.24,ASK
625,1712610398.5747569,376768058.5027857,13.15,9.11073678598153e-08,13.24,BID
626,1712610420.5452569,376768058.5027857,13.15,0.0,13.24,BID
627,1712610435.8853154,376768514.77654994,13.14,-9.1107258707681e-08,13.24,ASK
628,1712610450.5535398,376768514.77654994,13.14,-0.0,13.24,ASK
629,1712610460.734804,376768971.0503142,13.15,9.110714963881334e-08,13.24,BID
630,1712610480.3483589,376768971.0503142,13.15,0.0,13.24,BID
631,1712610501.0846517,376769427.3240784,13.14,-9.11070404872019e-08,13.24,ASK
632,1712610502.0444896,376770212.7102214,13.15,1.568229706189127e-07,13.24,BID
633,1712610510.384628,376770212.7102214,13.15,0.0,13.24,BID
634,1712610510.615721,376773812.7102214,13.14,-7.188322065142012e-07,13.24,ASK
635,1712610525.7147443,376774268.9839856,13.15,9.11067435248434e-08,13.24,BID
636,1712610540.5512056,376774268.9839856,13.15,0.0,13.24,BID
637,1712610569.2145462,376774725.25774986,13.14,-9.11057738516328e-08,13.24,ASK
638,1712610570.5606558,376774725.25774986,13.14,-0.0,13.24,ASK
639,1712610594.4545004,376775181.5315141,13.15,9.11056647863203e-08,13.24,BID
640,1712610600.377648,376775181.5315141,13.15,0.0,13.24,BID
641,1712610623.9948175,376804094.48980063,13.15,5.7756435971665655e-06,13.24,BID
642,1712610623.9980707,376808599.939648,13.15,9.00007266820441e-07,13.24,BID
643,1712610624.00319,376867939.3958671,13.15,1.1853631405512191e-05,13.24,BID
644,1712610630.3846097,376867939.3958671,13.15,0.0,13.24,BID
645,1712610633.54463,376868395.66963136,13.15,-9.112290289315409e-08,13.24,ASK
646,1712610652.2951744,376872340.7196314,13.15,-7.878699943410695e-07,13.24,ASK
647,1712610660.541624,376872340.7196314,13.15,-0.0,13.24,ASK
648,1712610660.9207275,376872796.64668304,13.16,9.105260811030442e-08,13.24,BID
649,1712610690.5575438,376872796.64668304,13.16,0.0,13.24,BID
650,1712610696.7243388,376873252.5737347,13.15,-9.1052499006436e-08,13.24,ASK
651,1712610720.3520732,376873252.5737347,13.15,-0.0,13.24,ASK
652,1712610731.3847504,376877957.8996304,13.15,-9.396923628562897e-07,13.24,ASK
653,1712610731.390726,376888598.3178814,13.15,-2.124979223462803e-06,13.24,ASK
654,1712610745.5546844,376919016.5688319,13.15,6.074775423229394e-06,13.24,BID
655,1712610750.3390996,376919016.5688319,13.15,0.0,13.24,BID
656,1712610756.5745385,376919472.4958837,13.16,9.104144829696309e-08,13.24,BID
657,1712610780.5717473,376919472.4958837,13.16,0.0,13.24,BID
658,1712610798.793803,376919928.4229353,13.14,-9.104133920793544e-08,13.24,ASK
659,1712610810.5495112,376919928.4229353,13.14,-0.0,13.24,ASK
660,1712610818.425309,376921068.24056447,13.16,2.276030757421035e-07,13.24,BID
661,1712610826.3762767,376952888.75755227,13.14,-6.354040640233136e-06,13.24,ASK
662,1712610826.3825555,376953344.6846039,13.16,9.10412302968414e-08,13.24,BID
663,1712610840.3709514,376953344.6846039,13.16,0.0,13.24,BID
664,1712610855.5573075,376957339.49460393,13.14,-7.976287613057263e-07,13.24,ASK
665,1712610858.85507,376995239.49460393,13.16,7.5673511514862995e-06,13.24,BID
666,1712610862.947724,376995695.4216556,13.14,-9.10332480052447e-08,13.24,ASK
667,1712610870.3458006,376995695.4216556,13.14,-0.0,13.24,ASK
668,1712610877.256182,377003695.4216556,13.14,-1.5971523538239765e-06,13.24,ASK
669,1712610890.465619,377004151.6954199,13.15,9.109233957053329e-08,13.24,BID
670,1712610900.3999166,377004151.6954199,13.15,0.0,13.24,BID
671,1712610930.369734,377004151.6954199,13.15,0.0,13.24,BID
672,1712610930.578715,377004607.9691841,13.14,-9.109103663192832e-08,13.24,ASK
673,1712610932.5057328,377205625.9793935,13.14,-4.01314744924067e-05,13.24,ASK
674,1712610932.5128117,377275989.6584626,13.13,-1.404748852510607e-05,13.24,ASK
675,1712610932.5165842,377276370.25207,13.14,-7.598216014417718e-08,13.24,ASK
676,1712610932.5196433,377944792.30449736,13.13,-0.000133444573047,13.24,ASK
677,1712610960.5552752,377944792.30449736,13.13,-0.0,13.24,ASK
678,1712610960.830192,377945248.5782616,13.15,9.086695021980897e-08,13.24,BID
679,1712610990.565814,377945248.5782616,13.15,0.0,13.24,BID
680,1712610995.8463027,377945704.85202587,13.13,-9.086684164298396e-08,13.24,ASK
681,1712611020.3756924,377945704.85202587,13.13,-0.0,13.24,ASK
682,1712611025.5356157,377946161.1257901,13.15,9.086673323155369e-08,13.24,BID
683,1712611050.3798463,377946161.1257901,13.15,0.0,13.24,BID
684,1712611055.0359466,377946541.7193974,13.14,-7.57949704120046e-08,13.24,ASK
685,1712611057.365199,377946997.9931617,13.14,-9.086662465524725e-08,13.24,ASK
686,1712611080.5390089,377946997.9931617,13.14,-0.0,13.24,ASK
687,1712611084.8155673,377947454.2669259,13.15,9.086642565196025e-08,13.24,BID
688,1712611110.545563,377947454.2669259,13.15,0.0,13.24,BID
689,1712611125.785691,377957768.5011101,13.14,-2.054066105345936e-06,13.24,ASK
690,1712611126.805307,377958224.7748744,13.14,-9.086631708825905e-08,13.24,ASK
691,1712611140.3592722,377958224.7748744,13.14,-0.0,13.24,ASK
692,1712611152.2156043,377958681.0486386,13.15,9.086375614671713e-08,13.24,BID
693,1712611159.9065354,377966681.0486386,13.14,-1.5931445244596814e-06,13.24,ASK
694,1712611160.1860728,377973510.6842327,13.13,-1.3600745688315672e-06,13.24,ASK
695,1712611160.1931365,377974681.0486386,13.14,-2.330699556281142e-07,13.24,ASK
696,1712611170.373533,377974681.0486386,13.14,-0.0,13.24,ASK
697,1712611194.0856197,377975137.3224029,13.13,-9.085984471256224e-08,13.24,ASK
698,1712611200.392459,377975137.3224029,13.13,-0.0,13.24,ASK
699,1712611222.095822,377975593.9434074,13.14,9.092888375028728e-08,13.24,BID
700,1712611230.3493924,377975593.9434074,13.14,0.0,13.24,BID
701,1712611258.4057374,377976050.564412,13.13,-9.0928775119953e-08,13.24,ASK
702,1712611260.559594,377976050.564412,13.13,-0.0,13.24,ASK
703,1712611271.615896,377976431.447885,13.13,-7.584676562291872e-08,13.24,ASK
704,1712611276.3261962,377979574.8268804,13.14,6.259529405798564e-07,13.24,BID
705,1712611276.3340447,377995156.4815309,13.14,3.102833785478716e-06,13.24,BID
706,1712611284.9555593,377995612.7552951,13.15,9.085951928153204e-08,13.24,BID
707,1712611290.5599687,377995612.7552951,13.15,0.0,13.24,BID
708,1712611320.3706582,377995612.7552951,13.15,0.0,13.24,BID
709,1712611326.206335,377996069.02905935,13.14,-9.085486869988293e-08,13.24,ASK
710,1712611350.3663688,377996069.02905935,13.14,-0.0,13.24,ASK
711,1712611352.716014,377996525.3028236,13.15,9.085476023447425e-08,13.24,BID
712,1712611380.5400963,377996525.3028236,13.15,0.0,13.24,BID
713,1712611382.4860203,377996908.1512157,13.14,-7.623396310606572e-08,13.24,ASK
714,1712611386.2952113,378182429.8242194,13.15,3.694165280072707e-05,13.24,BID
715,1712611386.2980454,378204117.2766909,13.15,4.318473019150194e-06,13.24,BID
716,1712611391.385996,378204573.5504552,13.14,-9.085465168677889e-08,13.24,ASK
717,1712611401.3958251,378219002.1335586,13.15,2.873064363775946e-06,13.24,BID
718,1712611401.4056418,378266725.9306833,13.15,9.502910981602307e-06,13.24,BID
719,1712611401.6855948,378267106.1588202,13.15,7.571220974293862e-08,13.24,BID
720,1712611410.566196,378267106.1588202,13.15,0.0,13.24,BID
721,1712611419.647647,378267562.43258446,13.15,9.07903262058816e-08,13.24,BID
722,1712611440.3716292,378267562.43258446,13.15,0.0,13.24,BID
723,1712611459.068508,378268018.7063487,13.14,-9.079021781209518e-08,13.24,ASK
724,1712611470.1820138,378382326.36479694,13.15,2.274515438138924e-05,13.24,BID
725,1712611470.1852589,378398783.77187806,13.15,3.2747260320022524e-06,13.24,BID
726,1712611470.3582668,378398783.77187806,13.15,0.0,13.24,BID
727,1712611480.366536,378402583.16397536,13.16,7.557507453711016e-07,13.24,BID
728,1712611480.372787,378614354.7350288,13.16,4.212424476695228e-05,13.24,BID
729,1712611480.37887,378616354.7350288,13.16,3.978271923602179e-07,13.24,BID
730,1712611480.3834586,378638614.7721129,13.16,4.42782402750144e-06,13.24,BID
731,1712611485.7792983,378639070.3529785,13.17,9.062122833163281e-08,13.24,BID
732,1712611490.2556758,378811467.4980051,13.17,3.4292136088417746e-05,13.24,BID
733,1712611492.4477687,378845401.5633843,13.17,6.749946977588075e-06,13.24,BID
734,1712611492.454075,378861507.48166513,13.17,3.2036861250248264e-06,13.24,BID
735,1712611492.459177,379185018.5889824,13.17,6.435075776067524e-05,13.24,BID
736,1712611492.4619148,379234504.4899159,13.17,9.843418514907768e-06,13.24,BID
737,1712611500.5373943,379234504.4899159,13.17,0.0,13.24,BID
738,1712611523.5362225,379234960.0707815,13.17,-9.04235369874328e-08,13.24,ASK
739,1712611530.578869,379234960.0707815,13.17,-0.0,13.24,ASK
740,1712611556.1260717,379235415.3059864,13.18,9.035482274540085e-08,13.24,BID
741,1712611560.3715072,379235415.3059864,13.18,0.0,13.24,BID
742,1712611590.3595262,379235415.3059864,13.18,0.0,13.24,BID
743,1712611620.5403488,379235415.3059864,13.18,0.0,13.24,BID
744,1712611620.7268324,379235870.5411912,13.17,-9.035471515591845e-08,13.24,ASK
745,1712611641.5361068,379243870.5411912,13.17,-1.5878335276048815e-06,13.24,ASK
746,1712611645.1858344,379246019.33265066,13.17,-4.264903903914674e-07,13.24,ASK
747,1712611647.9598906,379246474.56785554,13.18,9.035471515591845e-08,13.24,BID
748,1712611650.5475836,379246474.56785554,13.18,0.0,13.24,BID
749,1712611666.116163,379246564.0974458,13.18,1.7769246938857934e-08,13.24,BID
750,1712611666.125806,379246944.21884185,13.18,7.544400610600259e-08,13.24,BID
751,1712611666.1304057,379254061.82126975,13.18,1.4126551322543626e-06,13.24,BID
752,1712611666.605934,379254554.2672928,13.18,9.77374626889095e-08,13.24,BID
753,1712611666.6122727,379257855.4479769,13.18,6.55196729966617e-07,13.24,BID
754,1712611680.366522,379257855.4479769,13.18,0.0,13.24,BID
755,1712611688.2563734,379258310.68318176,13.17,-9.034941332844033e-08,13.24,ASK
756,1712611710.369754,379258310.68318176,13.17,-0.0,13.24,ASK
757,1712611714.0128274,379273066.4068982,13.18,2.928528770178868e-06,13.24,BID
758,1712611714.0166686,379315046.2055872,13.18,8.331617654913677e-06,13.24,BID
759,1712611714.0195806,379352828.0244072,13.18,7.498455889411664e-06,13.24,BID
760,1712611714.022479,379385473.8799536,13.18,6.4791350822359854e-06,13.24,BID
761,1712611716.935995,379391780.8708351,13.18,-1.2517315046472775e-06,13.24,ASK
762,1712611717.275678,379392235.76090336,13.19,9.028080748116665e-08,13.24,BID
763,1712611740.569385,379392235.76090336,13.19,0.0,13.24,BID
764,1712611754.1308763,379392690.65097153,13.18,-9.024919119182201e-08,13.24,ASK
765,1712611766.0060267,379394217.3685288,13.18,-3.02897412716808e-07,13.24,ASK
766,1712611769.8958216,379460322.068117,13.18,-1.3115027320277075e-05,13.24,ASK
767,1712611770.560223,379460322.068117,13.18,-0.0,13.24,ASK
768,1712611770.9952176,379467374.7390506,13.19,1.398985362757184e-06,13.24,BID
769,1712611771.0016372,379479290.2016527,13.19,2.3635808231572675e-06,13.24,BID
770,1712611774.5160615,379482917.574532,13.19,7.195347140533531e-07,13.24,BID
771,1712611774.5226126,379858365.2585139,13.19,7.447473720475028e-05,13.24,BID
772,1712611800.6567664,379858365.2585139,13.19,0.0,13.24,BID
773,1712611814.3563025,379858820.14858216,13.19,9.031733377914157e-08,13.24,BID
774,1712611830.5524125,379858820.14858216,13.19,0.0,13.24,BID
775,1712611851.1062212,379859275.0386504,13.18,-9.031722618552761e-08,13.24,ASK
776,1712611860.385545,379859275.0386504,13.18,-0.0,13.24,ASK
777,1712611890.366669,379859275.0386504,13.18,-0.0,13.24,ASK
778,1712611911.5559552,379859729.9287186,13.19,9.031711867374188e-08,13.24,BID
779,1712611920.570588,379859729.9287186,13.19,0.0,13.24,BID
780,1712611947.9612038,379860184.81878686,13.18,-9.031701108064045e-08,13.24,ASK
781,1712611950.5560117,379860184.81878686,13.18,-0.0,13.24,ASK
782,1712611956.3258238,379875347.82106125,13.19,3.0105634523043364e-06,13.24,BID
783,1712611978.3819675,379875802.7111295,13.19,9.03169035693668e-08,13.24,BID
784,1712611980.3709652,379875802.7111295,13.19,0.0,13.24,BID
785,1712612010.3848348,379875802.7111295,13.19,0.0,13.24,BID
786,1712612015.6161747,379876257.6011977,13.18,-9.031320970382777e-08,13.24,ASK
787,1712612040.5567317,379876257.6011977,13.18,-0.0,13.24,ASK
788,1712612041.4061112,379877440.7798029,13.19,2.3490627243006722e-07,13.24,BID
789,1712612042.053697,379881562.5562318,13.19,8.183304975626935e-07,13.24,BID
790,1712612044.3558116,379882017.4463,13.19,9.03131022016041e-08,13.24,BID
791,1712612048.6527443,379883762.5145853,13.18,-3.464628959916544e-07,13.24,ASK
792,1712612070.566094,379883762.5145853,13.18,-0.0,13.24,ASK
793,1712612075.0160923,379885840.71471685,13.19,4.12594220027989e-07,13.24,BID
794,1712612075.025972,379897440.71471685,13.19,2.302999061398552e-06,13.24,BID
795,1712612075.0298998,380111093.8830178,13.19,4.241750397086192e-05,13.24,BID
796,1712612078.3460033,380111548.7730861,13.18,-9.031132760173729e-08,13.24,ASK
797,1712612100.3613043,380111548.7730861,13.18,-0.0,13.24,ASK
798,1712612106.166095,380112003.6631543,13.19,9.025766846904048e-08,13.24,BID
799,1712612122.3460145,380115036.2636092,13.19,6.01717789789661e-07,13.24,BID
800,1712612122.353876,380268973.6769824,13.19,3.054371372668817e-05,13.24,BID
801,1712612130.380695,380268973.6769824,13.19,0.0,13.24,BID
802,1712612143.8256433,380269428.5670506,13.19,-9.022049773761888e-08,13.24,ASK
803,1712612156.8560076,380273222.1937578,13.19,-7.524079192981414e-07,13.24,ASK
804,1712612160.545492,380273222.1937578,13.19,-0.0,13.24,ASK
805,1712612168.7760744,380273676.73921233,13.2,9.015114691493776e-08,13.24,BID
806,1712612179.7959518,380274438.3538353,13.19,-1.510529498801946e-07,13.24,ASK
807,1712612190.5460682,380274438.3538353,13.19,-0.0,13.24,ASK
808,1712612214.5566611,380274892.89928985,13.19,-9.015086002032397e-08,13.24,ASK
809,1712612220.3581786,380274892.89928985,13.19,-0.0,13.24,ASK
810,1712612243.0561514,380275347.4447444,13.2,9.01507528229794e-08,13.24,BID
811,1712612250.357403,380275347.4447444,13.2,0.0,13.24,BID
812,1712612280.015823,380275801.9901989,13.19,-9.015064553279689e-08,13.24,ASK
813,1712612280.5576134,380275801.9901989,13.19,-0.0,13.24,ASK
814,1712612293.716436,380285801.9901989,13.19,-1.9833118435803154e-06,13.24,ASK
815,1712612293.722248,380352815.5433814,13.19,-1.3290877370721732e-05,13.24,ASK
816,1712612305.3458672,380353270.4334496,13.19,9.021888598535929e-08,13.24,BID
817,1712612310.564037,380353270.4334496,13.19,0.0,13.24,BID
818,1712612340.3662658,380353270.4334496,13.19,0.0,13.24,BID
819,1712612347.645441,380353725.32351786,13.18,-9.02006062423359e-08,13.24,ASK
820,1712612370.3662932,380353725.32351786,13.18,-0.0,13.24,ASK
821,1712612374.795605,380354180.213586,13.19,9.02004989961957e-08,13.24,BID
822,1712612400.3987496,380354180.213586,13.19,0.0,13.24,BID
823,1712612410.0365124,380354635.1036543,13.18,-9.023617765116241e-08,13.24,ASK
824,1712612411.3858285,380355089.9937225,13.19,9.023617765116241e-08,13.24,BID
825,1712612430.0883236,380361089.9937225,13.18,-1.1902151832201328e-06,13.24,ASK
826,1712612430.369391,380361089.9937225,13.18,-0.0,13.24,ASK
827,1712612432.9160595,380376849.5229626,13.18,-3.126148684902005e-06,13.24,ASK
828,1712612432.9242997,380434093.8576052,13.18,-1.1355307556086746e-05,13.24,ASK
829,1712612438.1987689,380434548.7476734,13.19,9.02345474229256e-08,13.24,BID
830,1712612460.5457275,380434548.7476734,13.19,0.0,13.24,BID
831,1712612479.4055276,380435003.6377416,13.18,-9.021722068361197e-08,13.24,ASK
832,1712612490.5394545,380435003.6377416,13.18,-0.0,13.24,ASK
833,1712612494.9662125,380443003.6377416,13.18,-1.5866183011684558e-06,13.24,ASK
834,1712612507.1256523,380443458.52780986,13.19,9.021711340978328e-08,13.24,BID
835,1712612520.3690257,380443458.52780986,13.19,0.0,13.24,BID
836,1712612521.2359588,380447301.7253502,13.18,-7.62194098360487e-07,13.24,ASK
837,1712612546.3657024,380447756.6154184,13.18,-9.021511951193522e-08,13.24,ASK
838,1712612550.3765087,380447756.6154184,13.18,-0.0,13.24,ASK
839,1712612560.9162393,380455343.8688327,13.18,-1.5047092284543612e-06,13.24,ASK
840,1712612560.9233282,381116192.0434698,13.18,-0.0001310598569322,13.24,ASK
841,1712612560.928542,381116578.993394,13.18,-7.674017065970706e-08,13.24,ASK
842,1712612572.7159956,381117033.8834621,13.19,9.021410596687225e-08,13.24,BID
843,1712612580.562121,381117033.8834621,13.19,0.0,13.24,BID
844,1712612610.5525308,381117033.8834621,13.19,0.0,13.24,BID
845,1712612614.7765207,381117488.7735304,13.17,-9.00565608203261e-08,13.24,ASK
846,1712612622.9860637,381202223.8863261,13.17,-1.677537799131551e-05,13.24,ASK
847,1712612622.994564,381299406.6053791,13.17,-1.923968461891191e-05,13.24,ASK
848,1712612633.055551,381300406.6053791,13.17,-1.979743395368998e-07,13.24,ASK
849,1712612640.38312,381300406.6053791,13.17,-0.0,13.24,ASK
850,1712612649.3759663,381300786.6053791,13.18,7.519429774737249e-08,13.24,BID
851,1712612670.3571382,381300786.6053791,13.18,0.0,13.24,BID
852,1712612671.1255317,381301241.8405839,13.18,9.008173056692444e-08,13.24,BID
853,1712612700.39618,381301241.8405839,13.18,0.0,13.24,BID
854,1712612713.2755566,381301697.0757888,13.17,-9.01636829354674e-08,13.24,ASK
855,1712612722.905786,381302077.0757888,13.18,7.526263160894187e-08,13.24,BID
856,1712612730.3449929,381302077.0757888,13.18,0.0,13.24,BID
857,1712612749.9156508,381317251.5826173,13.18,3.0054495479880943e-06,13.24,BID
858,1712612760.5839689,381317251.5826173,13.18,0.0,13.24,BID
859,1712612767.1756256,381329343.86050326,13.18,2.3948911139106265e-06,13.24,BID
860,1712612767.1823754,381336978.4414944,13.18,1.5120385378506337e-06,13.24,BID
861,1712612772.4556944,381337433.6766992,13.18,9.015991504463992e-08,13.24,BID
862,1712612790.5806994,381337433.6766992,13.18,0.0,13.24,BID
863,1712612808.775504,381337888.911904,13.17,-9.015516551081737e-08,13.24,ASK
864,1712612820.3456495,381337888.911904,13.17,-0.0,13.24,ASK
865,1712612834.125813,381338344.1471089,13.18,9.015505847759613e-08,13.24,BID
866,1712612850.3866763,381338344.1471089,13.18,0.0,13.24,BID
867,1712612869.2106342,381338723.5097796,13.18,7.512912612432083e-08,13.24,BID
868,1712612879.5858283,381339178.7449845,13.17,-9.01549513397417e-08,13.24,ASK
869,1712612880.5694544,381339178.7449845,13.17,-0.0,13.24,ASK
870,1712612887.1205132,381340178.7449845,13.17,-1.9803994521994177e-07,13.24,ASK
871,1712612889.9122672,381345827.1449845,13.17,-1.1186088265874017e-06,13.24,ASK
872,1712612901.3307135,381346207.1449845,13.18,7.525517918357788e-08,13.24,BID
873,1712612905.5139098,381346662.3801893,13.18,9.01547550239228e-08,13.24,BID
874,1712612910.5844154,381346662.3801893,13.18,0.0,13.24,BID
875,1712612940.3859162,381346662.3801893,13.18,0.0,13.24,BID
876,1712612942.9386876,381347117.6153942,13.17,-9.01529952161509e-08,13.24,ASK
877,1712612970.3325908,381347572.850599,13.18,9.015299520434705e-08,13.24,BID
878,1712612970.3761392,381347572.850599,13.18,0.0,13.24,BID
879,1712613000.4098177,381347572.850599,13.18,0.0,13.24,BID
880,1712613006.9360895,381348028.0858039,13.17,-9.01530122582982e-08,13.24,ASK
881,1712613030.3665528,381348028.0858039,13.17,-0.0,13.24,ASK
882,1712613033.4261672,381369561.7322604,13.17,-4.264434664128637e-06,13.24,ASK
883,1712613033.4371157,381369948.9759962,13.17,-7.668815468404388e-08,13.24,ASK
884,1712613033.4427526,381577032.45286304,13.16,-4.100995894501875e-05,13.24,ASK
885,1712613033.4466734,381579308.6288873,13.17,-4.507645260683227e-07,13.24,ASK
886,1712613033.4506087,381798117.82717353,13.17,-4.3332072525907126e-05,13.24,ASK
887,1712613033.4545972,382078423.6050541,13.16,-5.551060189281562e-05,13.24,ASK
888,1712613060.5173984,382078423.6050541,13.16,-0.0,13.24,ASK
889,1712613064.2861028,382078878.840259,13.18,8.998158000821696e-08,13.24,BID
890,1712613090.5606833,382078878.840259,13.18,0.0,13.24,BID
891,1712613104.9063022,382079334.07546383,13.16,-8.998147328225721e-08,13.24,ASK
892,1712613112.696519,382231541.076986,13.16,-3.0085129831677243e-05,13.24,ASK
893,1712613120.35027,382231541.076986,13.16,-0.0,13.24,ASK
894,1712613127.9663308,382231996.3121908,13.18,8.994575542119207e-08,13.24,BID
895,1712613150.3816154,382231996.3121908,13.18,0.0,13.24,BID
896,1712613170.6163323,382232451.5473957,13.16,-8.994564880374625e-08,13.24,ASK
897,1712613180.5582263,382232451.5473957,13.16,-0.0,13.24,ASK
898,1712613202.876576,382273215.5522111,13.16,-8.054167343966934e-06,13.24,ASK
899,1712613210.546406,382273215.5522111,13.16,-0.0,13.24,ASK
900,1712613224.8303978,382349761.70575553,13.16,-1.5122414828180966e-05,13.24,ASK
901,1712613240.3623526,382349761.70575553,13.16,-0.0,13.24,ASK
902,1712613253.7466614,382370233.8146919,13.17,-4.043653538599688e-06,13.24,ASK
903,1712613260.6668105,382370689.0498968,13.18,8.991811507116276e-08,13.24,BID
904,1712613270.3578234,382370689.0498968,13.18,0.0,13.24,BID
905,1712613292.443006,382375320.78869706,13.17,-9.148118294942004e-07,13.24,ASK
906,1712613296.5376348,382375776.02390194,13.17,-8.99132201920514e-08,13.24,ASK
907,1712613300.5605972,382375776.02390194,13.17,-0.0,13.24,ASK
908,1712613311.8663394,382377663.4716803,13.18,3.728065216558801e-07,13.24,BID
909,1712613325.7828867,382378118.7068852,13.18,8.991753584505276e-08,13.24,BID
910,1712613330.5572824,382378118.7068852,13.18,0.0,13.24,BID
911,1712613360.3920157,382378118.7068852,13.18,0.0,13.24,BID
912,1712613390.353417,382378118.7068852,13.18,0.0,13.24,BID
913,1712613392.6612515,382378573.94209,13.17,-8.991698745627153e-08,13.24,ASK
914,1712613392.926393,382386573.94209,13.17,-1.580141193036976e-06,13.24,ASK
915,1712613420.5565684,382386573.94209,13.17,-0.0,13.24,ASK
916,1712613421.2466085,382387029.17729485,13.18,8.991500981741387e-08,13.24,BID
917,1712613450.549317,382387029.17729485,13.18,0.0,13.24,BID
918,1712613456.246704,382387484.41249967,13.17,-8.991490324930297e-08,13.24,ASK
919,1712613471.1365964,382390544.41249967,13.17,-6.043899967142405e-07,13.24,ASK
920,1712613480.3950782,382390544.41249967,13.17,-0.0,13.24,ASK
921,1712613485.826446,382390999.6477045,13.18,8.991408108711986e-08,13.24,BID
922,1712613485.8463938,382391428.0999048,13.18,8.462413597754741e-08,13.24,BID
923,1712613510.3365452,382391428.0999048,13.18,0.0,13.24,BID
924,1712613519.0468843,382391883.3351097,13.17,-8.991387424801164e-08,13.24,ASK
925,1712613521.2731564,382394883.3351097,13.18,5.925324312688502e-07,13.24,BID
926,1712613540.5775423,382394883.3351097,13.18,0.0,13.24,BID
927,1712613546.217107,382396691.5070471,13.18,3.5713029279120386e-07,13.24,BID
928,1712613546.2247393,382463442.9898896,13.18,1.3184020899470688e-05,13.24,BID
929,1712613549.3465934,382463898.2250945,13.18,8.991306559299227e-08,13.24,BID
930,1712613557.5966518,382466498.8216096,13.18,5.136413057262843e-07,13.24,BID
931,1712613570.5966125,382466498.8216096,13.18,0.0,13.24,BID
932,1712613585.960956,382466954.0568144,13.17,-8.98963064627781e-08,13.24,ASK
933,1712613600.7264514,382466954.0568144,13.17,-0.0,13.24,ASK
934,1712613608.493533,382472954.0568144,13.17,-1.1850577383036582e-06,13.24,ASK
935,1712613608.49729,382493424.5873435,13.17,-4.043126768444948e-06,13.24,ASK
936,1712613615.9266417,382493880.16820914,13.17,8.998160503798613e-08,13.24,BID
937,1712613630.5597615,382493880.16820914,13.17,0.0,13.24,BID
938,1712613641.476744,382494335.7490748,13.17,8.997530314546766e-08,13.24,BID
939,1712613650.533541,382494791.3299403,13.16,-8.997530313369598e-08,13.24,ASK
940,1712613660.4349694,382494791.3299403,13.16,-0.0,13.24,ASK
941,1712613668.046659,382495219.741399,13.17,8.460925920163595e-08,13.24,BID
942,1712613680.048464,382495675.3222646,13.17,8.997508999000483e-08,13.24,BID
943,1712613690.3599637,382495675.3222646,13.17,0.0,13.24,BID
944,1712613715.3566628,382496130.9031302,13.16,-8.997488310115477e-08,13.24,ASK
945,1712613720.5984678,382496130.9031302,13.16,-0.0,13.24,ASK
946,1712613740.8667712,382496586.4839958,13.17,8.997477657654113e-08,13.24,BID
947,1712613741.2464683,382609480.1952386,13.16,-2.2295902248020527e-05,13.24,ASK
948,1712613750.558656,382609480.1952386,13.16,-0.0,13.24,ASK
949,1712613761.8965895,382643674.724114,13.16,-6.75124707389097e-06,13.24,ASK
950,1712613780.3767056,382643674.724114,13.16,-0.0,13.24,ASK
951,1712613784.9169326,382644130.3049796,13.16,-8.994028702834588e-08,13.24,ASK
952,1712613810.3671143,382644130.3049796,13.16,-0.0,13.24,ASK
953,1712613813.636913,382644585.8858452,13.17,8.9940180562106e-08,13.24,BID
954,1712613840.5504556,382644585.8858452,13.17,0.0,13.24,BID
955,1712613851.0669663,382645041.4667108,13.16,-8.994007403876008e-08,13.24,ASK
956,1712613861.8298063,382948762.0437799,13.17,5.996004935681603e-05,13.24,BID
957,1712613870.5666254,382948762.0437799,13.17,0.0,13.24,BID
958,1712613881.996761,382949217.6246455,13.17,8.986900045743238e-08,13.24,BID
959,1712613900.366786,382949217.6246455,13.17,0.0,13.24,BID
960,1712613913.676314,383400265.5999819,13.17,8.89918323701877e-05,13.24,BID
961,1712613913.6864896,383405330.7340815,13.17,9.993517084034143e-07,13.24,BID
962,1712613913.6936886,383751980.2608281,13.17,6.839400299364117e-05,13.24,BID
963,1712613919.296507,383752435.8416937,13.17,-8.988617229512858e-08,13.24,ASK
964,1712613925.136593,383756941.5890381,13.18,8.889846187187269e-07,13.24,BID
965,1712613930.348605,383756941.5890381,13.18,0.0,13.24,BID
966,1712613948.406582,383759961.020142,13.18,5.944864760657527e-07,13.24,BID
967,1712613950.5264883,383760416.2553469,13.18,8.962985523308052e-08,13.24,BID
968,1712613960.560419,383760416.2553469,13.18,0.0,13.24,BID
969,1712613981.8403082,383760871.4905517,13.17,-8.962904706730693e-08,13.24,ASK
970,1712613990.5765224,383760871.4905517,13.17,-0.0,13.24,ASK
971,1712614011.416616,383797235.12691534,13.17,-7.159451187973546e-06,13.24,ASK
972,1712614014.6466546,383797690.3621202,13.18,8.962894127973583e-08,13.24,BID
973,1712614020.386585,383797690.3621202,13.18,0.0,13.24,BID
974,1712614049.1869657,383798145.597325,13.17,-8.962038509497882e-08,13.24,ASK
975,1712614050.3670485,383798145.597325,13.17,-0.0,13.24,ASK
976,1712614065.146743,383902140.455349,13.17,-2.047303926619894e-05,13.24,ASK
977,1712614076.0869856,383902595.6905539,13.18,8.962027932785499e-08,13.24,BID
978,1712614080.5445216,383902595.6905539,13.18,0.0,13.24,BID
979,1712614110.6092606,383902595.6905539,13.18,0.0,13.24,BID
980,1712614116.92692,383902989.0087012,13.17,-7.740995980809905e-08,13.24,ASK
981,1712614116.9349897,383903050.9257587,13.16,-1.2186055910440972e-08,13.24,ASK
982,1712614124.5667984,383904050.9257587,13.16,-1.968125812123432e-07,13.24,ASK
983,1712614128.8900874,383904549.9014795,13.18,9.820469956569605e-08,13.24,BID
984,1712614135.4668908,383969447.7973744,13.18,1.2772722406322256e-05,13.24,BID
985,1712614135.4760835,383980422.43562216,13.18,2.159946881418853e-06,13.24,BID
986,1712614140.3381088,383980422.43562216,13.18,0.0,13.24,BID
987,1712614145.0867858,383980877.670827,13.18,8.957793200955322e-08,13.24,BID
988,1712614170.3687177,383980877.670827,13.18,0.0,13.24,BID
989,1712614181.3786836,383981332.9060319,13.16,-8.957782626237282e-08,13.24,ASK
990,1712614200.4172592,383981332.9060319,13.16,-0.0,13.24,ASK
991,1712614230.3527417,383981332.9060319,13.16,-0.0,13.24,ASK
992,1712614260.6292486,383981332.9060319,13.16,-0.0,13.24,ASK
993,1712614275.9192684,383981788.1412367,13.18,8.968910274890041e-08,13.24,BID
994,1712614289.4267676,383989788.1412367,13.17,-1.5761364989060562e-06,13.24,ASK
995,1712614290.5693147,383989788.1412367,13.17,-0.0,13.24,ASK
996,1712614291.8769016,383997375.3946509,13.18,1.4947855837472245e-06,13.24,BID
997,1712614312.296355,383997830.6298558,13.17,-8.968713502929577e-08,13.24,ASK
998,1712614320.339438,383997830.6298558,13.17,-0.0,13.24,ASK
999,1712614340.0701406,383998285.8650607,13.18,8.968526218097307e-08,13.24,BID
1000,1712614350.377673,383998285.8650607,13.18,0.0,13.24,BID
1201,1712614352.696565,384000570.70892966,13.17,-4.501334189768884e-07,13.24,ASK
1202,1712614375.656493,384001025.9441345,13.17,-8.968515616847675e-08,13.24,ASK
1203,1712614380.526964,384001025.9441345,13.17,-0.0,13.24,ASK
1204,1712614406.4667764,384001481.17933935,13.18,8.968451855266419e-08,13.24,BID
1205,1712614406.6668692,384002240.480782,13.17,-1.4958769357675125e-07,13.24,ASK
1206,1712614410.5471475,384002240.480782,13.17,-0.0,13.24,ASK
1207,1712614440.4234583,384002240.480782,13.17,-0.0,13.24,ASK
1208,1712614440.8998144,384002695.7159869,13.17,-8.968423586966146e-08,13.24,ASK
1209,1712614470.3716972,384002695.7159869,13.17,-0.0,13.24,ASK
1210,1712614490.464843,384066178.0442558,13.17,-1.2506408371732636e-05,13.24,ASK
1211,1712614490.4680574,384078799.216748,13.17,-2.4864484592986623e-06,13.24,ASK
1212,1712614498.776239,384079254.4519528,13.18,8.968412992828142e-08,13.24,BID
1213,1712614500.3877664,384079254.4519528,13.18,0.0,13.24,BID
1214,1712614530.390546,384079254.4519528,13.18,0.0,13.24,BID
1215,1712614541.5683043,384079709.6871576,13.17,-8.96681220832086e-08,13.24,ASK
1216,1712614560.5562596,384079709.6871576,13.17,-0.0,13.24,ASK
1217,1712614570.1167707,384080164.9223625,13.18,8.966801617989248e-08,13.24,BID
1218,1712614573.2587862,384217832.9148173,13.17,-2.711656665457408e-05,13.24,ASK
1219,1712614573.2606013,384305425.9292441,13.17,-1.7253261065435196e-05,13.24,ASK
1220,1712614573.2620978,384316809.7589693,13.17,-2.242281390345869e-06,13.24,ASK
1221,1712614590.558371,384316809.7589693,13.17,-0.0,13.24,ASK
1222,1712614601.338267,384317264.9941741,13.16,-8.961289857464386e-08,13.24,ASK
1223,1712614611.0264363,384317711.9591415,13.16,-8.7984905085605e-08,13.24,ASK
1224,1712614611.0366192,384544378.59247386,13.16,-4.461925134126172e-05,13.24,ASK
1225,1712614611.039239,384692474.622954,13.16,-2.915265431655876e-05,13.24,ASK
1226,1712614614.8464944,384768462.4648993,13.16,1.4958181399665088e-05,13.24,BID
1227,1712614620.3737674,384768462.4648993,13.16,0.0,13.24,BID
1228,1712614626.746568,385158229.7187616,13.15,-7.663588830049492e-05,13.24,ASK
1229,1712614626.7586887,385158997.8556436,13.15,-1.5103077980573198e-07,13.24,ASK
1230,1712614626.7614875,385166602.4183813,13.15,-1.4952062154049424e-06,13.24,ASK
1231,1712614626.764281,385470784.92788696,13.15,-5.9808248616185975e-05,13.24,ASK
1232,1712614639.2763472,385473066.2967083,13.15,4.4856186462734243e-07,13.24,BID
1233,1712614641.8865166,385562597.6492901,13.15,1.7603620283287493e-05,13.24,BID
1234,1712614645.0865812,385563096.4887086,13.17,9.808161557844485e-08,13.24,BID
1235,1712614650.364786,385563096.4887086,13.17,0.0,13.24,BID
1236,1712614667.7166607,385563552.06957424,13.17,8.939247269335642e-08,13.24,BID
1237,1712614671.349769,385679843.9504631,13.17,2.28183832361683e-05,13.24,BID
1238,1712614671.3526175,385680796.2609181,13.17,1.868590030228927e-07,13.24,BID
1239,1712614674.640139,385683293.7609181,13.16,-4.900506526916105e-07,13.24,ASK
1240,1712614680.5490956,385683293.7609181,13.16,-0.0,13.24,ASK
1241,1712614699.3185897,385683749.34178376,13.16,-8.936471552963005e-08,13.24,ASK
1242,1712614710.5417778,385683749.34178376,13.16,-0.0,13.24,ASK
1243,1712614718.397354,385685267.9446691,13.17,2.9788203476988655e-07,13.24,BID
1244,1712614730.4764345,385685723.5255347,13.17,8.936461042161256e-08,13.24,BID
1245,1712614740.3802266,385685723.5255347,13.17,0.0,13.24,BID
1246,1712614749.316522,385692770.4446691,13.16,-1.382283627379054e-06,13.24,ASK
1247,1712614751.809105,385700369.22886366,13.16,1.4905343426963947e-06,13.24,BID
1248,1712614753.9563174,385702818.7277247,13.16,4.804797821955523e-07,13.24,BID
1249,1712614763.2066002,385703274.3085903,13.15,-8.93641546726913e-08,13.24,ASK
1250,1712614770.3913622,385703274.3085903,13.15,-0.0,13.24,ASK
1251,1712614774.618834,385704794.0654292,13.16,2.980933635480912e-07,13.24,BID
1252,1712614792.7896504,385705249.9924808,13.16,8.94280090655965e-08,13.24,BID
1253,1712614800.428584,385705249.9924808,13.16,0.0,13.24,BID
1254,1712614825.9674556,385712848.77667534,13.16,1.490491423529314e-06,13.24,BID
1255,1712614826.4470177,385720447.5608699,13.16,1.490491423529314e-06,13.24,BID
1256,1712614826.4499228,386425783.4308325,13.16,0.000138350693739,13.24,BID
1257,1712614827.676947,386426239.3578841,13.16,-8.942948541012206e-08,13.24,ASK
1258,1712614830.3836772,386426239.3578841,13.16,-0.0,13.24,ASK
1259,1712614842.3273337,386430085.5117303,13.16,-7.53016526309221e-07,13.24,ASK
1260,1712614854.9127998,386430541.0925959,13.17,8.91955794168188e-08,13.24,BID
1261,1712614860.556585,386430541.0925959,13.17,0.0,13.24,BID
1262,1712614888.2386298,386437003.7562527,13.16,-1.2652740349326996e-06,13.24,ASK
1263,1712614888.798432,386437459.3371182,13.16,-8.919459074800568e-08,13.24,ASK
1264,1712614890.5883806,386437459.3371182,13.16,-0.0,13.24,ASK
1265,1712614918.909408,386437914.91798383,13.17,8.919300091163805e-08,13.24,BID
1266,1712614920.3599966,386437914.91798383,13.17,0.0,13.24,BID
1267,1712614950.3724651,386437914.91798383,13.17,0.0,13.24,BID
1268,1712614957.809487,386438370.4988495,13.16,-8.919289613925624e-08,13.24,ASK
1269,1712614970.4764996,386441370.4988495,13.16,-5.873352210538971e-07,13.24,ASK
1270,1712614980.5824466,386441370.4988495,13.16,-0.0,13.24,ASK
1271,1712614987.837548,386441826.079715,13.17,8.919210204048933e-08,13.24,BID
1272,1712614992.490095,386457562.24771774,13.16,-3.0807744756664032e-06,13.24,ASK
1273,1712615010.5533729,386457562.24771774,13.16,-0.0,13.24,ASK
1274,1712615023.241065,386458017.82858336,13.16,-8.918838132229664e-08,13.24,ASK
1275,1712615040.3808482,386458017.82858336,13.16,-0.0,13.24,ASK
1276,1712615046.7740805,386458625.36406994,13.16,-1.1893616948087365e-07,13.24,ASK
1277,1712615051.861005,386466625.36406994,13.16,-1.5661461377422856e-06,13.24,ASK
1278,1712615053.461003,386467080.9449355,13.17,8.918827662864432e-08,13.24,BID
1279,1712615070.3838902,386467080.9449355,13.17,0.0,13.24,BID
1280,1712615081.1478617,386467842.2954676,13.17,1.490447941661482e-07,13.24,BID
1281,1712615087.4870882,386468297.8763331,13.16,-8.918619410490126e-08,13.24,ASK
1282,1712615097.1019776,386469830.6710595,13.17,3.000655609636629e-07,13.24,BID
1283,1712615097.1052845,386474840.01149184,13.17,9.806469979498417e-07,13.24,BID
1284,1712615100.5626092,386474840.01149184,13.17,0.0,13.24,BID
1285,1712615116.08056,386480900.2311922,13.17,1.187105016794956e-06,13.24,BID
1286,1712615130.5524032,386480900.2311922,13.17,0.0,13.24,BID
1287,1712615139.4431057,386484500.2311922,13.17,-7.051743103323654e-07,13.24,ASK
1288,1712615146.4524589,386484955.46639705,13.18,8.91722698991867e-08,13.24,BID
1289,1712615160.3929772,386484955.46639705,13.18,0.0,13.24,BID
1290,1712615178.1060133,386488749.0931041,13.18,7.430944745385602e-07,13.24,BID
1291,1712615189.3432474,386489204.328309,13.17,-8.917133694976437e-08,13.24,ASK
1292,1712615190.3561249,386489204.328309,13.17,-0.0,13.24,ASK
1293,1712615203.9162014,386565038.9451432,13.18,1.4854299332380558e-05,13.24,BID
1294,1712615211.2233906,386573102.9736197,13.18,1.579562181691771e-06,13.24,BID
1295,1712615211.225425,386640873.5619775,13.18,1.3274737150688787e-05,13.24,BID
1296,1712615211.8634202,386641328.7971823,13.18,8.917035888444975e-08,13.24,BID
1297,1712615215.3145242,386717163.4140165,13.18,1.4854299332380558e-05,13.24,BID
1298,1712615220.0533392,386792998.0308507,13.18,1.4854299332380558e-05,13.24,BID
1299,1712615220.5533636,386792998.0308507,13.18,0.0,13.24,BID
1300,1712615232.1538856,386793282.4560103,13.18,5.566884411093474e-08,13.24,BID
1301,1712615232.156231,386868832.6476849,13.18,1.478698948149718e-05,13.24,BID
1302,1712615243.1536777,386875621.89342624,13.18,1.3288186719148053e-06,13.24,BID
1303,1712615250.234813,386876077.1286311,13.17,-8.910047793246697e-08,13.24,ASK
1304,1712615250.583428,386876077.1286311,13.17,-0.0,13.24,ASK
1305,1712615257.8039217,386879737.1286311,13.18,7.161965318507234e-07,13.24,BID
1306,1712615257.8074338,386887737.1286311,13.18,1.5654569002201604e-06,13.24,BID
1307,1712615257.8107226,386929747.78237873,13.18,8.220733473996106e-06,13.24,BID
1308,1712615273.4283535,386930202.67244697,13.19,8.901384951962378e-08,13.24,BID
1309,1712615280.3825953,386930202.67244697,13.19,0.0,13.24,BID
1310,1712615284.883901,386930964.28707,13.18,-1.4901355673275657e-07,13.24,ASK
1311,1712615310.3657098,386930964.28707,13.18,-0.0,13.24,ASK
1312,1712615314.6244693,386931552.2478568,13.18,-1.1503712421300918e-07,13.24,ASK
1313,1712615318.421234,386932007.137925,13.18,-8.900125051818095e-08,13.24,ASK
1314,1712615327.554477,386942007.137925,13.18,-1.956544157226816e-06,13.24,ASK
1315,1712615327.5582492,386986532.01869935,13.18,-8.711489533021475e-06,13.24,ASK
1316,1712615340.3966632,386986532.01869935,13.18,-0.0,13.24,ASK
1317,1712615343.714611,386986987.25390416,13.18,8.905601682979902e-08,13.24,BID
1318,1712615370.3652134,386986987.25390416,13.18,0.0,13.24,BID
1319,1712615377.6816912,386987442.489109,13.17,-8.905591231134285e-08,13.24,ASK
1320,1712615400.5001843,386987442.489109,13.17,-0.0,13.24,ASK
1321,1712615405.5150056,386987897.7243139,13.18,8.906465408074291e-08,13.24,BID
1322,1712615430.4170413,386987897.7243139,13.18,0.0,13.24,BID
1323,1712615448.1058626,386988352.95951873,13.17,-8.906454951868813e-08,13.24,ASK
1324,1712615460.568823,386988352.95951873,13.17,-0.0,13.24,ASK
1325,1712615474.8859036,386988808.1947236,13.18,8.90644450595263e-08,13.24,BID
1326,1712615490.5849793,386988808.1947236,13.18,0.0,13.24,BID
1327,1712615511.2211034,386989263.4299284,13.17,-8.906434049796226e-08,13.24,ASK
1328,1712615516.5157998,386996781.5899285,13.17,-1.4708879170083925e-06,13.24,ASK
1329,1712615520.386292,386996781.5899285,13.17,-0.0,13.24,ASK
1330,1712615536.0943935,386997236.82513326,13.18,8.906251074686618e-08,13.24,BID
1331,1712615550.404071,386997236.82513326,13.18,0.0,13.24,BID
1332,1712615578.7072225,386997692.0603381,13.17,-8.906240621316575e-08,13.24,ASK
1333,1712615580.5784268,386997692.0603381,13.17,-0.0,13.24,ASK
1334,1712615602.7968676,387004692.0603381,13.17,-1.3694813264763582e-06,13.24,ASK
1335,1712615607.0865889,387005147.295543,13.18,8.906230174737061e-08,13.24,BID
1336,1712615610.5866444,387005147.295543,13.18,0.0,13.24,BID
1337,1712615640.3695648,387005147.295543,13.18,0.0,13.24,BID
1338,1712615647.4770873,387011020.805543,13.17,-1.1490725358282078e-06,13.24,ASK
1339,1712615648.2768805,387011476.0407478,13.17,-8.90605908897556e-08,13.24,ASK
1340,1712615670.3864136,387011476.0407478,13.17,-0.0,13.24,ASK
1341,1712615671.7297957,387014790.5607479,13.17,-6.484302909648745e-07,13.24,ASK
1342,1712615674.902365,387015245.7959527,13.18,8.905913867244597e-08,13.24,BID
1343,1712615689.2771628,387023245.7959527,13.18,1.5650659304078908e-06,13.24,BID
1344,1712615700.5900476,387023245.7959527,13.18,0.0,13.24,BID
1345,1712615702.227333,387029284.8359527,13.17,-1.1821006348346854e-06,13.24,ASK
1346,1712615710.5374165,387029740.0711575,13.17,-8.910916712093635e-08,13.24,ASK
1347,1712615730.5647068,387029740.0711575,13.17,-0.0,13.24,ASK
1348,1712615738.6781085,387030195.3063624,13.18,8.910767530677637e-08,13.24,BID
1349,1712615754.0176606,387031513.79649895,13.18,2.5808107485063985e-07,13.24,BID
1350,1712615758.1855164,387034517.4364989,13.17,-5.879320733342376e-07,13.24,ASK
1351,1712615760.3752763,387034517.4364989,13.17,-0.0,13.24,ASK
1352,1712615763.8776028,387036034.8871818,13.18,2.970219253311443e-07,13.24,BID
1353,1712615790.3877814,387036034.8871818,13.18,0.0,13.24,BID
1354,1712615805.578231,387036490.1223866,13.17,-8.910622876149201e-08,13.24,ASK
1355,1712615820.568099,387036490.1223866,13.17,-0.0,13.24,ASK
1356,1712615834.3582416,387036945.3575915,13.18,8.910612420453507e-08,13.24,BID
1357,1712615843.2681384,387049426.5980032,13.18,2.443033725061793e-06,13.24,BID
1358,1712615850.5612772,387049426.5980032,13.18,0.0,13.24,BID
1359,1712615880.8470502,387163235.3992171,13.18,2.227578762687957e-05,13.24,BID
1360,1712615882.21288,387163235.3992171,13.18,0.0,13.24,BID
1361,1712615891.8409932,387269798.7679288,13.17,-2.085151779949325e-05,13.24,ASK
1362,1712615894.248319,387270864.4016159,13.17,-2.0851517798758482e-07,13.24,ASK
1363,1712615899.638312,387271319.63682073,13.17,-8.907699796073567e-08,13.24,ASK
1364,1712615910.3847158,387271319.63682073,13.17,-0.0,13.24,ASK
1365,1712615929.0505145,387271774.8720256,13.18,8.905219391669134e-08,13.24,BID
1366,1712615940.5735416,387271774.8720256,13.18,0.0,13.24,BID
1367,1712615958.3492167,387275633.0120256,13.17,-7.547206905345904e-07,13.24,ASK
1368,1712615970.573747,387275633.0120256,13.17,-0.0,13.24,ASK
1369,1712615978.0932872,387292311.879746,13.17,-3.2626502524746164e-06,13.24,ASK
1370,1712615978.098736,387313193.8248063,13.17,-4.084838639256103e-06,13.24,ASK
1371,1712615997.7535915,387313649.0600111,13.17,-8.9051204244173e-08,13.24,ASK
1372,1712616000.4592717,387313649.0600111,13.17,-0.0,13.24,ASK
1373,1712616004.5090046,387314407.7853525,13.18,1.4840451449288788e-07,13.24,BID
1374,1712616018.2088864,387412944.8152028,13.16,-1.9273562217872098e-05,13.24,ASK
1375,1712616018.2127168,387507945.5176288,13.17,-1.858186665185523e-05,13.24,ASK
1376,1712616027.4387665,387508400.75283366,13.18,8.90427086980644e-08,13.24,BID
1377,1712616030.388378,387508400.75283366,13.18,0.0,13.24,BID
1378,1712616039.4287364,387514590.4397652,13.17,-1.210078278247522e-06,13.24,ASK
1379,1712616060.5492096,387514590.4397652,13.17,-0.0,13.24,ASK
1380,1712616065.129093,387515045.67497,13.17,-8.899665847437008e-08,13.24,ASK
1381,1712616071.9989665,387516652.6491087,13.17,-3.1415700517898245e-07,13.24,ASK
1382,1712616079.7191863,387517115.6120717,13.17,-9.050740423234089e-08,13.24,ASK
1383,1712616090.5492527,387517115.6120717,13.17,-0.0,13.24,ASK
1384,1712616095.5191624,387517570.84727657,13.18,8.89960798765618e-08,13.24,BID
1385,1712616120.38726,387517570.84727657,13.18,0.0,13.24,BID
1386,1712616127.3295538,387518026.0824814,13.17,-8.899597547544843e-08,13.24,ASK
1387,1712616150.3752563,387518026.0824814,13.17,-0.0,13.24,ASK
1388,1712616159.419229,387518481.3176863,13.18,8.899587117708737e-08,13.24,BID
1389,1712616180.5546997,387518481.3176863,13.18,0.0,13.24,BID
1390,1712616182.219866,387526481.3176863,13.18,1.5639522749557298e-06,13.24,BID
1391,1712616182.222957,387684403.74544805,13.18,3.087289252057353e-05,13.24,BID
1392,1712616182.2259357,387722571.68437934,13.18,7.461604365244578e-06,13.24,BID
1393,1712616182.3431044,388035600.4135517,13.19,6.119524913944952e-05,13.24,BID
1394,1712616182.3469388,388266469.0075357,13.19,4.513343284712832e-05,13.24,BID
1395,1712616195.1635597,388266924.2427405,13.18,-8.899576678811599e-08,13.24,ASK
1396,1712616210.5606866,388266924.2427405,13.18,-0.0,13.24,ASK
1397,1712616223.699588,388267379.1328088,13.19,8.875703705714262e-08,13.24,BID
1398,1712616240.3723826,388267379.1328088,13.19,0.0,13.24,BID
1399,1712616270.3976371,388267379.1328088,13.19,0.0,13.24,BID
1400,1712616278.6196036,388267758.9660157,13.19,7.411203917487812e-08,13.24,BID
1401,1712616278.6301491,388347104.46310073,13.19,1.548168111869511e-05,13.24,BID
1402,1712616278.6386638,388360170.4037411,13.19,2.549391382519522e-06,13.24,BID
1403,1712616278.6425226,388379152.2168784,13.19,3.703680597405055e-06,13.24,BID
1404,1712616293.4500256,388379607.1069466,13.19,-8.87569331489289e-08,13.24,ASK
1405,1712616300.4032454,388379607.1069466,13.19,-0.0,13.24,ASK
1406,1712616301.486478,388380057.563438,13.19,-8.791489581701602e-08,13.24,ASK
1407,1712616301.4897776,388458445.434083,13.19,-1.5298839316288154e-05,13.24,ASK
1408,1712616306.280069,388462233.31287086,13.2,7.39274436828766e-07,13.24,BID
1409,1712616318.9998877,388464354.5249921,13.2,4.139936846315541e-07,13.24,BID
1410,1712616330.3726766,388464354.5249921,13.2,0.0,13.24,BID
1411,1712616350.5766077,388466134.18600905,13.2,3.4725792175807774e-07,13.24,BID
1412,1712616350.5799038,388491665.2466151,13.2,4.981770664156957e-06,13.24,BID
1413,1712616350.5825047,388508934.91638434,13.2,3.369759508368679e-06,13.24,BID
1414,1712616350.5843256,389306658.2216286,13.2,0.0001556564618093,13.24,BID
1415,1712616350.5861466,389314233.9792044,13.2,1.4782263624675391e-06,13.24,BID
1416,1712616356.589995,389314688.5246589,13.2,8.869358175130888e-08,13.24,BID
1417,1712616360.5683694,389314688.5246589,13.2,0.0,13.24,BID
1418,1712616390.5654223,389314688.5246589,13.2,0.0,13.24,BID
1419,1712616405.8701398,389322264.28223467,13.2,1.474995866872863e-06,13.24,BID
1420,1712616420.3855517,389322264.28223467,13.2,0.0,13.24,BID
1421,1712616425.821598,389322718.8276892,13.19,-8.849802895222067e-08,13.24,ASK
1422,1712616450.4079828,389322718.8276892,13.19,-0.0,13.24,ASK
1423,1712616453.9403992,389323173.3731437,13.2,8.849792566117013e-08,13.24,BID
1424,1712616480.5490625,389323173.3731437,13.2,0.0,13.24,BID
1425,1712616491.0699458,389323627.9185983,13.19,-8.849782228043734e-08,13.24,ASK
1426,1712616495.1405792,389399385.4943559,13.2,1.4749637046209604e-05,13.24,BID
1427,1712616504.3103795,389401669.0244392,13.19,-4.445923668600629e-07,13.24,ASK
1428,1712616510.5771284,389401669.0244392,13.19,-0.0,13.24,ASK
1429,1712616515.7106252,389402123.5698937,13.2,8.84799734985405e-08,13.24,BID
1430,1712616534.2905982,389405723.5698937,13.19,-7.007613901752705e-07,13.24,ASK
1431,1712616540.3558452,389405723.5698937,13.19,-0.0,13.24,ASK
1432,1712616550.2033353,389433691.12785816,13.19,-5.443994655736899e-06,13.24,ASK
1433,1712616558.4907055,389434145.6733127,13.19,-8.847905235664114e-08,13.24,ASK
1434,1712616560.186148,389511068.7502358,13.19,-1.4973378090587502e-05,13.24,ASK
1435,1712616562.5307436,389539322.59493273,13.2,5.499721489080434e-06,13.24,BID
1436,1712616570.4022286,389539322.59493273,13.2,0.0,13.24,BID
1437,1712616575.831594,389546898.3525085,13.19,-1.4741451397815636e-06,13.24,ASK
1438,1712616583.9611871,389547352.8979631,13.2,8.844870839014136e-08,13.24,BID
1439,1712616600.4214635,389547352.8979631,13.2,0.0,13.24,BID
1440,1712616618.2206988,389547807.4434176,13.19,-8.846632160404748e-08,13.24,ASK
1441,1712616630.3579512,389547807.4434176,13.19,-0.0,13.24,ASK
1442,1712616631.833048,389563023.2811735,13.19,-2.961392776377994e-06,13.24,ASK
1443,1712616631.8364182,389708304.9093484,13.19,-2.827553573592085e-05,13.24,ASK
1444,1712616638.610872,389712015.5993484,13.18,-7.221955660732337e-07,13.24,ASK
1445,1712616644.7311602,389712470.4894167,13.19,8.853328904566102e-08,13.24,BID
1446,1712616656.571035,389716070.4894167,13.18,-7.006524495081269e-07,13.24,ASK
1447,1712616660.574556,389716070.4894167,13.18,-0.0,13.24,ASK
1448,1712616682.7619855,389716525.3794849,13.18,-8.849506484327931e-08,13.24,ASK
1449,1712616690.565096,389716525.3794849,13.18,-0.0,13.24,ASK
1450,1712616710.821486,389716980.2695531,13.19,8.84949616258574e-08,13.24,BID
1451,1712616720.4021404,389716980.2695531,13.19,0.0,13.24,BID
1452,1712616739.8213377,389720580.2695531,13.18,-7.003483088272572e-07,13.24,ASK
1453,1712616745.7083118,389721035.15962136,13.18,-8.84948583303629e-08,13.24,ASK
1454,1712616750.376157,389721035.15962136,13.18,-0.0,13.24,ASK
1455,1712616760.6515565,389759753.5696213,13.18,-7.532247510898457e-06,13.24,ASK
1456,1712616770.662948,389760208.4596896,13.19,8.8493938263051e-08,13.24,BID
1457,1712616777.700475,389764002.0863967,13.19,7.380090071398189e-07,13.24,BID
1458,1712616780.571761,389764002.0863967,13.19,0.0,13.24,BID
1459,1712616810.5761995,389764002.0863967,13.19,0.0,13.24,BID
1460,1712616812.8766243,389889712.1671117,13.19,2.4452841170393382e-05,13.24,BID
1461,1712616815.621318,389890167.0571799,13.18,-8.848418937626189e-08,13.24,ASK
1462,1712616820.4111922,389890167.0571802,13.19,5.797080486387855e-17,13.24,BID
1463,1712616830.1545525,389890924.63293785,13.2,1.473619265083986e-07,13.24,BID
1464,1712616839.8113708,389891379.1783924,13.2,8.841715589112618e-08,13.24,BID
1465,1712616840.3789678,389891379.1783924,13.2,0.0,13.24,BID
1466,1712616845.301505,389892136.7541499,13.2,1.4731378266138865e-07,13.24,BID
1467,1712616851.4757154,389897896.7541499,13.19,-1.120056152349763e-06,13.24,ASK
1468,1712616870.3649302,389897896.7541499,13.19,-0.0,13.24,ASK
1469,1712616880.0618997,389898351.2996045,13.19,-8.838679194378259e-08,13.24,ASK
1470,1712616896.5010736,389905897.24657416,13.2,1.4673164985704983e-06,13.24,BID
1471,1712616900.435789,389905897.24657416,13.2,0.0,13.24,BID
1472,1712616907.1429596,389906351.7920287,13.2,8.838987048890927e-08,13.24,BID
1473,1712616930.3813033,389906351.7920287,13.2,0.0,13.24,BID
1474,1712616943.2018957,389906806.3374832,13.19,-8.838976734888555e-08,13.24,ASK
1475,1712616960.5711153,389906806.3374832,13.19,-0.0,13.24,ASK
1476,1712616969.1807704,389907260.8829378,13.2,8.83896643104109e-08,13.24,BID
1477,1712616972.0913625,389921568.7119847,13.2,2.782261254127201e-06,13.24,BID
1478,1712616990.580088,389921568.7119847,13.2,0.0,13.24,BID
1479,1712617005.6811953,389926161.7929806,13.19,-8.93124109415716e-07,13.24,ASK
1480,1712617010.141286,389926616.3384352,13.19,-8.838631512382266e-08,13.24,ASK
1481,1712617020.4300306,389926616.3384352,13.19,-0.0,13.24,ASK
1482,1712617039.161112,389927070.8838897,13.2,8.838517086698334e-08,13.24,BID
1483,1712617050.384876,389927070.8838897,13.2,0.0,13.24,BID
1484,1712617072.0110424,389927525.4293442,13.19,-8.838506776110632e-08,13.24,ASK
1485,1712617080.576068,389927525.4293442,13.19,-0.0,13.24,ASK
1486,1712617082.1513078,389944533.6898842,13.19,-3.307203917054824e-06,13.24,ASK
1487,1712617082.1554947,389947525.4293442,13.19,-5.817345305740508e-07,13.24,ASK
1488,1712617100.6710637,389947979.9747988,13.2,8.838496472199898e-08,13.24,BID
1489,1712617110.5942087,389947979.9747988,13.2,0.0,13.24,BID
1490,1712617134.070454,389948434.5202533,13.19,-8.838032812110898e-08,13.24,ASK
1491,1712617139.6021526,389956434.5202533,13.2,1.5554937750798616e-06,13.24,BID
1492,1712617139.6105776,390163341.0462037,13.2,4.023022664240048e-05,13.24,BID
1493,1712617139.6128912,390213836.4927516,13.2,9.818169096896995e-06,13.24,BID
1494,1712617139.615311,390449761.9611073,13.2,4.58725746762645e-05,13.24,BID
1495,1712617140.365757,390449761.9611073,13.2,0.0,13.24,BID
1496,1712617161.640429,390449761.9611079,13.2,1.157442555668155e-16,13.24,BID
1497,1712617165.340602,390450216.1624705,13.21,8.819983541688229e-08,13.24,BID
1498,1712617170.3965688,390450216.1624705,13.21,0.0,13.24,BID
1499,1712617176.630497,390450595.4206083,13.21,7.364677676253604e-08,13.24,BID
1500,1712617176.6402657,390641382.0334993,13.21,3.7048167698546335e-05,13.24,BID
1501,1712617176.6441755,390641886.8676176,13.21,9.803192576959e-08,13.24,BID
1502,1712617198.7739787,390642341.06898016,13.2,-8.8199732653625e-08,13.24,ASK
1503,1712617200.6080828,390642341.06898016,13.2,-0.0,13.24,ASK
1504,1712617215.3305397,390692086.1915327,13.2,-9.657312052232566e-06,13.24,ASK
1505,1712617215.4903705,390726430.9877206,13.2,-6.667556478669783e-06,13.24,ASK
1506,1712617220.4707532,390730609.6305527,13.2,-8.112244118369119e-07,13.24,ASK
1507,1712617220.834651,390733494.6297053,13.2,-5.600817860621397e-07,13.24,ASK
1508,1712617225.6903553,390741070.3873053,13.2,-1.470726202315208e-06,13.24,ASK
1509,1712617225.6946936,390951918.83733815,13.2,-4.093324477283247e-05,13.24,ASK
1510,1712617225.8306477,390972334.81922245,13.19,-3.963474161738787e-06,13.24,ASK
1511,1712617225.8353975,391011056.8586462,13.19,-7.517336350299916e-06,13.24,ASK
1512,1712617225.8394094,391807670.1384452,13.18,-0.0001546512026349,13.24,ASK
1513,1712617227.710306,391808124.6838997,13.2,8.824357184800752e-08,13.24,BID
1514,1712617229.8403714,392193998.30705625,13.18,-7.491190694352886e-05,13.24,ASK
1515,1712617230.3969808,392193998.30705625,13.18,-0.0,13.24,ASK
1516,1712617235.480405,392497028.61008656,13.2,5.859632904348768e-05,13.24,BID
1517,1712617260.5969794,392497028.61008656,13.2,0.0,13.24,BID
1518,1712617261.170176,392497483.15554106,13.18,-8.782656221022465e-08,13.24,ASK
1519,1712617279.37505,392497862.8975745,13.18,-7.337316211577999e-08,13.24,ASK
1520,1712617290.590415,392497862.8975745,13.18,-0.0,13.24,ASK
1521,1712617291.051083,392498317.443029,13.2,8.782637561322094e-08,13.24,BID
1522,1712617320.3940997,392498317.443029,13.2,0.0,13.24,BID
1523,1712617328.720019,392498771.9884836,13.19,-8.782627380702188e-08,13.24,ASK
1524,1712617350.418688,392498771.9884836,13.19,-0.0,13.24,ASK
1525,1712617359.8620052,392499226.5339381,13.2,8.782617206667659e-08,13.24,BID
1526,1712617364.9197123,392502826.7939381,13.19,-6.956335193117803e-07,13.24,ASK
1527,1712617380.5803175,392502826.7939381,13.19,-0.0,13.24,ASK
1528,1712617393.0800512,392503281.3393926,13.19,-8.782526440638188e-08,13.24,ASK
1529,1712617404.5997171,392504038.9151502,13.2,1.4637544070033628e-07,13.24,BID
1530,1712617406.7204962,392537408.3521199,13.19,-6.447495175517587e-06,13.24,ASK
1531,1712617406.729811,392575315.8578052,13.19,-7.324320762248046e-06,13.24,ASK
1532,1712617406.8398464,392575315.857806,13.19,-1.6123164558258843e-16,13.24,ASK
1533,1712617410.5724397,392575315.857806,13.19,-0.0,13.24,ASK
1534,1712617423.11988,392613194.6456848,13.2,7.317420208322607e-06,13.24,BID
1535,1712617424.180151,392613649.19113934,13.2,8.780904250309532e-08,13.24,BID
1536,1712617440.4079812,392613649.19113934,13.2,0.0,13.24,BID
1537,1712617460.8125267,392614103.7365939,13.18,-8.78004600936291e-08,13.24,ASK
1538,1712617470.392929,392614103.7365939,13.18,-0.0,13.24,ASK
1539,1712617491.79966,392614861.31235147,13.2,1.4633393080927553e-07,13.24,BID
1540,1712617491.8696911,392615315.857806,13.2,8.780035847865737e-08,13.24,BID
1541,1712617500.5643053,392615315.857806,13.2,0.0,13.24,BID
1542,1712617506.590345,392769219.04268056,13.19,2.973880458531753e-05,13.24,BID
1543,1712617527.2595828,392769673.5881351,13.18,-8.78320904104076e-08,13.24,ASK
1544,1712617530.5729408,392769673.5881351,13.18,-0.0,13.24,ASK
1545,1712617542.569577,392777177.4881351,13.18,-1.4494128739675048e-06,13.24,ASK
1546,1712617549.3697617,393079633.7002564,13.18,-5.842081153285312e-05,13.24,ASK
1547,1712617560.401567,393079633.7002564,13.18,-0.0,13.24,ASK
1548,1712617569.7201564,393080392.4255977,13.18,-1.464357460880524e-07,13.24,ASK
1549,1712617569.7303069,395734701.0808717,13.18,-0.0005122877108285,13.24,ASK
1550,1712617569.7340777,395909885.3274557,13.18,-3.381096485424199e-05,13.24,ASK
1551,1712617569.819668,395912163.2317837,13.17,-4.396408049053307e-07,13.24,ASK
1552,1712617569.8246508,395977993.1373408,13.17,-1.2705324060523109e-05,13.24,ASK
1553,1712617569.8322718,396085586.1517675,13.17,-2.0765700685294578e-05,13.24,ASK
1554,1712617589.9294956,396086553.4254617,13.18,1.8668606062077066e-07,13.24,BID
1555,1712617590.4495647,396086553.4254617,13.18,0.0,13.24,BID
1556,1712617620.5695238,396086553.4254617,13.18,0.0,13.24,BID
1557,1712617650.582755,396086553.4254617,13.18,0.0,13.24,BID
1558,1712617680.3972468,396086553.4254617,13.18,0.0,13.24,BID
1559,1712617710.3956149,396086553.4254617,13.18,0.0,13.24,BID
1560,1712617717.2893517,396088150.7547387,13.18,3.059481782082647e-07,13.24,BID
1561,1712617740.5828805,396088150.7547387,13.18,0.0,13.24,BID
1562,1712617770.5879729,396088150.7547387,13.18,0.0,13.24,BID
1563,1712617800.431692,396088150.7547387,13.18,0.0,13.24,BID
