,time,acc_trade_volume,trade_price,dev,high,ask_bid
0,1712601588.4162245,16224178.43615883,477.8,0.0,478.0,BID
1,1712601596.1866796,16224190.99371429,476.1,-1.567867158820121e-09,478.0,ASK
2,1712601600.1271117,16224190.99371429,476.1,-0.0,478.0,ASK
3,1712601603.4566307,16224203.55126975,477.8,1.5686404366446192e-09,478.0,BID
4,1712601628.0963302,16224216.10882521,476.3,-1.5686404368772935e-09,478.0,ASK
5,1712601630.0961928,16224216.10882521,476.3,-0.0,478.0,ASK
6,1712601637.4162776,16224228.66638067,477.8,1.568638088958359e-09,478.0,BID
7,1712601660.1765585,16224228.66638067,477.8,0.0,478.0,BID
8,1712601661.726394,16224241.22393613,476.3,-1.568636913272398e-09,478.0,ASK
9,1712601673.5780168,16224316.22393613,476.5,9.368683966829854e-09,478.0,BID
10,1712601690.1560318,16224316.22393613,476.5,0.0,478.0,BID
11,1712601704.0764654,16224328.78412034,477.7,1.568957109445683e-09,478.0,BID
12,1712601720.106333,16224328.78412034,477.7,0.0,478.0,BID
13,1712601729.6360474,16224341.34430455,476.4,-1.568955933527628e-09,478.0,ASK
14,1712601739.6786485,16224353.90974957,477.5,1.5696130876270867e-09,478.0,BID
15,1712601750.1064932,16224353.90974957,477.5,0.0,478.0,BID
16,1712601765.2259965,16224366.47519459,476.4,-1.569610738245317e-09,478.0,ASK
17,1712601774.805773,16224379.04327167,477.4,1.569939521532301e-09,478.0,BID
18,1712601780.1580217,16224379.04327167,477.4,0.0,478.0,BID
19,1712601796.7258778,16224391.61134875,476.4,-1.569937170941229e-09,478.0,ASK
20,1712601806.5157084,16224404.17942583,477.4,1.569937170941229e-09,478.0,BID
21,1712601810.165614,16224404.17942583,477.4,0.0,478.0,BID
22,1712601835.1798167,16224416.74750291,476.4,-1.569934820111294e-09,478.0,ASK
23,1712601840.1059897,16224416.74750291,476.4,-0.0,478.0,ASK
24,1712601842.5175004,16224429.31821315,477.3,1.5702625654964704e-09,478.0,BID
25,1712601864.6555035,16224441.88892339,476.4,-1.5702625654964704e-09,478.0,ASK
26,1712601870.1083272,16224441.88892339,476.4,-0.0,478.0,ASK
27,1712601874.3754632,16224454.45963363,477.3,1.570260213938513e-09,478.0,BID
28,1712601894.465551,16224467.03034387,476.5,-1.570260213938513e-09,478.0,ASK
29,1712601900.1260314,16224467.03034387,476.5,-0.0,478.0,ASK
30,1712601905.735351,16224479.60105411,477.3,1.5712386633167183e-09,478.0,BID
31,1712601930.1101625,16224479.60105411,477.3,0.0,478.0,BID
32,1712601931.5353918,16224492.17176435,476.5,-1.5712374849636881e-09,478.0,ASK
33,1712601937.275211,16224529.45705969,477.4,4.660361472009859e-09,478.0,BID
34,1712601937.5764894,16224542.02513677,477.4,1.5709083611842201e-09,478.0,BID
35,1712601940.3051937,16224760.65795378,476.5,-2.73273403786878e-08,478.0,ASK
36,1712601960.1657262,16224760.65795378,476.5,-0.0,478.0,ASK
37,1712601965.139107,16224773.22603086,476.5,-1.5708820567947007e-09,478.0,ASK
38,1712601972.5352762,16224785.79410794,477.4,1.5708820567947007e-09,478.0,BID
39,1712601990.1650546,16224785.79410794,477.4,0.0,478.0,BID
40,1712601992.3025775,16224798.36218502,476.5,-1.570879702887398e-09,478.0,ASK
41,1712602002.2950592,16224810.9302621,477.4,1.570879702887398e-09,478.0,BID
42,1712602020.1051648,16224810.9302621,477.4,0.0,478.0,BID
43,1712602030.4949386,16224823.49833918,476.6,-1.570877348987151e-09,478.0,ASK
44,1712602037.134673,16224836.06641626,477.4,1.570877348987151e-09,478.0,BID
45,1712602039.0445597,16226463.34575524,476.6,-2.033927893517044e-07,478.0,ASK
46,1712602050.0978734,16226463.34575524,476.6,-0.0,478.0,ASK
47,1712602054.635147,16226473.80591001,477.7,1.30728056431818e-09,478.0,BID
48,1712602063.0153394,16226486.37398709,476.6,-1.570722733920367e-09,478.0,ASK
49,1712602067.2448697,16226486.40158614,477.7,3.4492511919697318e-12,478.0,BID
50,1712602067.2463346,16226496.83633018,477.7,1.304104803089321e-09,478.0,BID
51,1712602070.41523,16226509.39651439,477.7,1.5697363054203e-09,478.0,BID
52,1712602080.1547954,16226509.39651439,477.7,0.0,478.0,BID
53,1712602096.1944523,16232409.39651439,476.6,-7.373632902419567e-07,478.0,ASK
54,1712602098.834412,16232419.85666916,477.7,1.3072769724753647e-09,478.0,BID
55,1712602101.064495,16232432.41685337,476.6,-1.5697319924623743e-09,478.0,ASK
56,1712602105.2646964,16232442.88138569,477.7,1.3078240647318e-09,478.0,BID
57,1712602106.834437,16232455.4415699,477.7,1.5697319924623743e-09,478.0,BID
58,1712602110.1550715,16232455.4415699,477.7,0.0,478.0,BID
59,1712602126.944496,16232477.4415699,476.6,-2.748516780043188e-09,478.0,ASK
60,1712602126.964271,16233029.98614501,476.6,-6.90308198369038e-08,478.0,ASK
61,1712602131.044379,16233040.45067733,477.7,1.3073610306968192e-09,478.0,BID
62,1712602131.4047475,16233053.01086154,476.5,-1.5691762301408903e-09,478.0,ASK
63,1712602140.0865574,16233053.01086154,476.5,-0.0,478.0,ASK
64,1712602140.0949757,16233063.47977508,477.5,1.307861851222987e-09,478.0,BID
65,1712602140.934672,16233076.04258915,477.6,1.5694489407027787e-09,478.0,BID
66,1712602141.9146664,16233086.51150269,477.6,1.307861851222987e-09,478.0,BID
67,1712602143.644613,16233096.97165746,477.6,1.306767634378279e-09,478.0,BID
68,1712602145.8545022,16233107.43837993,477.6,1.3075881248743627e-09,478.0,BID
69,1712602146.31512,16233123.15020509,476.6,-1.962849025475415e-09,478.0,ASK
70,1712602146.31768,16233197.89380482,476.6,-9.337578568555224e-09,478.0,ASK
71,1712602148.034308,16233208.36271836,477.6,1.307861851222987e-09,478.0,BID
72,1712602166.0643628,16233220.92553243,476.6,-1.5694489407027787e-09,478.0,ASK
73,1712602168.1843183,16233231.3922549,477.5,1.3075881248743627e-09,478.0,BID
74,1712602170.0977046,16233231.3922549,477.5,0.0,478.0,BID
75,1712602174.8151453,16233243.95769992,477.5,1.5697609335192831e-09,478.0,BID
76,1712602198.6145475,16233256.52314494,476.6,-1.569760933751977e-09,478.0,ASK
77,1712602200.1191406,16233256.52314494,476.6,-0.0,478.0,ASK
78,1712602212.0643344,16233266.99205848,477.5,1.311468574461869e-09,478.0,BID
79,1712602230.107532,16233266.99205848,477.5,0.0,478.0,BID
80,1712602242.2641227,16233279.5575035,477.5,1.574105649398775e-09,478.0,BID
81,1712602251.1141517,16233345.5575035,476.5,-8.267989928234751e-09,478.0,ASK
82,1712602260.1262648,16233345.5575035,476.5,-0.0,478.0,ASK
83,1712602260.2362657,16234218.5575035,476.5,-1.0936244463149813e-07,478.0,ASK
84,1712602260.5557983,16238453.46207322,476.5,-5.305149101097076e-07,478.0,ASK
85,1712602260.55683,16242075.5575035,476.5,-4.537470915737754e-07,478.0,ASK
86,1712602265.124127,16242086.02422597,477.5,1.3111871211660175e-09,478.0,BID
87,1712602266.0748272,16242086.38500771,476.5,-4.5195845251480544e-11,478.0,ASK
88,1712602266.0772288,16242098.58967099,475.5,-1.528902419528713e-09,478.0,ASK
89,1712602272.1544523,16242109.05858453,477.5,1.3114616006837188e-09,478.0,BID
90,1712602273.973898,16242121.62402955,477.5,1.5740982650135302e-09,478.0,BID
91,1712602290.1141365,16242121.62402955,477.5,0.0,478.0,BID
92,1712602299.4041612,16242134.18947457,475.5,-1.573274082301513e-09,478.0,ASK
93,1712602308.4540029,16242144.65619704,477.4,1.310500596161309e-09,478.0,BID
94,1712602320.154013,16242144.65619704,477.4,0.0,478.0,BID
95,1712602328.854115,16242155.12730256,476.3,1.3110475810239234e-09,478.0,BID
96,1712602346.295777,16242167.72440522,476.3,1.577235654836893e-09,478.0,BID
97,1712602350.1839073,16242167.72440522,476.3,0.0,478.0,BID
98,1712602364.4240465,16242180.32150788,475.5,-1.577233485053656e-09,478.0,ASK
99,1712602373.9835737,16242192.91861054,476.3,1.577233484820442e-09,478.0,BID
100,1712602377.253667,16242205.5157132,476.3,1.577233485053656e-09,478.0,BID
101,1712602379.5235555,16242237.81213369,475.5,-4.0437072886417405e-09,478.0,ASK
102,1712602379.7040966,16243557.96492169,475.5,1.6529111802185424e-07,478.0,BID
103,1712602379.706321,16243557.96492191,475.5,2.7519304458667318e-17,478.0,BID
104,1712602380.0939684,16243557.96492191,475.5,0.0,478.0,BID
105,1712602383.6238103,16243568.44480455,476.3,1.3120361271259315e-09,478.0,BID
106,1712602403.2436488,16243581.04190721,474.9,-1.577102946418723e-09,478.0,ASK
107,1712602410.103778,16243581.04190721,474.9,-0.0,478.0,ASK
108,1712602411.773751,16243593.63900987,476.3,1.577100779657315e-09,478.0,BID
109,1712602437.7139444,16243606.23611253,474.9,-1.5771007794241202e-09,478.0,ASK
110,1712602440.1535573,16243606.23611253,474.9,-0.0,478.0,ASK
111,1712602446.963665,16243618.83321519,476.3,1.5770984137916423e-09,478.0,BID
112,1712602470.1649363,16243618.83321519,476.3,0.0,478.0,BID
113,1712602474.0968888,16243631.43031785,474.9,-1.577097229120403e-09,478.0,ASK
114,1712602480.5034056,16243644.02742051,476.3,1.5770972288872087e-09,478.0,BID
115,1712602483.7135086,16243656.62452317,476.3,1.577097229120403e-09,478.0,BID
116,1712602500.126053,16243656.62452317,476.3,0.0,478.0,BID
117,1712602509.7031486,16243669.22162583,475.0,-1.577220687407305e-09,478.0,ASK
118,1712602520.1643672,16243681.81872849,476.3,1.577220687640517e-09,478.0,BID
119,1712602530.104163,16243681.81872849,476.3,0.0,478.0,BID
120,1712602540.0814192,16243694.41583115,475.0,-1.5772183211663131e-09,478.0,ASK
121,1712602543.3241904,16243731.78723572,476.3,4.679081020657218e-09,478.0,BID
122,1712602551.0743868,16243744.38433838,476.3,1.5772183211663131e-09,478.0,BID
123,1712602552.014391,16243765.35642634,476.3,2.625807080623857e-09,478.0,BID
124,1712602556.854497,16243791.57361699,475.0,-3.282519364843227e-09,478.0,ASK
125,1712602560.1556714,16243791.57361699,475.0,-0.0,478.0,ASK
126,1712602561.0252273,16243804.17071965,476.3,1.577208007691873e-09,478.0,BID
127,1712602575.3552794,16243816.76782231,475.0,-1.577208007925083e-09,478.0,ASK
128,1712602583.5052714,16243829.36492497,476.3,1.577208007691873e-09,478.0,BID
129,1712602590.1712773,16243829.36492497,476.3,0.0,478.0,BID
130,1712602610.4562707,16243841.96202763,475.0,-1.5772044566565907e-09,478.0,ASK
131,1712602612.6458907,16243854.55913029,476.3,1.5772044566565907e-09,478.0,BID
132,1712602619.2763083,16243867.15623295,476.3,1.5772044564233803e-09,478.0,BID
133,1712602620.1065342,16243867.15623295,476.3,0.0,478.0,BID
134,1712602646.0270174,16243879.75333561,475.0,-1.5772009054040902e-09,478.0,ASK
135,1712602650.1091485,16243879.75333561,475.0,-0.0,478.0,ASK
136,1712602654.8174822,16243892.35043827,476.3,1.5771997238126947e-09,478.0,BID
137,1712602679.3277602,16243904.94754093,475.0,-1.577199723579485e-09,478.0,ASK
138,1712602680.1716807,16243904.94754093,475.0,-0.0,478.0,ASK
139,1712602687.2781758,16243917.54464359,476.3,1.577197357401398e-09,478.0,BID
140,1712602695.4281063,16246405.24464358,476.3,3.1146795986959095e-07,478.0,BID
141,1712602696.348982,16247258.24464358,476.3,1.0679831562078841e-07,478.0,BID
142,1712602698.778413,16248272.62709402,476.3,1.2700391219481465e-07,478.0,BID
143,1712602698.7815776,16248718.88094534,476.3,5.5872402884325023e-08,478.0,BID
144,1712602698.8580215,16249738.02664072,476.3,1.276002856258542e-07,478.0,BID
145,1712602703.5951858,16250748.22664072,476.2,1.2648025608445586e-07,478.0,BID
146,1712602710.1594012,16250748.22664072,476.2,0.0,478.0,BID
147,1712602714.978425,16250760.82374338,475.4,-1.576553995120329e-09,478.0,ASK
148,1712602721.8986614,16250773.42349138,476.2,1.5768850647505775e-09,478.0,BID
149,1712602740.0990746,16250773.42349138,476.2,0.0,478.0,BID
150,1712602743.108933,16250786.02323938,475.4,-1.5768826990187395e-09,478.0,ASK
151,1712602750.9591637,16250798.62298738,476.2,1.5768826990187395e-09,478.0,BID
152,1712602770.1096354,16250798.62298738,476.2,0.0,478.0,BID
153,1712602776.8394914,16250811.22273538,475.4,-1.576880332812701e-09,478.0,ASK
154,1712602785.629758,16250823.82248338,476.2,1.576880332579588e-09,478.0,BID
155,1712602800.1461928,16250823.82248338,476.2,0.0,478.0,BID
156,1712602810.25022,16250836.42223138,475.4,-1.57722013756551e-09,478.0,ASK
157,1712602820.8305347,16250849.02197938,476.2,1.57722013756551e-09,478.0,BID
158,1712602830.1118896,16250849.02197938,476.2,0.0,478.0,BID
159,1712602846.4911473,16250851.80027364,476.2,3.4778275545259154e-10,478.0,BID
160,1712602846.4934564,16250859.49966636,476.3,9.637985630432154e-10,478.0,BID
161,1712602847.595349,16250872.09941436,475.5,-1.577217770346671e-09,478.0,ASK
162,1712602849.14079,16250882.579297,476.3,1.311856168194907e-09,478.0,BID
163,1712602854.3809335,16250895.17639966,476.3,1.576886630398054e-09,478.0,BID
164,1712602860.161161,16250895.17639966,476.3,0.0,478.0,BID
165,1712602871.6711798,16250905.64969808,476.3,1.3110283593002355e-09,478.0,BID
166,1712602878.2715323,16250980.64969808,476.3,9.38836295823916e-09,478.0,BID
167,1712602880.902563,16250990.46571849,477.2,1.228751498691265e-09,478.0,BID
168,1712602880.9086485,16250991.1208036,476.3,8.200235721270383e-11,478.0,BID
169,1712602882.7315712,16251000.91137977,477.2,1.2255664352982415e-09,478.0,BID
170,1712602882.7338693,16251001.59410202,477.2,8.546192376883115e-11,478.0,BID
171,1712602890.1613665,16251001.59410202,477.2,0.0,478.0,BID
172,1712602896.1014442,16251012.06301556,477.4,1.3104711501520927e-09,478.0,BID
173,1712602897.563328,16251022.51088316,477.5,1.3078366745603643e-09,478.0,BID
174,1712602897.5665164,16251022.53631398,477.4,3.183363484936109e-12,478.0,BID
175,1712602899.35157,16251033.0074195,477.5,1.31074553639134e-09,478.0,BID
176,1712602917.428251,16251045.60452216,476.1,-1.576872284447868e-09,478.0,ASK
177,1712602920.1149845,16251045.60452216,476.1,-0.0,478.0,ASK
178,1712602920.5939455,16251056.06905448,477.5,1.309919277844301e-09,478.0,BID
179,1712602927.03202,16251068.6344995,477.5,1.5729053300795131e-09,478.0,BID
180,1712602930.0819132,16251147.8564995,476.1,-9.916776196416674e-09,478.0,ASK
181,1712602934.6423948,16251158.32103182,477.5,1.3099192776111407e-09,478.0,BID
182,1712602950.1123214,16251158.32103182,477.5,0.0,478.0,BID
183,1712602954.4525323,16251170.88647684,476.1,-1.572894755092648e-09,478.0,ASK
184,1712602957.0644295,16251181.35319931,477.5,1.310184625254202e-09,478.0,BID
185,1712602962.5925496,16251193.91864433,477.5,1.572894754859489e-09,478.0,BID
186,1712602969.2227523,16251204.3853668,477.5,1.310184625254202e-09,478.0,BID
187,1712602970.6229286,16251214.82885622,477.6,1.307276400336156e-09,478.0,BID
188,1712602970.6249857,16251214.85428034,477.5,3.1824948098203767e-12,478.0,BID
189,1712602972.0527012,16251214.90074066,477.6,5.815726810479642e-12,478.0,BID
190,1712602972.0559027,16251225.32100281,477.7,1.3043688984437223e-09,478.0,BID
191,1712602980.1654758,16251225.32100281,477.7,0.0,478.0,BID
192,1712602991.9931123,16251237.88644783,476.1,-1.572888458995965e-09,478.0,ASK
193,1712602998.563241,16251250.37914037,477.7,1.563781615740327e-09,478.0,BID
194,1712602998.5665572,16251250.44663204,477.7,8.448317614648046e-12,478.0,BID
195,1712603010.1670868,16251250.44663204,477.7,0.0,478.0,BID
196,1712603019.4931777,16251267.19354432,477.7,2.096303433469906e-09,478.0,BID
197,1712603025.7531705,16251279.75372853,476.1,-1.572227574927561e-09,478.0,ASK
198,1712603032.7833383,16251292.31391274,477.7,1.572227575160719e-09,478.0,BID
199,1712603040.1220677,16251292.31391274,477.7,0.0,478.0,BID
200,1712603056.913783,16251304.87409695,476.1,-1.572223643037545e-09,478.0,ASK
201,1712603065.2039096,16251317.43428116,477.7,1.572223642804388e-09,478.0,BID
202,1712603070.1595285,16251317.43428116,477.7,0.0,478.0,BID
203,1712603081.427098,16251334.18119344,477.7,2.096295047062395e-09,478.0,BID
204,1712603098.3539534,16251346.74137765,476.1,-1.5722212853550855e-09,478.0,ASK
205,1712603100.16463,16251346.74137765,476.1,-0.0,478.0,ASK
206,1712603118.144279,16251357.19934502,477.7,1.30950346930427e-09,478.0,BID
207,1712603130.164675,16251357.19934502,477.7,0.0,478.0,BID
208,1712603136.9645064,16251369.75952923,477.7,1.5727333930661735e-09,478.0,BID
209,1712603160.115023,16251369.75952923,477.7,0.0,478.0,BID
210,1712603161.1049895,16251382.31971344,476.1,-1.572732211713965e-09,478.0,ASK
211,1712603165.1249073,16251392.77768081,477.7,1.3095016663234236e-09,478.0,BID
212,1712603169.90475,16251405.33786502,477.7,1.572732211480732e-09,478.0,BID
213,1712603190.1099358,16251405.33786502,477.7,0.0,478.0,BID
214,1712603200.375077,16251417.89804923,476.1,-1.5727288686885655e-09,478.0,ASK
215,1712603204.8349376,16251428.3560166,477.7,1.3094988828251912e-09,478.0,BID
216,1712603207.525037,16251440.91620081,477.7,1.572728868455333e-09,478.0,BID
217,1712603220.1656728,16251440.91620081,477.7,0.0,478.0,BID
218,1712603229.5655649,16251453.47638502,476.1,-1.572725525677377e-09,478.0,ASK
219,1712603239.9721377,16251463.93872811,477.7,1.310044005885835e-09,478.0,BID
220,1712603240.2251935,16251476.49891232,477.7,1.572725525444146e-09,478.0,BID
221,1712603250.178019,16251476.49891232,477.7,0.0,478.0,BID
222,1712603268.7656963,16251489.05909653,476.1,-1.5727221822687663e-09,478.0,ASK
223,1712603274.9056058,16251501.61928074,477.7,1.5727221822687663e-09,478.0,BID
224,1712603280.1095538,16251501.61928074,477.7,0.0,478.0,BID
225,1712603298.375899,16251514.17946495,476.1,-1.572719822857636e-09,478.0,ASK
226,1712603308.3958144,16251526.74227902,477.6,1.573049120169515e-09,478.0,BID
227,1712603310.1158211,16251526.74227902,477.6,0.0,478.0,BID
228,1712603332.1592546,16251539.30509309,476.1,-1.573046760504728e-09,478.0,ASK
229,1712603340.1772256,16251539.30509309,476.1,-0.0,478.0,ASK
230,1712603340.291053,16251551.86790716,477.6,1.573045582640764e-09,478.0,BID
231,1712603367.216483,16251564.43072123,476.1,-1.573045582407534e-09,478.0,ASK
232,1712603370.170695,16251564.43072123,476.1,-0.0,478.0,ASK
233,1712603377.0764976,16251576.9935353,477.6,1.5730432225067422e-09,478.0,BID
234,1712603380.7665434,16251715.32956485,477.6,1.73216408760989e-08,478.0,BID
235,1712603380.7700558,16255762.50442307,477.6,5.067639261071394e-07,478.0,BID
236,1712603400.137272,16255762.50442307,477.6,0.0,478.0,BID
237,1712603403.913888,16255775.06723714,476.1,-1.5726484019663651e-09,478.0,ASK
238,1712603411.336518,16255787.63005121,477.6,1.5726484019663651e-09,478.0,BID
239,1712603430.122841,16255787.63005121,477.6,0.0,478.0,BID
240,1712603432.4620965,16255800.19286528,476.2,-1.572646043257131e-09,478.0,ASK
241,1712603453.1468675,16258537.52001536,476.2,-3.426657982612646e-07,478.0,ASK
242,1712603460.1676946,16258537.52001536,476.2,-0.0,478.0,ASK
243,1712603473.236741,16258550.08282943,477.6,1.572388287388834e-09,478.0,BID
244,1712603490.1728346,16258550.08282943,477.6,0.0,478.0,BID
245,1712603495.3189163,16258562.6456435,476.2,-1.572387106569128e-09,478.0,ASK
246,1712603505.637009,16258575.20845757,477.6,1.572387106569128e-09,478.0,BID
247,1712603520.1192267,16258575.20845757,477.6,0.0,478.0,BID
248,1712603530.4828503,16258587.77127164,476.2,-1.572384748396388e-09,478.0,ASK
249,1712603537.317036,16258600.33934872,477.4,1.573043476343118e-09,478.0,BID
250,1712603549.6571634,16259735.41312852,476.2,-1.420679068979632e-07,478.0,ASK
251,1712603550.130322,16259735.41312852,476.2,-0.0,478.0,ASK
252,1712603564.4374237,16259747.9812056,475.7,-1.5729347040108595e-09,478.0,ASK
253,1712603569.668865,16259760.55191584,477.3,1.5732642523329847e-09,478.0,BID
254,1712603580.133591,16259760.55191584,477.3,0.0,478.0,BID
255,1712603599.5807405,16259773.12262608,475.8,-1.573261893755286e-09,478.0,ASK
256,1712603605.3576496,16259785.69333632,477.3,1.573261893755286e-09,478.0,BID
257,1712603605.7776277,16259822.98644338,477.3,4.667343620091084e-09,478.0,BID
258,1712603610.1146204,16259822.98644338,477.3,0.0,478.0,BID
259,1712603630.0276203,16259835.55715362,475.8,-1.573256029916952e-09,478.0,ASK
260,1712603638.1278908,16259848.13313349,477.1,1.573915537361411e-09,478.0,BID
261,1712603640.1732764,16259848.13313349,477.1,0.0,478.0,BID
262,1712603662.4576445,16259860.70911336,475.8,-1.573913177325313e-09,478.0,ASK
263,1712603670.1724255,16259860.70911336,475.8,-0.0,478.0,ASK
264,1712603700.150996,16259860.70911336,475.8,-0.0,478.0,ASK
265,1712603704.1062164,16259873.28509323,477.1,1.5743347914763715e-09,478.0,BID
266,1712603730.1134913,16259873.28509323,477.1,0.0,478.0,BID
267,1712603733.9282064,16259885.8610731,475.8,-1.5743336089705798e-09,478.0,ASK
268,1712603740.311151,16259898.43705297,477.1,1.574333609203756e-09,478.0,BID
269,1712603760.1853874,16259898.43705297,477.1,0.0,478.0,BID
270,1712603760.4580624,16259911.01303284,475.8,-1.574331247186399e-09,478.0,ASK
271,1712603770.7581773,16259923.58901271,477.1,1.574331247186399e-09,478.0,BID
272,1712603790.1785662,16259923.58901271,477.1,0.0,478.0,BID
273,1712603820.1184988,16259923.58901271,477.1,0.0,478.0,BID
274,1712603837.2583802,16259936.16499258,476.0,-1.574328885409306e-09,478.0,ASK
275,1712603844.6288033,16259948.74097245,477.1,1.574328885409306e-09,478.0,BID
276,1712603850.152755,16259948.74097245,477.1,0.0,478.0,BID
277,1712603866.7385511,16259961.31695232,476.0,-1.574326523143597e-09,478.0,ASK
278,1712603876.3193498,16259973.89293219,477.1,1.574326523143597e-09,478.0,BID
279,1712603880.1918464,16259973.89293219,477.1,0.0,478.0,BID
280,1712603903.1368256,16259986.46891206,476.0,-1.5743241608849783e-09,478.0,ASK
281,1712603910.1704228,16259986.46891206,476.0,-0.0,478.0,ASK
282,1712603912.2986798,16259999.04489193,477.1,1.574322981121498e-09,478.0,BID
283,1712603938.848739,16260011.6208718,476.0,-1.5743229813546731e-09,478.0,ASK
284,1712603940.118374,16260011.6208718,476.0,-0.0,478.0,ASK
285,1712603946.3392951,16261018.7896218,476.0,-1.2608214598171878e-07,478.0,ASK
286,1712603947.43951,16261031.36560167,477.1,1.5743206188735083e-09,478.0,BID
287,1712603970.1125903,16261031.36560167,477.1,0.0,478.0,BID
288,1712603973.8987713,16261043.94158154,476.0,-1.5742249591892802e-09,478.0,ASK
289,1712603982.4691885,16261056.51756141,477.1,1.5742249591892802e-09,478.0,BID
290,1712604000.152851,16261056.51756141,477.1,0.0,478.0,BID
291,1712604008.9597366,16261060.48560073,476.0,-4.968893939646275e-10,478.0,ASK
292,1712604008.963903,16261069.09354128,476.0,-1.077911284873247e-09,478.0,ASK
293,1712604016.1890278,16261081.66952115,477.1,1.574800678837874e-09,478.0,BID
294,1712604018.0088296,16261165.509387,477.1,1.0498671198705634e-08,478.0,BID
295,1712604030.1274374,16261165.509387,477.1,0.0,478.0,BID
296,1712604043.5193603,16261178.08536687,476.0,-1.5747904271749387e-09,478.0,ASK
297,1712604051.389042,16261190.66134674,477.1,1.5747904271749387e-09,478.0,BID
298,1712604052.8192315,16261820.91344759,476.0,-7.892148249299305e-08,478.0,ASK
299,1712604060.1870108,16261820.91344759,476.0,-0.0,478.0,ASK
300,1712604075.8292477,16261833.48942746,476.0,-1.5747289063613896e-09,478.0,ASK
301,1712604083.8694088,16261846.06540733,477.1,1.5747289063613896e-09,478.0,BID
302,1712604090.1691475,16261846.06540733,477.1,0.0,478.0,BID
303,1712604111.9994786,16261858.6413872,476.0,-1.574726542895074e-09,478.0,ASK
304,1712604120.13147,16261858.6413872,476.0,-0.0,478.0,ASK
305,1712604150.11251,16261858.6413872,476.0,-0.0,478.0,ASK
306,1712604151.2894828,16261871.21736707,477.1,1.574725362528444e-09,478.0,BID
307,1712604174.6795137,16261883.79334694,476.0,-1.574725362528444e-09,478.0,ASK
308,1712604180.1707528,16261883.79334694,476.0,-0.0,478.0,ASK
309,1712604184.610192,16261896.36932681,477.1,1.574722999072767e-09,478.0,BID
310,1712604206.8498125,16261908.94530668,476.0,-1.574722999072767e-09,478.0,ASK
311,1712604210.1763942,16261908.94530668,476.0,-0.0,478.0,ASK
312,1712604212.0094666,16261946.25404698,477.1,4.671671221599534e-09,478.0,BID
313,1712604215.6795015,16261958.83002685,477.1,1.574720635624183e-09,478.0,BID
314,1712604238.8493886,16261971.40600672,476.0,-1.574720635624183e-09,478.0,ASK
315,1712604240.1096542,16261971.40600672,476.0,-0.0,478.0,ASK
316,1712604247.959261,16261983.98198659,477.1,1.574714762378131e-09,478.0,BID
317,1712604270.1153302,16261983.98198659,477.1,0.0,478.0,BID
318,1712604274.2501366,16261992.41441008,476.0,-1.055874127917543e-09,478.0,ASK
319,1712604274.2544303,16261996.55796646,475.4,-5.188394513839239e-10,478.0,ASK
320,1712604279.7296374,16262134.55796646,477.1,1.7279804531592217e-08,478.0,BID
321,1712604281.879643,16262147.13394633,477.1,1.5747135793014671e-09,478.0,BID
322,1712604300.189656,16262147.13394633,477.1,0.0,478.0,BID
323,1712604305.7995696,16262159.7099262,475.6,-1.574735855062997e-09,478.0,ASK
324,1712604316.8395782,16262172.29381881,476.8,1.575726670545697e-09,478.0,BID
325,1712604330.1756704,16262172.29381881,476.8,0.0,478.0,BID
326,1712604342.372634,16262184.87771142,475.6,-1.575724306797204e-09,478.0,ASK
327,1712604360.169304,16262184.87771142,475.6,-0.0,478.0,ASK
328,1712604390.1282897,16262184.87771142,475.6,-0.0,478.0,ASK
329,1712604420.1416428,16262184.87771142,475.6,-0.0,478.0,ASK
330,1712604421.3401155,16262197.46688473,476.6,1.576384361506356e-09,478.0,BID
331,1712604448.2998526,16262210.05605804,475.4,-1.576384361506356e-09,478.0,ASK
332,1712604450.1108544,16262210.05605804,475.4,-0.0,478.0,ASK
333,1712604456.460118,16262222.64523135,476.6,1.5763819958016584e-09,478.0,BID
334,1712604479.0000308,16262235.23440466,475.4,-1.5763819960348935e-09,478.0,ASK
335,1712604480.1889925,16262235.23440466,475.4,-0.0,478.0,ASK
336,1712604489.130488,16262247.82357797,476.6,1.576379630104061e-09,478.0,BID
337,1712604510.170342,16262247.82357797,476.6,0.0,478.0,BID
338,1712604515.3146417,16262260.41275128,475.4,-1.576378445766944e-09,478.0,ASK
339,1712604540.1100552,16262260.41275128,475.4,-0.0,478.0,ASK
340,1712604555.9904747,16262273.00192459,476.6,1.5763772644135643e-09,478.0,BID
341,1712604570.127837,16262273.00192459,476.6,0.0,478.0,BID
342,1712604583.7102325,16262285.5910979,475.4,-1.5763760803132363e-09,478.0,ASK
343,1712604591.4901683,16262298.18027121,476.6,1.576376080080001e-09,478.0,BID
344,1712604600.1689894,16262298.18027121,476.6,0.0,478.0,BID
345,1712604618.0621543,16262306.78477548,475.4,-1.0786080723198135e-09,478.0,ASK
346,1712604618.070119,16262310.76944452,475.4,-4.99493760002152e-10,478.0,ASK
347,1712604630.1210787,16262310.76944452,475.4,-0.0,478.0,ASK
348,1712604660.1814437,16262310.76944452,475.4,-0.0,478.0,ASK
349,1712604660.6201334,16262323.34806087,477.0,1.576777293559556e-09,478.0,BID
350,1712604685.46026,16262335.92667722,475.5,-1.5767772933260671e-09,478.0,ASK
351,1712604690.1741276,16262335.92667722,475.5,-0.0,478.0,ASK
352,1712604695.8208995,16262348.50529357,477.0,1.5767749254322451e-09,478.0,BID
353,1712604720.050182,16262361.08390992,475.5,-1.576774925198755e-09,478.0,ASK
354,1712604720.1291957,16262361.08390992,475.5,-0.0,478.0,ASK
355,1712604726.5603142,16262382.05266647,476.9,2.628505311565154e-09,478.0,BID
356,1712604728.1621566,16262394.6339204,476.9,1.5771031867523014e-09,478.0,BID
357,1712604750.1304083,16262394.6339204,476.9,0.0,478.0,BID
358,1712604753.536353,16262407.21517433,475.6,-1.5771000238677263e-09,478.0,ASK
359,1712604762.790366,16262419.79642826,476.9,1.577100023634237e-09,478.0,BID
360,1712604780.1361024,16262419.79642826,476.9,0.0,478.0,BID
361,1712604792.450472,16262432.37768219,475.6,-1.577097654770913e-09,478.0,ASK
362,1712604798.3978243,16262444.95893612,476.9,1.577097654537425e-09,478.0,BID
363,1712604810.1238942,16262444.95893612,476.9,0.0,478.0,BID
364,1712604823.260724,16262457.54019005,475.6,-1.577095285681217e-09,478.0,ASK
365,1712604826.29031,16262494.86457671,476.9,4.6787160139696914e-09,478.0,BID
366,1712604832.4651463,16262507.44583064,476.9,1.5770952854477298e-09,478.0,BID
367,1712604840.1854224,16262507.44583064,476.9,0.0,478.0,BID
368,1712604856.330507,16262520.02708457,475.6,-1.577089397676419e-09,478.0,ASK
369,1712604863.790576,16262532.6083385,476.9,1.577089397442932e-09,478.0,BID
370,1712604867.3404613,16264260.96113738,476.9,2.166530370919009e-07,478.0,BID
371,1712604867.35028,16268823.23530432,476.9,5.718916617911383e-07,478.0,BID
372,1712604870.171427,16268823.23530432,476.9,0.0,478.0,BID
373,1712604886.300829,16268835.81655825,475.6,-1.5764941776498335e-09,478.0,ASK
374,1712604895.4107451,16268848.3951746,477.0,1.576163675884381e-09,478.0,BID
375,1712604900.1149998,16268848.3951746,477.0,0.0,478.0,BID
376,1712604922.780369,16268860.97379095,475.6,-1.576164389885914e-09,478.0,ASK
377,1712604929.5207002,16268873.5524073,477.0,1.5761643901193135e-09,478.0,BID
378,1712604930.1126606,16268873.5524073,477.0,0.0,478.0,BID
379,1712604956.580763,16268886.13102365,475.6,-1.576162023350828e-09,478.0,ASK
380,1712604960.173049,16268886.13102365,475.6,-0.0,478.0,ASK
381,1712604964.5709283,16268898.70700352,477.1,1.575830478592141e-09,478.0,BID
382,1712604985.771118,16268911.28298339,475.6,-1.5758304783587428e-09,478.0,ASK
383,1712604990.182697,16268911.28298339,475.6,-0.0,478.0,ASK
384,1712604994.9207883,16268923.85896326,477.1,1.5758281125779303e-09,478.0,BID
385,1712605020.1866386,16268923.85896326,477.1,0.0,478.0,BID
386,1712605023.6306982,16268936.43494313,475.6,-1.5758269278277647e-09,478.0,ASK
387,1712605034.1917987,16268949.010923,477.1,1.5758269278277647e-09,478.0,BID
388,1712605050.128073,16268949.010923,477.1,0.0,478.0,BID
389,1712605060.541288,16268961.58690287,475.6,-1.5758245620576131e-09,478.0,ASK
390,1712605060.600783,16269171.84762617,475.6,-2.6346576222494533e-08,478.0,ASK
391,1712605066.930875,16269184.42360604,477.1,1.5758245620576131e-09,478.0,BID
392,1712605080.196859,16269184.42360604,477.1,0.0,478.0,BID
393,1712605096.9407678,16269196.99958591,475.6,-1.5758024508393015e-09,478.0,ASK
394,1712605105.4712968,16269209.57556578,477.1,1.5758024508393015e-09,478.0,BID
395,1712605110.1871352,16269209.57556578,477.1,0.0,478.0,BID
396,1712605133.6510837,16269222.15154565,475.6,-1.5758000851426435e-09,478.0,ASK
397,1712605140.1291482,16269222.15154565,475.6,-0.0,478.0,ASK
398,1712605144.091046,16269234.730162,477.0,1.5761292612395906e-09,478.0,BID
399,1712605168.9307983,16269247.30877835,475.7,-1.576129261006197e-09,478.0,ASK
400,1712605170.1283414,16269247.30877835,475.7,-0.0,478.0,ASK
401,1712605181.2811618,16269259.89003228,476.9,1.5764573888478362e-09,478.0,BID
402,1712605200.1466477,16269259.89003228,476.9,0.0,478.0,BID
403,1712605203.8011818,16269272.47128621,475.8,-1.5764562034149184e-09,478.0,ASK
404,1712605217.7514694,16269272.50471117,476.9,4.188214191236711e-12,478.0,BID
405,1712605217.761703,16269285.05254014,476.9,1.5722679894570746e-09,478.0,BID
406,1712605230.1277149,16269285.05254014,476.9,0.0,478.0,BID
407,1712605246.4913447,16269297.63379407,475.8,-1.576453835754942e-09,478.0,ASK
408,1712605255.9653509,16269310.20977394,477.1,1.5757929866072311e-09,478.0,BID
409,1712605260.0214498,16270752.94124708,475.8,-1.8077685877896093e-07,478.0,ASK
410,1712605260.02633,16274345.16070622,475.8,-4.50111584836068e-07,478.0,ASK
411,1712605260.173208,16274345.16070622,475.8,-0.0,478.0,ASK
412,1712605277.763739,16274575.67021951,476.0,-2.8874547421704293e-08,478.0,ASK
413,1712605282.6811633,16274588.24619938,476.0,-1.575317746940536e-09,478.0,ASK
414,1712605290.17447,16274588.24619938,476.0,-0.0,478.0,ASK
415,1712605292.8911147,16274600.82217925,477.1,1.5752949144020902e-09,478.0,BID
416,1712605299.7412791,16274831.68788987,477.1,2.8918746977500503e-08,478.0,BID
417,1712605299.745434,16275768.37296684,477.1,1.1733123410049644e-07,478.0,BID
418,1712605301.4013245,16276188.49824279,476.0,-5.26258166334132e-08,478.0,ASK
419,1712605317.89132,16276201.07422266,476.0,-1.5752949144020902e-09,478.0,ASK
420,1712605320.1182792,16276201.07422266,476.0,-0.0,478.0,ASK
421,1712605327.9811995,16276213.65020253,477.1,1.5751431853194243e-09,478.0,BID
422,1712605335.3910449,16276415.30882445,477.1,2.525776976163004e-08,478.0,BID
423,1712605350.1243582,16276415.30882445,477.1,0.0,478.0,BID
424,1712605353.451505,16276427.88480432,476.0,-1.5751230206216583e-09,478.0,ASK
425,1712605376.8814776,16277108.55219974,477.1,8.525259224426379e-08,478.0,BID
426,1712605376.8860471,16277427.90480432,477.1,3.999844500193554e-08,478.0,BID
427,1712605380.1718652,16277427.90480432,477.1,0.0,478.0,BID
428,1712605398.4514637,16277429.96831475,477.1,2.5843601561990484e-10,478.0,BID
429,1712605398.4609694,16277440.48078419,477.1,1.316591704987981e-09,478.0,BID
430,1712605410.177227,16277440.48078419,477.1,0.0,478.0,BID
431,1712605426.071388,16277453.05676406,476.0,-1.575026536827648e-09,478.0,ASK
432,1712605430.3711033,16277490.36550436,477.1,4.6725787282703686e-09,478.0,BID
433,1712605440.11517,16277490.36550436,477.1,0.0,478.0,BID
434,1712605444.431458,16277511.32547082,477.1,2.625036409384683e-09,478.0,BID
435,1712605457.8813324,16277784.88183872,477.1,3.426033276910095e-08,478.0,BID
436,1712605470.1331072,16277784.88183872,477.1,0.0,478.0,BID
437,1712605470.545453,16277797.45781859,477.1,1.5749941280758215e-09,478.0,BID
438,1712605495.711409,16277810.03379846,476.0,-1.5749941280758215e-09,478.0,ASK
439,1712605500.1363192,16277810.03379846,476.0,-0.0,478.0,ASK
440,1712605508.0214272,16277822.60977833,477.1,1.575002804430967e-09,478.0,BID
441,1712605530.1296935,16277822.60977833,477.1,0.0,478.0,BID
442,1712605538.7914095,16277835.1857582,476.0,-1.575001620921454e-09,478.0,ASK
443,1712605545.3714757,16277847.76173807,477.1,1.575001620921454e-09,478.0,BID
444,1712605560.1814835,16277847.76173807,477.1,0.0,478.0,BID
445,1712605578.551666,16277860.33771794,476.0,-1.574999256636449e-09,478.0,ASK
446,1712605590.1724775,16277860.33771794,476.0,-0.0,478.0,ASK
447,1712605617.8615563,16277872.91369781,477.1,1.5749980760942243e-09,478.0,BID
448,1712605620.128499,16277872.91369781,477.1,0.0,478.0,BID
449,1712605626.111576,16278929.30343593,476.0,-1.3230066936171997e-07,478.0,ASK
450,1712605646.667077,16278941.8794158,476.0,-1.5749968925918179e-09,478.0,ASK
451,1712605650.1213686,16278941.8794158,476.0,-0.0,478.0,ASK
452,1712605653.5521123,16278952.37815846,477.2,1.3147630306709996e-09,478.0,BID
453,1712605653.5562122,16278954.45189118,477.4,2.596946325194775e-10,478.0,BID
454,1712605653.7917118,16279905.20265549,476.0,-1.1906301515716917e-07,478.0,ASK
455,1712605680.1746857,16279905.20265549,476.0,-0.0,478.0,ASK
456,1712605681.8319397,16279917.77513087,476.0,-1.5743672545552214e-09,478.0,ASK
457,1712605690.461716,16279921.92259631,477.4,5.1935944039333e-10,478.0,BID
458,1712605690.4662647,16279930.34320795,477.4,1.0544570444596274e-09,478.0,BID
459,1712605710.1757965,16279930.34320795,477.4,0.0,478.0,BID
460,1712605716.1118536,16279942.91128503,476.0,-1.573814122969034e-09,478.0,ASK
461,1712605724.1016502,16279955.47936211,477.4,1.573814122969034e-09,478.0,BID
462,1712605736.1419077,16281647.25627205,477.4,2.1184962320318744e-07,478.0,BID
463,1712605736.1474218,16282251.33649603,477.4,7.564482473015694e-08,478.0,BID
464,1712605740.130692,16282251.33649603,477.4,0.0,478.0,BID
465,1712605749.9716802,16282263.90457311,476.0,-1.5735957860441463e-09,478.0,ASK
466,1712605754.6116264,16282314.31922859,476.0,-6.3122058300114195e-09,478.0,ASK
467,1712605757.5619657,16282326.88730567,477.4,1.5735957860441463e-09,478.0,BID
468,1712605770.1286356,16282326.88730567,477.4,0.0,478.0,BID
469,1712605781.2819254,16282339.45538275,476.0,-1.5735886972218791e-09,478.0,ASK
470,1712605790.5420148,16282352.02345983,477.4,1.5735886972218791e-09,478.0,BID
471,1712605800.1429083,16282352.02345983,477.4,0.0,478.0,BID
472,1712605812.1218312,16282364.59153691,476.0,-1.5749841807229382e-09,478.0,ASK
473,1712605821.6617117,16282377.15961399,477.4,1.5749841807229382e-09,478.0,BID
474,1712605824.7926593,16283142.07930658,477.4,9.585686081411574e-08,478.0,BID
475,1712605824.797407,16283152.57145317,477.5,1.3148363744981707e-09,478.0,BID
476,1712605824.8018358,16283377.17961399,477.6,2.8147050491665853e-08,478.0,BID
477,1712605830.1147978,16283377.17961399,477.6,0.0,478.0,BID
478,1712605842.0125291,16283384.62802091,476.0,-9.33349112757881e-10,478.0,ASK
479,1712605842.0181768,16284377.19961399,476.0,-1.2437771267334357e-07,478.0,ASK
480,1712605848.912069,16284389.76769107,476.0,-1.5748875857473095e-09,478.0,ASK
481,1712605854.1120768,16284402.33050514,477.6,1.574228085561019e-09,478.0,BID
482,1712605860.1760466,16284402.33050514,477.6,0.0,478.0,BID
483,1712605879.4855902,16284414.89331921,476.0,-1.5741318280872579e-09,478.0,ASK
484,1712605885.9018612,16284427.45613328,477.6,1.5741318280872579e-09,478.0,BID
485,1712605890.1754289,16284427.45613328,477.6,0.0,478.0,BID
486,1712605895.3537295,16284444.20655204,477.6,2.0988392868985807e-09,478.0,BID
487,1712605912.4118557,16284456.76936611,476.1,-1.574129465173935e-09,478.0,ASK
488,1712605918.752073,16284469.33218018,477.6,1.574129465173935e-09,478.0,BID
489,1712605920.1311116,16284469.33218018,477.6,0.0,478.0,BID
490,1712605931.0627806,16284486.08259894,477.6,2.0988340321466394e-09,478.0,BID
491,1712605947.3720028,16284498.64541301,476.2,-1.5741255241099791e-09,478.0,ASK
492,1712605950.1286032,16284498.64541301,476.2,-0.0,478.0,ASK
493,1712605954.1119778,16284511.20822708,477.6,1.5741227662442039e-09,478.0,BID
494,1712605979.864073,16284523.77104115,476.2,-1.5741227662442039e-09,478.0,ASK
495,1712605980.1719248,16284523.77104115,476.2,-0.0,478.0,ASK
496,1712605986.3520198,16284536.33385522,477.6,1.574120402862515e-09,478.0,BID
497,1712606010.1746378,16284536.33385522,477.6,0.0,478.0,BID
498,1712606013.3221729,16284548.89666929,476.2,-1.574119219439837e-09,478.0,ASK
499,1712606020.6522064,16284561.45948336,477.6,1.574119219673226e-09,478.0,BID
500,1712606040.1297388,16284561.45948336,477.6,0.0,478.0,BID
501,1712606045.422078,16284574.02229743,476.4,-1.5741168560687991e-09,478.0,ASK
502,1712606052.3654628,16284586.5851115,477.6,1.5741168560687991e-09,478.0,BID
503,1712606053.3220527,16284623.85479324,477.6,4.66988000608071e-09,478.0,BID
504,1712606070.112496,16284623.85479324,477.6,0.0,478.0,BID
505,1712606074.9420464,16284636.41760731,477.0,-1.574110981420233e-09,478.0,ASK
506,1712606091.0420709,16286701.98694864,477.0,-2.588142565016172e-07,478.0,ASK
507,1712606091.652543,16290231.74642993,477.0,4.422761596526859e-07,478.0,BID
508,1712606100.1468155,16290231.74642993,477.0,0.0,478.0,BID
509,1712606116.5337458,16290244.31187495,477.5,1.573913107553081e-09,478.0,BID
510,1712606130.1132252,16290244.31187495,477.5,0.0,478.0,BID
511,1712606135.9439032,16290256.87731997,476.4,-1.5739119244564811e-09,478.0,ASK
512,1712606146.6220677,16290269.44276499,477.5,1.5739119246897907e-09,478.0,BID
513,1712606160.192893,16290269.44276499,477.5,0.0,478.0,BID
514,1712606172.3722873,16290282.00821001,476.4,-1.573909561693454e-09,478.0,ASK
515,1712606180.1222076,16290294.57365503,477.5,1.5739095614601451e-09,478.0,BID
516,1712606190.1726809,16290294.57365503,477.5,0.0,478.0,BID
517,1712606203.072307,16290300.05760003,476.4,-6.869012995526051e-10,478.0,ASK
518,1712606203.082059,16290307.13910005,476.4,-8.870058991516071e-10,478.0,ASK
519,1712606212.192177,16290319.70454507,477.5,1.573907198470904e-09,478.0,BID
520,1712606212.5376656,16302437.69461442,476.3,-1.5178604317167265e-06,478.0,ASK
521,1712606212.540469,16302915.43021659,476.4,-5.983962383255495e-08,478.0,ASK
522,1712606220.1282246,16302915.43021659,476.4,-0.0,478.0,ASK
523,1712606237.6526034,16302927.99566161,476.2,-1.572722991967515e-09,478.0,ASK
524,1712606244.762424,16302940.56110663,477.5,1.572722991734381e-09,478.0,BID
525,1712606250.1225064,16302940.56110663,477.5,0.0,478.0,BID
526,1712606269.3536978,16302953.12655165,476.2,-1.5727206330345311e-09,478.0,ASK
527,1712606270.252623,16303137.99146169,476.2,-2.3138126653127365e-08,478.0,ASK
528,1712606270.372118,16303153.12655165,476.2,1.8943434333963776e-09,478.0,BID
529,1712606276.4725509,16303165.69726189,477.3,1.5733796402372702e-09,478.0,BID
530,1712606280.1779983,16303165.69726189,477.3,0.0,478.0,BID
531,1712606302.6422615,16303178.26797213,476.5,-1.573358525190134e-09,478.0,ASK
532,1712606308.982528,16303190.83868237,477.3,1.573358525190134e-09,478.0,BID
533,1712606310.192341,16303190.83868237,477.3,0.0,478.0,BID
534,1712606333.9923687,16303203.40939261,476.5,-1.573356164102744e-09,478.0,ASK
535,1712606340.1233428,16303203.40939261,476.5,-0.0,478.0,ASK
536,1712606342.7129557,16303215.98010285,477.3,1.573354984551885e-09,478.0,BID
537,1712606357.9825692,16303232.16727429,477.3,2.025992675490788e-09,478.0,BID
538,1712606370.134017,16303232.16727429,477.3,0.0,478.0,BID
539,1712606372.8924146,16303244.73798453,476.0,-1.5733522815820083e-09,478.0,ASK
540,1712606379.6648488,16303257.30869477,477.3,1.5733522815820083e-09,478.0,BID
541,1712606384.288581,16304978.38750291,477.5,2.154105231833097e-07,478.0,BID
542,1712606384.2915342,16305028.10466193,477.3,6.222608276266723e-09,478.0,BID
543,1712606399.7194855,16305044.85858863,477.5,2.0969243818172437e-09,478.0,BID
544,1712606400.1655698,16305044.85858863,477.5,0.0,478.0,BID
545,1712606403.3069396,16305057.42929887,476.6,-1.5737321626191055e-09,478.0,ASK
546,1712606404.372621,16305070.00527874,477.5,1.5743918696579447e-09,478.0,BID
547,1712606407.3627255,16305095.15196885,476.8,-3.1481240322770504e-09,478.0,ASK
548,1712606410.3723755,16305120.29865896,476.8,-3.1481240322770504e-09,478.0,ASK
549,1712606411.1725247,16305132.86410398,477.5,1.5730730077630075e-09,478.0,BID
550,1712606416.2529874,16306102.76410398,477.5,1.2142216274114998e-07,478.0,BID
551,1712606417.2125254,16307043.36410398,477.5,1.1775408420892521e-07,478.0,BID
552,1712606422.7324915,16307065.11210398,477.5,2.722640679713073e-09,478.0,BID
553,1712606430.1304834,16307065.11210398,477.5,0.0,478.0,BID
554,1712606435.0224946,16307077.677549,477.0,-1.5728830636907803e-09,478.0,ASK
555,1712606443.5745585,16307090.24299402,477.5,1.572883063457623e-09,478.0,BID
556,1712606460.1736035,16307090.24299402,477.5,0.0,478.0,BID
557,1712606468.4327133,16307102.80843904,476.4,-1.572880702298425e-09,478.0,ASK
558,1712606474.66253,16307115.37388406,477.5,1.572880702065268e-09,478.0,BID
559,1712606490.176768,16307115.37388406,477.5,0.0,478.0,BID
560,1712606498.1027374,16307127.93932908,476.4,-1.5728783423975279e-09,478.0,ASK
561,1712606506.7529497,16307140.5047741,477.5,1.5728783421643715e-09,478.0,BID
562,1712606520.138192,16307140.5047741,477.5,0.0,478.0,BID
563,1712606533.2625356,16307153.07021912,476.4,-1.5728759825037123e-09,478.0,ASK
564,1712606540.342844,16307165.63566414,477.5,1.5728759825037123e-09,478.0,BID
565,1712606550.1386428,16307165.63566414,477.5,0.0,478.0,BID
566,1712606563.7126524,16307178.20110916,476.4,-1.572873622383822e-09,478.0,ASK
567,1712606572.4827073,16307190.76655418,477.5,1.5728736226169782e-09,478.0,BID
568,1712606580.14477,16307190.76655418,477.5,0.0,478.0,BID
569,1712606597.2726514,16307203.3319992,476.5,-1.5728712625041702e-09,478.0,ASK
570,1712606599.3924887,16307215.91061555,477.5,1.5745199752630755e-09,478.0,BID
571,1712606602.402552,16307241.05467692,476.5,-3.147391237767245e-09,478.0,ASK
572,1712606605.1927097,16307253.62012194,477.5,1.5728712625041702e-09,478.0,BID
573,1712606605.392523,16307278.76418331,476.5,-3.147391238000401e-09,478.0,ASK
574,1712606608.430453,16307303.90824468,476.5,-3.147391237767245e-09,478.0,ASK
575,1712606610.1203132,16307303.90824468,476.5,-0.0,478.0,ASK
576,1712606611.3925931,16307329.05230605,476.5,-3.147369988146919e-09,478.0,ASK
577,1712606629.4621477,16307341.61775107,476.6,-1.572860643259651e-09,478.0,ASK
578,1712606632.432015,16307354.19504904,477.5,1.574344318628037e-09,478.0,BID
579,1712606635.4017544,16307379.33779203,476.6,-3.147204961887688e-09,478.0,ASK
580,1712606637.7518728,16307391.90323705,477.5,1.5728606434928051e-09,478.0,BID
581,1712606638.4317665,16307417.04598004,476.6,-3.147204961887688e-09,478.0,ASK
582,1712606640.1750703,16307417.04598004,476.6,-0.0,478.0,ASK
583,1712606641.421524,16307442.18872303,476.6,-3.1471837119354542e-09,478.0,ASK
584,1712606644.4114914,16307467.33146602,476.6,-3.1471837119354542e-09,478.0,ASK
585,1712606647.4315135,16307492.47420901,476.6,-3.1471837121686067e-09,478.0,ASK
586,1712606650.4212005,16307517.616952,476.6,-3.1471837119354542e-09,478.0,ASK
587,1712606653.451635,16307542.75969499,476.5,-3.1471837119354542e-09,478.0,ASK
588,1712606658.1813314,16307580.0371819,477.5,4.6661217384643296e-09,478.0,BID
589,1712606661.7722294,16307592.60262692,476.6,-1.5728500232924275e-09,478.0,ASK
590,1712606670.1811874,16307592.60262692,476.6,-0.0,478.0,ASK
591,1712606670.210369,16307605.16807194,477.5,1.5728335447636944e-09,478.0,BID
592,1712606688.5304885,16307815.29625012,477.5,2.6302024862110488e-08,478.0,BID
593,1712606688.540315,16311089.07573466,477.6,4.097833529113113e-07,478.0,BID
594,1712606688.5451958,16312555.16807194,477.5,1.835127370323673e-07,478.0,BID
595,1712606688.6402893,16314653.36362376,477.6,2.626339410912375e-07,478.0,BID
596,1712606688.7002745,16314663.8535735,477.6,1.3130410267572238e-09,478.0,BID
597,1712606688.705243,16316747.36362376,477.6,2.6079573723654014e-07,478.0,BID
598,1712606688.719997,16324462.21116273,477.6,9.656777759917156e-07,478.0,BID
599,1712606688.7436364,16324518.54468307,477.7,7.051342021024024e-09,478.0,BID
600,1712606688.7501836,16325552.00707393,477.7,1.293598685047922e-07,478.0,BID
601,1712606688.755153,16325562.49043865,477.9,1.3122167711656591e-09,478.0,BID
602,1712606688.7580345,16326061.11263474,477.8,6.241320660576081e-08,478.0,BID
603,1712606688.760921,16326261.11263474,478.0,2.503426726488036e-08,478.0,BID
604,1712606688.763832,16327471.88375924,478.0,1.515538396365283e-07,478.0,BID
605,1712606688.766751,16327524.20775826,477.7,6.549464879320587e-09,478.0,BID
606,1712606688.7696688,16327666.92962297,478.0,1.7864686528414944e-08,478.0,BID
607,1712606688.772597,16327677.40860226,478.1,1.3116678409864143e-09,478.1,BID
608,1712606688.775532,16328379.63533976,478.0,8.789865913550443e-08,478.1,BID
609,1712606688.7787626,16328390.12089857,477.8,1.312491408552971e-09,478.1,BID
610,1712606688.7817073,16328400.60207011,478.0,1.3119422477885912e-09,478.1,BID
611,1712606688.7846382,16329844.40523188,478.3,1.8072277114816053e-07,478.3,BID
612,1712606688.7875876,16329953.79048674,478.2,1.3691898525001992e-08,478.3,BID
613,1712606688.7905366,16331019.84399846,478.4,1.334393426553326e-07,478.4,BID
614,1712606688.793511,16331044.84399846,478.2,3.129283408110044e-09,478.4,BID
615,1712606688.79648,16331055.31859599,478.3,1.3111193703453907e-09,478.4,BID
616,1712606688.7994518,16335204.18875229,478.4,5.19319621700416e-07,478.4,BID
617,1712606688.8024096,16335214.66554024,478.2,1.311393548194481e-09,478.4,BID
618,1712606688.8053756,16335258.72609924,478.0,5.5151190490996304e-09,478.4,BID
619,1712606688.8083327,16336369.21116273,478.4,1.390008993652722e-07,478.4,BID
620,1712606688.8601952,16338587.21116273,478.4,2.776300239675232e-07,478.4,BID
621,1712606691.1903698,16338598.71272537,477.7,-1.4396659654764912e-09,478.4,ASK
622,1712606693.170014,16338611.27817039,477.7,-1.5728335447636944e-09,478.4,ASK
623,1712606698.4700391,16339034.27817039,478.4,5.2947475265221984e-08,478.4,BID
624,1712606698.792227,16339294.67817038,478.4,3.259461597752196e-08,478.4,BID
625,1712606699.150004,16340167.07817038,478.4,1.0919947380945477e-07,478.4,BID
626,1712606700.118352,16340167.07817038,478.4,0.0,478.4,BID
627,1712606701.8401036,16340179.6199764,478.4,1.567040920504731e-09,478.4,BID
628,1712606705.7798612,16340502.89023643,477.7,-4.0391130675150106e-08,478.4,ASK
629,1712606706.180235,16352820.10227843,478.4,1.5389789369896558e-06,478.4,BID
630,1712606706.2397022,16353632.72896643,478.4,1.0153396338416017e-07,478.4,BID
631,1712606706.2596073,16353632.72896716,478.4,9.122974287162364e-17,478.4,BID
632,1712606707.7398064,16353844.05896716,477.8,-2.640471055017457e-08,478.4,ASK
633,1712606709.969862,16353864.95760874,478.5,2.6111890494981707e-09,478.5,BID
634,1712606714.3499498,16356153.28734871,477.7,-2.859162656850533e-07,478.5,ASK
635,1712606714.4295847,16356709.72326498,477.7,6.952410594238477e-08,478.5,BID
636,1712606714.4695346,16356897.81103929,478.5,2.350070145595634e-08,478.5,BID
637,1712606714.4746902,16357266.12326498,478.5,4.6018916913994895e-08,478.5,BID
638,1712606715.0693724,16357287.19364003,477.7,-2.632646356003902e-09,478.5,ASK
639,1712606716.435641,16357308.26401508,477.7,-2.632646355771173e-09,478.5,ASK
640,1712606721.469534,16357329.16265666,477.8,-2.611189049265441e-09,478.5,ASK
641,1712606722.4367604,16357350.06129824,477.8,-2.6111890494981707e-09,478.5,ASK
642,1712606725.42946,16357370.95993982,477.8,-2.6111890494981707e-09,478.5,ASK
643,1712606725.5192063,16357391.8585814,478.5,2.611189049265441e-09,478.5,BID
644,1712606728.4499154,16357412.75722298,477.9,-2.6111890494981707e-09,478.5,ASK
645,1712606730.1215105,16357412.75722298,477.9,-0.0,478.5,ASK
646,1712606730.6990345,16357425.299029,477.9,-1.565427675331079e-09,478.5,ASK
647,1712606731.6693015,16357651.06028035,478.5,2.8178789427931093e-08,478.5,BID
648,1712606731.676475,16360525.299029,478.5,3.5875318718282176e-07,478.5,BID
649,1712606731.949135,16361372.899029,478.5,1.0579469141133225e-07,478.5,BID
650,1712606732.0687983,16362107.899029,478.5,9.174032348674304e-08,478.5,BID
651,1712606732.2494216,16362912.599029,478.5,1.0044005212229204e-07,478.5,BID
652,1712606735.2992902,16362933.49767058,478.5,2.608500869221066e-09,478.5,BID
653,1712606736.799159,16362946.03685553,478.5,1.565100521904623e-09,478.5,BID
654,1712606736.9249282,16364338.73685553,478.5,1.7383231091145396e-07,478.5,BID
655,1712606737.069764,16365536.83685552,478.5,1.495429681205146e-07,478.5,BID
656,1712606744.3886776,16365578.63413869,478.5,5.217001740069559e-09,478.5,BID
657,1712606745.268787,16365599.77578773,478.1,-2.638832274725786e-09,478.5,ASK
658,1712606750.4885368,16366327.67578773,478.5,9.085412444358425e-08,478.5,BID
659,1712606750.9385,16366348.57442931,478.5,2.608500869453556e-09,478.5,BID
660,1712606754.194265,16368248.57442931,478.5,2.371518566323969e-07,478.5,BID
661,1712606760.178651,16368248.57442931,478.5,0.0,478.5,BID
662,1712606761.7090068,16368261.11361426,478.0,-1.564088298049238e-09,478.5,ASK
663,1712606769.660274,16368273.65279921,478.5,1.564088298281577e-09,478.5,BID
664,1712606790.1777904,16368273.65279921,478.5,0.0,478.5,BID
665,1712606793.187494,16368286.19198416,478.2,-1.5640859583300635e-09,478.5,ASK
666,1712606800.3072877,16368709.29198416,478.5,5.277574033657196e-08,478.5,BID
667,1712606807.997338,16369798.49198416,478.5,1.3586229348783685e-07,478.5,BID
668,1712606808.4775136,16382857.58724883,478.5,1.6289374160230706e-06,478.5,BID
669,1712606808.4832633,16383020.69571761,478.5,2.034547434425013e-08,478.5,BID
670,1712606820.122728,16383020.69571761,478.5,0.0,478.5,BID
671,1712606836.196841,16383033.23490256,478.5,1.562710471343183e-09,478.5,BID
672,1712606850.1244082,16383033.23490256,478.5,0.0,478.5,BID
673,1712606850.8469265,16383137.94379157,478.5,1.3049457009468424e-08,478.5,BID
674,1712606851.3467689,16383741.8872376,478.6,7.526709632451084e-08,478.6,BID
675,1712606851.3529613,16383807.70557898,478.6,8.202681017800449e-09,478.6,BID
676,1712606852.6468582,16384170.57473739,478.6,4.5222956021671047e-08,478.6,BID
677,1712606858.6978717,16384183.11392234,477.9,-1.562709302816425e-09,478.6,ASK
678,1712606867.095983,16384195.65048732,478.6,1.562382786186346e-09,478.6,BID
679,1712606880.1657426,16384195.65048732,478.6,0.0,478.6,BID
680,1712606883.1160254,16386382.96377144,478.6,2.7257735365247906e-07,478.6,BID
681,1712606883.1236818,16386798.55714097,478.6,5.179017641624247e-08,478.6,BID
682,1712606893.495441,16386811.09370595,477.9,-1.5622744720059706e-09,478.6,ASK
683,1712606901.195831,16386823.63027093,478.6,1.5622744720059706e-09,478.6,BID
684,1712606907.7153718,16386906.69357823,478.6,1.0351135639276802e-08,478.6,BID
685,1712606907.7226567,16387032.57302061,478.6,1.5686772229655808e-08,478.6,BID
686,1712606910.1667397,16387032.57302061,478.6,0.0,478.6,BID
687,1712606926.5450947,16387045.10958559,477.9,-1.562010182679797e-09,478.6,ASK
688,1712606934.1746538,16387057.64615057,478.6,1.5620101824477187e-09,478.6,BID
689,1712606940.1204228,16387057.64615057,478.6,0.0,478.6,BID
690,1712606942.644796,16387057.64615096,478.6,4.850439227641258e-17,478.6,BID
691,1712606942.6508784,16387429.69817496,478.6,4.6356253292614724e-08,478.6,BID
692,1712606942.8247302,16387440.69817496,478.7,1.370557753549651e-09,478.7,BID
693,1712606942.8305182,16388775.87049296,478.7,1.6635734297797117e-07,478.7,BID
694,1712606942.9044578,16388775.87049307,478.7,1.3692627484728909e-17,478.7,BID
695,1712606949.4843545,16388826.25890371,477.9,-6.278202444809317e-09,478.7,ASK
696,1712606957.654215,16388838.79546869,477.9,-1.562007848709993e-09,478.7,ASK
697,1712606965.64414,16388851.32679701,478.8,1.5613553810856402e-09,478.8,BID
698,1712606970.1260602,16388851.32679701,478.8,0.0,478.8,BID
699,1712606988.8236165,16388863.85812533,477.9,-1.5611883778573163e-09,478.8,ASK
700,1712606998.2736592,16388876.38945365,478.8,1.561188377625263e-09,478.8,BID
701,1712607000.1458733,16388876.38945365,478.8,0.0,478.8,BID
702,1712607004.8585193,16388901.32679701,478.8,3.107177171801598e-09,478.8,BID
703,1712607004.862779,16390334.18945365,478.8,1.7853377854302434e-07,478.8,BID
704,1712607011.173194,16390543.04945365,478.8,2.6023823576945324e-08,478.8,BID
705,1712607016.4332633,16390556.10292065,478.8,1.626453711931107e-09,478.8,BID
706,1712607027.9932818,16390568.63424897,477.9,-1.5613955635281303e-09,478.8,ASK
707,1712607030.120228,16390568.63424897,477.9,-0.0,478.8,ASK
708,1712607033.712947,16390581.16557729,478.8,1.5612379490112434e-09,478.8,BID
709,1712607057.7523582,16390593.69690561,478.0,-1.561237948779182e-09,478.8,ASK
710,1712607060.170177,16390593.69690561,478.0,-0.0,478.8,ASK
711,1712607065.3024857,16390606.22823393,478.8,1.5612356168492358e-09,478.8,BID
712,1712607089.532112,16390618.75956225,477.9,-1.5612356168492358e-09,478.8,ASK
713,1712607090.1676552,16390618.75956225,477.9,-0.0,478.8,ASK
714,1712607098.5024033,16390631.29089057,478.8,1.5612332849379402e-09,478.8,BID
715,1712607107.6964698,16390934.57675117,477.6,-3.778529843839215e-08,478.8,ASK
716,1712607107.70343,16391861.60308475,477.9,-1.1549488856905437e-07,478.8,ASK
717,1712607120.1243904,16391861.60308475,477.9,-0.0,478.8,ASK
718,1712607121.0216377,16397284.75449391,478.0,6.756010113599116e-07,478.8,BID
719,1712607121.1616592,16399378.11852991,478.0,2.607854277269076e-07,478.8,BID
720,1712607121.1675508,16407751.57467393,478.0,1.043141710910415e-06,478.8,BID
721,1712607121.3724055,16409844.93870993,478.0,2.607854277269076e-07,478.8,BID
722,1712607123.5916584,16409857.47003825,477.6,-1.5611177797313031e-09,478.8,ASK
723,1712607130.3360386,16414966.0170656,478.0,6.36408478735676e-07,478.8,BID
724,1712607130.411203,16414978.56936685,478.0,1.563730528588777e-09,478.8,BID
725,1712607134.451811,16415670.36936685,478.0,8.61825061475932e-08,478.8,BID
726,1712607139.8516405,16416277.66936685,478.0,7.565573284660402e-08,478.8,BID
727,1712607150.1233993,16416277.66936685,478.0,0.0,478.8,BID
728,1712607150.88182,16418519.86936685,478.0,2.7892146435174925e-07,478.8,BID
729,1712607151.8912606,16418532.4216681,477.6,-1.5614602824119484e-09,478.8,ASK
730,1712607161.0611522,16418544.97396935,478.0,1.5614602826436547e-09,478.8,BID
731,1712607167.0209122,16419172.15806976,478.0,7.801940402479534e-08,478.8,BID
732,1712607180.171601,16419172.15806976,478.0,0.0,478.8,BID
733,1712607188.320721,16419184.71037101,477.6,-1.561191586168131e-09,478.8,ASK
734,1712607195.9924004,16419197.26267226,478.0,1.561191586168131e-09,478.8,BID
735,1712607203.4304628,16419763.96267226,478.0,7.04832726869309e-08,478.8,BID
736,1712607210.1717165,16419763.96267226,478.0,0.0,478.8,BID
737,1712607223.3803203,16419776.51497351,477.6,-1.5611366608858516e-09,478.8,ASK
738,1712607229.4603152,16419789.06727476,478.0,1.5611366608858516e-09,478.8,BID
739,1712607240.1184268,16419789.06727476,478.0,0.0,478.8,BID
740,1712607254.4503124,16419801.61957601,477.6,-1.5611343319510087e-09,478.8,ASK
741,1712607259.2115128,16420015.20351449,477.6,-2.656351313293757e-08,478.8,ASK
742,1712607262.8999908,16420027.75581574,478.0,1.5611343319510087e-09,478.8,BID
743,1712607268.079929,16420236.96083666,478.0,2.6018905542400882e-08,478.8,BID
744,1712607270.1198976,16420236.96083666,478.0,0.0,478.8,BID
745,1712607288.529832,16420249.51313791,477.8,-1.5610927825444802e-09,478.8,ASK
746,1712607296.4997835,16420262.06543916,478.0,1.5610927825444802e-09,478.8,BID
747,1712607300.1334958,16420262.06543916,478.0,0.0,478.8,BID
748,1712607322.7100935,16420274.61774041,477.8,-1.5610934776870426e-09,478.8,ASK
749,1712607325.1399536,16420291.37165611,477.8,-2.083636140400716e-09,478.8,ASK
750,1712607329.509236,16420303.92395736,478.0,1.5610934779186943e-09,478.8,BID
751,1712607330.1104624,16420303.92395736,478.0,0.0,478.8,BID
752,1712607353.4991815,16420316.47625861,477.6,-1.5610895942354982e-09,478.8,ASK
753,1712607360.1778936,16420316.47625861,477.6,-0.0,478.8,ASK
754,1712607360.8134878,16420329.02855986,478.0,1.561088430556472e-09,478.8,BID
755,1712607384.3988223,16420341.58086111,477.6,-1.561088430556472e-09,478.8,ASK
756,1712607390.1674085,16420341.58086111,477.6,-0.0,478.8,ASK
757,1712607393.908558,16420354.13316236,478.0,1.5610861017655292e-09,478.8,BID
758,1712607420.118988,16420354.13316236,478.0,0.0,478.8,BID
759,1712607420.289076,16420366.68546361,477.6,-1.561084936653615e-09,478.8,ASK
760,1712607426.670672,16420379.23776486,478.0,1.5610849368852661e-09,478.8,BID
761,1712607449.247929,16420391.79006611,477.6,-1.5610849368852661e-09,478.8,ASK
762,1712607450.1272187,16420391.79006611,477.6,-0.0,478.8,ASK
763,1712607457.8978257,16420404.34236736,478.0,1.561081444204486e-09,478.8,BID
764,1712607466.3078604,16423682.08758305,477.6,-4.076405698820379e-07,478.8,ASK
765,1712607480.169693,16423682.08758305,477.6,-0.0,478.8,ASK
766,1712607486.2576764,16423694.6398843,477.6,-1.5607764133462407e-09,478.8,ASK
767,1712607492.297928,16423707.19218555,478.0,1.5607764133462407e-09,478.8,BID
768,1712607510.1226494,16434861.2737755,478.0,1.3869191880316576e-06,478.8,BID
769,1712607510.159733,16434861.2737755,478.0,0.0,478.8,BID
770,1712607515.7574294,16434873.82607675,477.6,-1.5597400614537903e-09,478.8,ASK
771,1712607524.507399,16434886.378378,478.0,1.5597400614537903e-09,478.8,BID
772,1712607540.1126645,16434886.378378,478.0,0.0,478.8,BID
773,1712607549.6271367,16434898.93067925,477.6,-1.5597377366840303e-09,478.8,ASK
774,1712607557.197106,16434911.4829805,478.0,1.5597377366840303e-09,478.8,BID
775,1712607570.1183,16434911.4829805,478.0,0.0,478.8,BID
776,1712607579.79716,16434924.03528175,477.6,-1.5597354116897503e-09,478.8,ASK
777,1712607588.046794,16434936.587583,478.0,1.5597354119212007e-09,478.8,BID
778,1712607600.129586,16434936.587583,478.0,0.0,478.8,BID
779,1712607614.6372628,16434949.13988425,477.6,-1.5597525064470383e-09,478.8,ASK
780,1712607622.0168142,16434961.6921855,478.0,1.5597525064470383e-09,478.8,BID
781,1712607630.0970094,16434961.6921855,478.0,0.0,478.8,BID
782,1712607643.397031,16435991.36592616,477.6,-1.2794735976974056e-07,478.8,ASK
783,1712607643.4058175,16439259.23581456,477.6,-4.060658320997295e-07,478.8,ASK
784,1712607643.4851568,16439266.63552007,477.6,-9.194881308202375e-10,478.8,ASK
785,1712607643.489384,16440940.88332157,477.6,-2.0804219564253944e-07,478.8,ASK
786,1712607645.2469783,16440953.43562282,476.7,-1.5597501816401803e-09,478.8,ASK
787,1712607654.5364993,16440965.99843689,477.6,1.561056505621648e-09,478.8,BID
788,1712607654.8963428,16441002.84935816,477.6,4.5790990828790944e-09,478.8,BID
789,1712607660.132651,16441002.84935816,477.6,0.0,478.8,BID
790,1712607675.606194,16441015.41217223,476.7,-1.5604970348642242e-09,478.8,ASK
791,1712607686.926232,16441027.9749863,477.6,1.5604970348642242e-09,478.8,BID
792,1712607690.1070445,16441027.9749863,477.6,0.0,478.8,BID
793,1712607712.8160682,16441040.53780037,476.7,-1.56049471100309e-09,478.8,ASK
794,1712607718.9961696,16441053.10061444,477.6,1.56049471100309e-09,478.8,BID
795,1712607720.1719651,16441053.10061444,477.6,0.0,478.8,BID
796,1712607720.2701368,16441261.5532945,477.6,2.5892990098013282e-08,478.8,BID
797,1712607740.605918,16441265.83047314,476.7,-5.312905745754e-10,478.8,ASK
798,1712607740.615997,16441274.11610857,476.7,-1.0292018125734767e-09,478.8,ASK
799,1712607750.158646,16441274.11610857,476.7,-0.0,478.8,ASK
800,1712607751.1659436,16441286.67892264,477.6,1.560471928770796e-09,478.8,BID
801,1712607779.5056157,16441299.24173671,476.7,-1.560471928770796e-09,478.8,ASK
802,1712607780.11437,16441299.24173671,476.7,-0.0,478.8,ASK
803,1712607786.4254112,16441311.80455078,477.6,1.5604696049844363e-09,478.8,BID
804,1712607804.3657112,16441334.145927,476.7,-2.775097866774105e-09,478.8,ASK
805,1712607810.1169956,16441334.145927,476.7,-0.0,478.8,ASK
806,1712607810.1544757,16441346.70874107,476.7,-1.5604663776755674e-09,478.8,ASK
807,1712607818.5386877,16441359.27155514,477.6,1.5604663776755674e-09,478.8,BID
808,1712607840.1594298,16441359.27155514,477.6,0.0,478.8,BID
1009,1712607841.2951925,16441371.83436921,476.7,-1.56046405390574e-09,478.8,ASK
809,1712607841.2951925,16441371.83436921,476.7,-1.5604640539057401e-09,478.8,ASK
1010,1712607849.7651415,16441384.39718328,477.6,1.56046405390574e-09,478.8,BID
810,1712607849.7651415,16441384.39718328,477.6,1.5604640539057401e-09,478.8,BID
811,1712607870.159437,16441384.39718328,477.6,0.0,478.8,BID
812,1712607874.895434,16441396.95999735,476.7,-1.560461730142833e-09,478.8,ASK
813,1712607882.0249496,16441409.52544237,477.5,1.560788527565562e-09,478.8,BID
814,1712607900.1409729,16441409.52544237,477.5,0.0,478.8,BID
815,1712607906.2651384,16441422.09088739,476.7,-1.5608838252247355e-09,478.8,ASK
816,1712607912.7298756,16441434.65633241,477.5,1.5608838252247355e-09,478.8,BID
817,1712607930.1087956,16441434.65633241,477.5,0.0,478.8,BID
818,1712607936.7149248,16441447.22177743,476.7,-1.560881500223715e-09,478.8,ASK
819,1712607945.3845253,16441459.78722245,477.5,1.560881500455093e-09,478.8,BID
820,1712607960.1547563,16441459.78722245,477.5,0.0,478.8,BID
821,1712607966.9149635,16441472.35266747,476.7,-1.560879175460998e-09,478.8,ASK
822,1712607975.806619,16441573.18197843,476.7,-1.2525013759408084e-08,478.8,ASK
823,1712607976.6841114,16441585.75005551,477.4,1.5612061299960543e-09,478.8,BID
824,1712607981.524221,16441627.64364579,477.4,5.2040204348626996e-09,478.8,BID
825,1712607990.1614027,16441627.64364579,477.4,0.0,478.8,BID
826,1712608001.296516,16441640.21172287,476.7,-1.5611906047917819e-09,478.8,ASK
827,1712608008.884391,16441752.52079744,476.7,-1.3950890891125393e-08,478.8,ASK
828,1712608020.1265872,16441752.52079744,476.7,-0.0,478.8,ASK
829,1712608043.0239642,16441765.09150768,477.3,1.5615061458591919e-09,478.8,BID
830,1712608050.1092286,16441765.09150768,477.3,0.0,478.8,BID
831,1712608069.3541195,16441777.66221792,476.7,-1.5615049820587803e-09,478.8,ASK
832,1712608076.6541348,16441790.23556242,477.2,1.561832203701917e-09,478.8,BID
833,1712608080.1641712,16441790.23556242,477.2,0.0,478.8,BID
834,1712608100.0938387,16441802.80890692,476.7,-1.5618298773131934e-09,478.8,ASK
835,1712608108.3241818,16441815.38225142,477.2,1.56182987708182e-09,478.8,BID
1035,1712608108.3241818,16441815.38225142,477.2,1.5618298770818202e-09,478.8,BID
836,1712608110.1661105,16441815.38225142,477.2,0.0,478.8,BID
837,1712608135.0136273,16441827.95559592,476.7,-1.561827550456404e-09,478.8,ASK
838,1712608140.1040702,16441827.95559592,476.7,-0.0,478.8,ASK
839,1712608141.6236303,16441840.52894042,477.2,1.561826387640434e-09,478.8,BID
840,1712608166.4433627,16441853.10228492,476.7,-1.5618263874090615e-09,478.8,ASK
841,1712608170.1114995,16441853.10228492,476.7,-0.0,478.8,ASK
842,1712608174.3933218,16441865.67562942,477.2,1.5618240607940427e-09,478.8,BID
843,1712608181.8154054,16441888.16544972,476.7,-2.7936196661838557e-09,478.8,ASK
844,1712608190.0937257,16446122.65124551,476.7,-5.259954342751944e-07,478.8,ASK
845,1712608190.0970178,16447971.16544972,476.7,-2.296170251825483e-07,478.8,ASK
846,1712608193.803172,16448473.16544972,476.7,-6.235697100900655e-08,478.8,ASK
847,1712608200.2057807,16448473.16544972,476.7,-0.0,478.8,ASK
848,1712608201.086233,16448485.73879422,476.7,-1.5621881392935923e-09,478.8,ASK
849,1712608230.1629124,16448485.73879422,476.7,-0.0,478.8,ASK
850,1712608242.2730334,16448564.73879422,476.7,-9.815429068382824e-09,478.8,ASK
851,1712608243.2531185,16450227.6958751,476.7,-2.0661566166005528e-07,478.8,ASK
852,1712608243.2577934,16451736.73879422,476.7,-1.874924523261513e-07,478.8,ASK
853,1712608243.2728086,16452171.53711506,476.7,-5.4021925028467664e-08,478.8,ASK
854,1712608243.7131102,16452407.73879422,476.5,-2.9347099083999132e-08,478.8,ASK
1054,1712608243.7131102,16452407.73879422,476.5,-2.934709908399913e-08,478.8,ASK
855,1712608260.1050107,16452407.73879422,476.5,-0.0,478.8,ASK
856,1712608260.340089,16452444.62060478,477.2,4.581350946377352e-09,478.8,BID
857,1712608270.3931186,16452457.19394928,477.2,1.561824185271156e-09,478.8,BID
858,1712608290.109126,16452457.19394928,477.2,0.0,478.8,BID
859,1712608295.552936,16452469.76729378,476.5,-1.561819606529416e-09,478.8,ASK
860,1712608303.1829991,16452482.34063828,477.2,1.561819606760787e-09,478.8,BID
861,1712608317.715151,16452611.71434204,477.2,1.6070377067812418e-08,478.8,BID
862,1712608320.1560369,16452611.71434204,477.2,0.0,478.8,BID
863,1712608326.7626758,16452624.28768654,476.5,-1.561805303292873e-09,478.8,ASK
864,1712608335.672775,16452636.86103104,477.2,1.561805303292873e-09,478.8,BID
865,1712608350.161906,16452636.86103104,477.2,0.0,478.8,BID
866,1712608360.8841753,16452649.43437554,476.5,-1.5618029767657815e-09,478.8,ASK
867,1712608369.1724691,16452662.00772004,477.2,1.5618029769971507e-09,478.8,BID
868,1712608380.098637,16452662.00772004,477.2,0.0,478.8,BID
1069,1712608392.652561,16452674.58106454,476.5,-1.5618006507083581e-09,478.8,ASK
869,1712608392.652561,16452674.58106454,476.5,-1.561800650708358e-09,478.8,ASK
870,1712608401.3425288,16452687.15440904,477.2,1.561800650476989e-09,478.8,BID
871,1712608410.110445,16452687.15440904,477.2,0.0,478.8,BID
872,1712608431.144987,16452699.72775354,476.5,-1.561798324426495e-09,478.8,ASK
873,1712608436.9321697,16452712.30109804,477.2,1.561798324195127e-09,478.8,BID
874,1712608440.1207547,16452712.30109804,477.2,0.0,478.8,BID
875,1712608463.182293,16452724.87444254,476.5,-1.561795998151563e-09,478.8,ASK
876,1712608470.1178334,16452724.87444254,476.5,-0.0,478.8,ASK
877,1712608472.0023704,16452737.44778704,477.2,1.5617948358704163e-09,478.8,BID
878,1712608498.8920565,16452750.02113154,476.5,-1.5617948356390483e-09,478.8,ASK
879,1712608500.137077,16452750.02113154,476.5,-0.0,478.8,ASK
880,1712608505.4519708,16452762.59447604,477.2,1.563750204366224e-09,478.8,BID
881,1712608529.351828,16452775.16782054,476.5,-1.5637502041345663e-09,478.8,ASK
882,1712608530.1099906,16452775.16782054,476.5,-0.0,478.8,ASK
883,1712608539.3517787,16452787.74116504,477.2,1.5637478722730712e-09,478.8,BID
884,1712608560.1707916,16452787.74116504,477.2,0.0,478.8,BID
885,1712608561.621987,16452886.73488888,476.5,-1.2311848251483644e-08,478.8,ASK
886,1712608564.9417243,16452899.30823338,476.5,-1.563746705373246e-09,478.8,ASK
887,1712608573.2918234,16452911.88157788,477.2,1.5637467051415898e-09,478.8,BID
888,1712608590.154292,16452911.88157788,477.2,0.0,478.8,BID
889,1712608597.2521915,16452924.45492238,476.5,-1.563735199502027e-09,478.8,ASK
890,1712608604.902243,16452937.02826688,477.2,1.563735199502027e-09,478.8,BID
891,1712608620.1003084,16452937.02826688,477.2,0.0,478.8,BID
892,1712608632.5713122,16452949.60161138,476.5,-1.5637328672219732e-09,478.8,ASK
893,1712608640.721248,16452962.17495588,477.2,1.563732867453628e-09,478.8,BID
894,1712608650.1095998,16452962.17495588,477.2,0.0,478.8,BID
895,1712608666.471762,16452974.74830038,476.5,-1.5637305351805315e-09,478.8,ASK
896,1712608673.5019426,16452987.32164488,477.2,1.5637305354121863e-09,478.8,BID
897,1712608680.183716,16452987.32164488,477.2,0.0,478.8,BID
898,1712608701.9629192,16453298.85322209,477.2,3.874472010998244e-08,478.8,BID
899,1712608701.9720523,16459885.73205474,477.2,8.192003489797854e-07,478.8,BID
900,1712608701.9761622,16460933.51076388,477.2,1.3031068370747005e-07,478.8,BID
901,1712608702.061846,16460933.51076438,477.2,6.231503737453916e-17,478.8,BID
902,1712608703.0619483,16460946.08410888,476.5,-1.563728203146045e-09,478.8,ASK
903,1712608707.25182,16460959.63361426,476.5,-1.6851318839401301e-09,478.8,ASK
1103,1712608707.25182,16460959.63361426,476.5,-1.68513188394013e-09,478.8,ASK
904,1712608710.1520166,16460959.63361426,476.5,-0.0,478.8,ASK
905,1712608740.104032,16460959.63361426,476.5,-0.0,478.8,ASK
906,1712608744.3226154,16460970.12576085,477.5,1.3042755966556015e-09,478.8,BID
907,1712608744.331602,16460972.19905928,477.5,2.5773110621573486e-10,478.8,BID
908,1712608769.0723276,16460984.7645043,476.5,-1.5620067031028815e-09,478.8,ASK
909,1712608770.1004157,16460984.7645043,476.5,-0.0,478.8,ASK
910,1712608800.124325,16460984.7645043,476.5,-0.0,478.8,ASK
911,1712608830.100708,16460984.7645043,476.5,-0.0,478.8,ASK
912,1712608840.4639716,16460997.32994932,477.5,1.562734091898934e-09,478.8,BID
913,1712608850.8933268,16461007.81989906,477.6,1.3046097497572775e-09,478.8,BID
914,1712608850.8995073,16463588.66448163,477.5,3.209734163015471e-07,478.8,BID
915,1712608860.166219,16463588.66448163,477.5,0.0,478.8,BID
916,1712608862.733506,16463601.22992665,477.0,-1.5624924772912183e-09,478.8,ASK
917,1712608890.156087,16463601.22992665,477.0,-0.0,478.8,ASK
918,1712608895.737484,16465665.37525484,478.0,2.566728944893285e-07,478.8,BID
919,1712608895.742907,16465675.86081365,477.8,1.303861066985409e-09,478.8,BID
920,1712608895.9144738,16466298.69972607,478.0,7.744893940757028e-08,478.8,BID
921,1712608895.91977,16469123.92175961,478.0,3.5131146388781414e-07,478.8,BID
922,1712608905.6637635,16469123.92176001,478.0,4.9797589731699e-17,478.8,BID
923,1712608905.6771238,16475610.80713287,478.0,8.066329546342637e-07,478.8,BID
924,1712608905.6830218,16475621.28830401,478.0,1.3033154679159067e-09,478.8,BID
925,1712608905.7035472,16475631.7672833,478.1,1.303042915052937e-09,478.8,BID
926,1712608906.1167605,16476231.7672833,478.0,-7.460896022695556e-08,478.8,ASK
927,1712608910.3041334,16476242.23969132,478.4,1.30222578918243e-09,478.8,BID
928,1712608910.3140445,16476244.30865684,478.5,2.5727227684434376e-10,478.8,BID
929,1712608920.1167357,16476244.30865684,478.5,0.0,478.8,BID
930,1712608932.643637,16476256.85003038,477.2,-1.5583270054171475e-09,478.8,ASK
931,1712608941.7136302,16476269.3918364,478.4,1.558380743188252e-09,478.8,BID
932,1712608950.1069734,16476269.3918364,478.4,0.0,478.8,BID
933,1712608967.5079217,16476281.93364242,477.2,-1.5583784227402163e-09,478.8,ASK
934,1712608974.4739244,16476294.47544844,478.4,1.558378422508774e-09,478.8,BID
935,1712608980.1640148,16476294.47544844,478.4,0.0,478.8,BID
936,1712608998.4546103,16476307.01725446,477.2,-1.558376101796245e-09,478.8,ASK
937,1712609007.06415,16476319.55906048,478.4,1.558376101796245e-09,478.8,BID
938,1712609010.1574333,16476319.55906048,478.4,0.0,478.8,BID
939,1712609034.084115,16476332.1008665,477.2,-1.558373781090628e-09,478.8,ASK
940,1712609040.1047907,16476332.1008665,477.2,-0.0,478.8,ASK
941,1712609041.664275,16476344.64267252,478.4,1.558372622197526e-09,478.8,BID
942,1712609051.130566,16479980.93031798,478.4,4.51824171427409e-07,478.8,BID
943,1712609051.1380167,16481686.36980226,478.4,2.1190809337300325e-07,478.8,BID
944,1712609066.1943796,16481698.91160828,477.2,-1.558372622197526e-09,478.8,ASK
945,1712609070.1058054,16481698.91160828,477.2,-0.0,478.8,ASK
1146,1712609072.7743778,16481711.4534143,478.4,1.5578756307447181e-09,478.8,BID
946,1712609072.7743778,16481711.4534143,478.4,1.557875630744718e-09,478.8,BID
1147,1712609097.6546378,16481723.99522032,477.4,-1.5578756307447181e-09,478.8,ASK
947,1712609097.6546378,16481723.99522032,477.4,-1.557875630744718e-09,478.8,ASK
948,1712609100.1243532,16481723.99522032,477.4,-0.0,478.8,ASK
949,1712609106.946984,16481736.53702634,478.4,1.5594221616466871e-09,478.8,BID
950,1712609130.1110976,16481736.53702634,478.4,0.0,478.8,BID
951,1712609136.2746956,16481749.07883236,477.4,-1.559420998275641e-09,478.8,ASK
952,1712609140.7078547,16481761.62063838,478.4,1.559420998275641e-09,478.8,BID
953,1712609160.135007,16481761.62063838,478.4,0.0,478.8,BID
1154,1712609162.7848556,16481774.1624444,478.0,-1.5594186739705441e-09,478.8,ASK
954,1712609162.7848556,16481774.1624444,478.0,-1.559418673970544e-09,478.8,ASK
1155,1712609171.814773,16481786.70425042,478.4,1.5594186739705441e-09,478.8,BID
955,1712609171.814773,16481786.70425042,478.4,1.559418673970544e-09,478.8,BID
956,1712609190.1095393,16481786.70425042,478.4,0.0,478.8,BID
1157,1712609194.274851,16481799.24605644,478.0,-1.559416348213308e-09,478.8,ASK
957,1712609194.274851,16481799.24605644,478.0,-1.5594163482133081e-09,478.8,ASK
1158,1712609203.46502,16481811.78786246,478.4,1.559416348213308e-09,478.8,BID
958,1712609203.46502,16481811.78786246,478.4,1.5594163482133081e-09,478.8,BID
959,1712609220.167025,16481811.78786246,478.4,0.0,478.8,BID
960,1712609234.1948662,16481824.32966848,478.0,-1.559414022694605e-09,478.8,ASK
961,1712609240.454837,16481836.8714745,478.4,1.559414022463009e-09,478.8,BID
962,1712609250.1562183,16481836.8714745,478.4,0.0,478.8,BID
963,1712609254.0648394,16481941.3865245,478.4,1.2995097452051696e-08,478.8,BID
964,1712609259.9252098,16482290.8339835,478.3,4.344928107564519e-08,478.8,BID
965,1712609259.9457164,16482290.83398396,478.3,5.720418296252464e-17,478.8,BID
966,1712609260.8912745,16482303.37578998,478.3,-1.559411696719647e-09,478.8,ASK
967,1712609271.6051714,16482303.37579015,478.4,2.130682118442213e-17,478.8,BID
1168,1712609271.6118844,16482311.77704406,478.5,1.044587485397258e-09,478.8,BID
968,1712609271.6118844,16482311.77704406,478.5,1.0445874853972581e-09,478.8,BID
969,1712609271.6161342,16482315.91411034,478.6,5.14390793292561e-10,478.8,BID
970,1712609280.1174788,16482315.91411034,478.6,0.0,478.8,BID
971,1712609298.5160496,16482328.4524307,478.0,-1.5589338851362902e-09,478.8,ASK
972,1712609304.9230597,16482334.78339617,478.6,7.871514134901782e-10,478.8,BID
973,1712609304.9291172,16482340.98899568,478.6,7.715642188938924e-10,478.8,BID
974,1712609310.1142576,16482340.98899568,478.6,0.0,478.8,BID
975,1712609329.715195,16482353.52556066,478.0,-1.558713308074899e-09,478.8,ASK
976,1712609338.4049582,16482366.06212564,478.6,1.558713308074899e-09,478.8,BID
977,1712609340.1589386,16482366.06212564,478.6,0.0,478.8,BID
978,1712609367.97516,16482378.59869062,478.0,-1.5587109839352711e-09,478.8,ASK
979,1712609370.159582,16482378.59869062,478.0,-0.0,478.8,ASK
980,1712609373.4951825,16482391.1352556,478.6,1.558709822596929e-09,478.8,BID
981,1712609398.1251645,16482403.67182058,478.0,-1.558709822596929e-09,478.8,ASK
982,1712609400.1392033,16482403.67182058,478.0,-0.0,478.8,ASK
983,1712609406.4752934,16482416.21100553,478.5,1.559572155006719e-09,478.8,BID
984,1712609429.4554973,16482428.75019048,478.0,-1.559572155006719e-09,478.8,ASK
985,1712609430.1090918,16482428.75019048,478.0,-0.0,478.8,ASK
986,1712609438.705201,16482441.28937543,478.5,1.5595698285484243e-09,478.8,BID
987,1712609460.1581671,16482441.28937543,478.5,0.0,478.8,BID
988,1712609464.3153553,16482453.82856038,478.0,-1.5595686647138155e-09,478.8,ASK
989,1712609464.655765,16483191.78203876,478.0,-9.178340741117429e-08,478.8,ASK
990,1712609464.6622565,16483290.64864407,478.0,-1.2296593457946652e-08,478.8,ASK
991,1712609468.5553951,16483702.64864407,478.0,-5.124274762747826e-08,478.8,ASK
992,1712609468.5846944,16485577.44305061,478.0,-2.331786811353703e-07,478.8,ASK
993,1712609468.5893145,16486488.44305061,478.0,-1.13306172545225e-07,478.8,ASK
994,1712609468.5929782,16491300.64864407,478.0,-5.985209630028509e-07,478.8,ASK
995,1712609469.5552812,16493595.39559632,477.4,-2.8541053141529706e-07,478.8,ASK
996,1712609469.5607672,16493697.64864407,478.0,-1.2717784271754842e-08,478.8,ASK
997,1712609469.5951543,16494999.10488751,477.4,-1.6186940250200946e-07,478.8,ASK
998,1712609469.7154,16497219.64864351,477.4,2.761814642828068e-07,478.8,BID
999,1712609469.7249076,16497219.64864407,477.4,6.950028298659357e-17,478.8,BID
1000,1712609472.2652085,16497232.18782902,478.5,1.5595686647138155e-09,478.8,BID
1201,1712609487.323772,16497332.18782902,478.0,-1.2437560103756858e-08,478.8,ASK
1202,1712609490.1695848,16497332.18782902,478.0,-0.0,478.8,ASK
1203,1712609494.13519,16497352.18782902,478.0,-2.4853128829291073e-09,478.8,ASK
1204,1712609497.715807,16497358.24822978,478.0,-7.530996042023721e-10,478.8,ASK
1205,1712609497.7193382,16497364.72701397,477.2,-8.050902907172159e-10,478.8,ASK
1206,1712609505.459863,16497377.26619892,478.5,1.558189894919588e-09,478.8,BID
1207,1712609520.1147494,16497377.26619892,478.5,0.0,478.8,BID
1208,1712609531.3753462,16497389.80538387,477.2,-1.558185722496931e-09,478.8,ASK
1209,1712609536.7053728,16499654.45725965,477.2,-2.814176705466473e-07,478.8,ASK
1210,1712609536.7067847,16502731.53251361,477.2,-3.8237371462145937e-07,478.8,ASK
1211,1712609539.375324,16502744.07169856,478.5,1.558185722496931e-09,478.8,BID
1212,1712609550.1034217,16502744.07169856,478.5,0.0,478.8,BID
1213,1712609562.8552334,16502756.61088351,477.2,-1.5576899870244295e-09,478.8,ASK
1214,1712609570.825941,16502769.15006846,478.5,1.5576899870244295e-09,478.8,BID
1215,1712609580.1601138,16502769.15006846,478.5,0.0,478.8,BID
1216,1712609598.4252489,16502781.68925341,477.2,-1.557687668119221e-09,478.8,ASK
1217,1712609606.8153186,16502794.22843836,478.5,1.557687668119221e-09,478.8,BID
1218,1712609610.1556437,16502794.22843836,478.5,0.0,478.8,BID
1219,1712609632.34546,16502806.76762331,477.2,-1.5576853492209179e-09,478.8,ASK
1220,1712609640.1078677,16502806.76762331,477.2,-0.0,478.8,ASK
1221,1712609640.1407614,16502819.30680826,478.5,1.557684191120114e-09,478.8,BID
1222,1712609667.4454613,16502831.84599321,477.2,-1.5576841913515023e-09,478.8,ASK
1223,1712609670.1103866,16502831.84599321,477.2,-0.0,478.8,ASK
1224,1712609674.2353134,16502844.38517816,478.5,1.55768187246355e-09,478.8,BID
1225,1712609697.7352295,16502856.92436311,477.2,-1.55768187246355e-09,478.8,ASK
1226,1712609700.155437,16502856.92436311,477.2,-0.0,478.8,ASK
1227,1712609704.4853404,16502869.46354806,478.5,1.5578246603159367e-09,478.8,BID
1228,1712609717.4851334,16506940.12470577,478.4,5.057247628460072e-07,478.8,BID
1229,1712609727.1853137,16506952.66389072,477.3,-1.5578246603159367e-09,478.8,ASK
1230,1712609730.155864,16506952.66389072,477.3,-0.0,478.8,ASK
1231,1712609760.1169617,16506952.66389072,477.3,-0.0,478.8,ASK
1232,1712609770.435867,16506965.20307567,478.1,1.557445534938724e-09,478.8,BID
1233,1712609770.4382403,16506965.21356652,478.1,1.3030294196976976e-12,478.8,BID
1234,1712609781.6852293,16512204.2541233,478.1,6.507217458604727e-07,478.8,BID
1235,1712609781.6951082,16512302.84803311,478.1,1.2245982909851806e-08,478.8,BID
1236,1712609790.1148868,16512302.84803311,478.1,0.0,478.8,BID
1237,1712609795.3956652,16512315.39770891,477.3,-1.5582534914720871e-09,478.8,ASK
1238,1712609803.9457524,16512327.94738471,478.1,1.5582534914720871e-09,478.8,BID
1239,1712609818.2608528,16512518.48631391,478.1,2.3658615283843338e-08,478.8,BID
1240,1712609818.2637937,16512531.03598971,478.1,1.5582534914720871e-09,478.8,BID
1241,1712609820.1708393,16512531.03598971,478.1,0.0,478.8,BID
1242,1712609830.2391932,16512543.58566551,477.3,-1.55823238530738e-09,478.8,ASK
1243,1712609839.1052704,16512565.24279625,477.3,-2.689060899331316e-09,478.8,ASK
1244,1712609850.1607542,16512565.24279625,477.3,-0.0,478.8,ASK
1245,1712609869.6953409,16512577.79247159,478.1,1.558229169288578e-09,478.8,BID
1246,1712609869.6982558,16512577.79247205,478.1,5.712496120160486e-17,478.8,BID
1247,1712609880.1148884,16512577.79247205,478.1,0.0,478.8,BID
1248,1712609896.8354688,16512590.34214785,477.3,-1.5582280655501583e-09,478.8,ASK
1249,1712609903.105192,16512602.89182365,478.1,1.5582280655501583e-09,478.8,BID
1250,1712609910.103623,16512602.89182365,478.1,0.0,478.8,BID
1251,1712609928.4750729,16512615.44149945,477.3,-1.5582257457710395e-09,478.8,ASK
1252,1712609937.635553,16512625.9182874,478.2,1.300846410559085e-09,478.8,BID
1253,1712609937.6390345,16512627.98855089,478.2,2.5705348267226627e-10,478.8,BID
1254,1712609940.141977,16512627.98855089,478.2,0.0,478.8,BID
1255,1712609961.8531756,16512660.12509394,478.2,3.990215764150673e-09,478.8,BID
1256,1712609961.8546324,16512685.22444554,478.2,3.116446851997656e-09,478.8,BID
1257,1712609964.528283,16512697.77149698,478.2,-1.5578975737129707e-09,478.8,ASK
1258,1712609969.6581717,16512787.89605008,478.2,-1.1190264365308662e-08,478.8,ASK
1259,1712609970.2079504,16512787.89605008,478.2,-0.0,478.8,ASK
1260,1712609972.5755036,16512800.44310152,478.2,1.5578827822747783e-09,478.8,BID
1261,1712609997.3852575,16512812.99015296,477.4,-1.5578827825060506e-09,478.8,ASK
1262,1712610000.1960216,16512812.99015296,477.4,-0.0,478.8,ASK
1263,1712610030.1099808,16512812.99015296,477.4,-0.0,478.8,ASK
1264,1712610038.4072428,16512825.5372044,478.2,1.560557507837238e-09,478.8,BID
1265,1712610053.266951,16513034.65472844,478.2,2.600929180431461e-08,478.8,BID
1266,1712610060.184594,16513034.65472844,478.2,0.0,478.8,BID
1267,1712610067.497942,16513959.75299578,477.4,-1.1505890612265621e-07,478.8,ASK
1268,1712610067.76518,16513972.30004722,477.4,-1.5605369341029931e-09,478.8,ASK
1269,1712610071.6852832,16514013.91953429,478.2,5.176415116830446e-09,478.8,BID
1270,1712610071.6883752,16514035.03530443,478.2,2.6262695543795182e-09,478.8,BID
1271,1712610075.140598,16514453.27035252,478.2,5.201789781069199e-08,478.8,BID
1272,1712610090.1591437,16514453.27035252,478.2,0.0,478.8,BID
1273,1712610103.4153645,16514463.91953429,478.2,1.324378166371751e-09,478.8,BID
1274,1712610103.4192562,16514465.81740396,478.2,2.360272560239783e-10,478.8,BID
1275,1712610120.1212666,16514465.81740396,478.2,0.0,478.8,BID
1276,1712610121.0373516,16514874.51740396,478.2,5.082765647066339e-08,478.8,BID
1277,1712610128.7652848,16514887.0644554,477.4,-1.560404258044115e-09,478.8,ASK
1278,1712610131.2501807,16515044.6337381,478.2,1.9595980845230047e-08,478.8,BID
1279,1712610137.2551408,16515057.17554412,478.4,1.5597519155774795e-09,478.8,BID
1280,1712610141.785214,16515163.60040612,478.2,-1.3235444887741028e-08,478.8,ASK
1281,1712610143.055293,16515409.60040612,478.2,3.059359797344997e-08,478.8,BID
1282,1712610143.6457517,16515655.60040612,478.2,3.059359797344997e-08,478.8,BID
1283,1712610143.8349774,16515901.60040612,478.2,3.059359797344997e-08,478.8,BID
1284,1712610150.1164746,16515901.60040612,478.2,0.0,478.8,BID
1285,1712610160.8354166,16515914.14221214,477.5,-1.5596187452366067e-09,478.8,ASK
1286,1712610168.3722734,16515926.68926358,478.2,1.560271032238404e-09,478.8,BID
1287,1712610180.157499,16515926.68926358,478.2,0.0,478.8,BID
1288,1712610193.307316,16515939.23631502,477.6,-1.5602687058964687e-09,478.8,ASK
1289,1712610201.2447436,16515951.78336646,478.2,1.560268706128095e-09,478.8,BID
1290,1712610210.179139,16515951.78336646,478.2,0.0,478.8,BID
1291,1712610226.7357316,16515964.3304179,477.6,-1.5602663790636827e-09,478.8,ASK
1292,1712610234.144896,16515976.8800937,478.1,1.5605927268125607e-09,478.8,BID
1293,1712610240.115264,16515976.8800937,478.1,0.0,478.8,BID
1294,1712610255.875208,16515989.4297695,477.6,-1.560590399500032e-09,478.8,ASK
1295,1712610265.14508,16516001.9794453,478.1,1.560590399500032e-09,478.8,BID
1296,1712610270.0978975,16516001.9794453,478.1,0.0,478.8,BID
1297,1712610291.3248725,16516014.5291211,477.6,-1.560588072182831e-09,478.8,ASK
1298,1712610297.0254507,16516027.0787969,478.1,1.5605880719512063e-09,478.8,BID
1299,1712610297.63894,16516741.33419146,477.6,-8.881970075150917e-08,478.8,ASK
1300,1712610297.642167,16516748.22218589,477.6,-8.565418037169359e-10,478.8,ASK
1301,1712610300.0256922,16523311.47041247,477.6,8.161586848111208e-07,478.8,BID
1302,1712610300.0472577,16530367.91001594,477.6,8.774884428251174e-07,478.8,BID
1303,1712610300.0847712,16545009.37563894,477.6,1.8207081179982524e-06,478.8,BID
1304,1712610300.105441,16549006.23180174,477.6,4.970204929930624e-07,478.8,BID
1305,1712610300.156284,16549006.23180174,477.6,0.0,478.8,BID
1306,1712610300.3050437,16549434.61760874,478.1,5.32209585823444e-08,478.8,BID
1307,1712610302.345215,16553994.61760874,477.7,-5.665163671854177e-07,478.8,ASK
1308,1712610302.3484588,16559163.4400771,477.7,-6.421540630265608e-07,478.8,ASK
1309,1712610302.4371595,16562874.2034721,477.6,4.61010569741265e-07,478.8,BID
1310,1712610302.4387317,16581578.15868458,477.6,2.3237054295992584e-06,478.8,BID
1311,1712610302.4451292,16581965.1070074,478.2,4.807292941496039e-08,478.8,BID
1312,1712610302.4477298,16584461.58699293,478.5,3.101528009110447e-07,478.8,BID
1313,1712610302.4558868,16584472.05940095,478.4,1.3010505584672935e-09,478.8,BID
1314,1712610302.458478,16585255.94470535,478.4,9.73868102936663e-08,478.8,BID
1315,1712610302.461297,16585255.94470628,478.1,1.1547242602755112e-16,478.8,BID
1316,1712610302.463917,16585843.85868458,478.2,7.304010772030758e-08,478.8,BID
1317,1712610315.195393,16585894.75750683,477.5,-6.3234683936399805e-09,478.8,ASK
1318,1712610315.1994796,16586949.10641251,477.2,-1.30988138550679e-07,478.8,ASK
1319,1712610319.4524405,16586990.87750691,478.3,5.189475581818853e-09,478.8,BID
1320,1712610320.794999,16587003.42718271,477.2,-1.5591220928766754e-09,478.8,ASK
1321,1712610329.5537455,16587015.97161089,478.3,1.5584701494437843e-09,478.8,BID
1322,1712610330.169782,16587015.97161089,478.3,0.0,478.8,BID
1323,1712610345.1850371,16587120.70558659,478.3,1.2982448606093203e-08,478.8,BID
1324,1712610354.6549346,16587141.61296689,478.3,2.591603998761445e-09,478.8,BID
1325,1712610354.8379357,16587154.15739507,477.2,-1.5549623993953991e-09,478.8,ASK
1326,1712610360.1092024,16587154.15739507,477.2,-0.0,478.8,ASK
1327,1712610361.7246962,16587166.70182325,478.3,1.5549496624203475e-09,478.8,BID
1328,1712610385.7447913,16587179.24625143,477.2,-1.554949662651232e-09,478.8,ASK
1329,1712610390.1148486,16587179.24625143,477.2,-0.0,478.8,ASK
1330,1712610394.4808085,16587191.79067961,478.3,1.554947352150473e-09,478.8,BID
1331,1712610404.854804,16587579.69624595,478.3,4.8082919735878433e-08,478.8,BID
1332,1712610418.946228,16587592.24067413,477.3,-1.5549473523813575e-09,478.8,ASK
1333,1712610420.1565988,16587592.24067413,477.3,-0.0,478.8,ASK
1334,1712610427.3949544,16587604.78510231,478.3,1.554909281801064e-09,478.8,BID
1335,1712610450.1715984,16587604.78510231,478.3,0.0,478.8,BID
1336,1712610454.1182282,16587617.32953049,477.4,-1.554908125626386e-09,478.8,ASK
1337,1712610461.1180122,16587629.87395867,478.3,1.5549081253955075e-09,478.8,BID
1338,1712610480.1077392,16587629.87395867,478.3,0.0,478.8,BID
1339,1712610483.3350165,16587642.41838685,477.4,-1.554905814996391e-09,478.8,ASK
1340,1712610493.4947762,16587654.96281503,478.3,1.5549058147655123e-09,478.8,BID
1341,1712610506.4645147,16589101.74454197,478.3,1.7933135634460937e-07,478.8,BID
1342,1712610510.114895,16589101.74454197,478.3,0.0,478.8,BID
1343,1712610519.578715,16589114.28897015,477.3,-1.554770145425092e-09,478.8,ASK
1344,1712610526.1922452,16589126.83339833,478.3,1.5547701451942335e-09,478.8,BID
1345,1712610540.1649177,16589126.83339833,478.3,0.0,478.8,BID
1346,1712610543.4546375,16595228.14820193,478.3,7.562025047115967e-07,478.8,BID
1347,1712610553.994737,16595240.69263011,477.3,-1.554767835446892e-09,478.8,ASK
1348,1712610560.4846082,16595253.23705829,478.3,1.5547678352160341e-09,478.8,BID
1349,1712610570.1650095,16595253.23705829,478.3,0.0,478.8,BID
1350,1712610579.264498,16596556.83572937,478.3,1.6151054768210456e-07,478.8,BID
1351,1712610586.3145611,16596569.38015755,477.3,-1.5542033839119487e-09,478.8,ASK
1352,1712610594.8844414,16596581.92458573,478.3,1.554203383681174e-09,478.8,BID
1353,1712610600.1264112,16596581.92458573,478.3,0.0,478.8,BID
1354,1712610619.9364822,16596594.46901391,477.3,-1.554826810454503e-09,478.8,ASK
1355,1712610623.4847589,16596799.60072195,478.4,2.54251748054054e-08,478.8,BID
1356,1712610623.4949143,16602588.64732632,478.3,7.17526916145021e-07,478.8,BID
1357,1712610624.6950047,16606798.02668693,478.4,5.217340950791032e-07,478.8,BID
1358,1712610624.6995833,16607446.74547436,478.5,8.040584621305132e-08,478.8,BID
1359,1712610624.7036932,16607457.21788238,478.4,1.2980090063218247e-09,478.8,BID
1360,1712610624.7072296,16611978.44457851,478.5,5.603862034928759e-07,478.8,BID
1361,1712610625.7941868,16611990.98376346,478.5,1.554176935034918e-09,478.8,BID
1362,1712610630.114695,16611990.98376346,478.5,0.0,478.8,BID
1363,1712610649.8445249,16612003.52294841,477.5,-1.5527582111074683e-09,478.8,ASK
1364,1712610660.172614,16612003.52294841,477.5,-0.0,478.8,ASK
1365,1712610661.3843973,16612016.06213336,478.5,1.5527570598280975e-09,478.8,BID
1366,1712610685.674318,16612028.60131831,477.5,-1.552757059597441e-09,478.8,ASK
1367,1712610690.1785247,16612028.60131831,477.5,-0.0,478.8,ASK
1368,1712610701.0843482,16612655.56056595,478.5,7.763773775885607e-08,478.8,BID
1369,1712610720.1229944,16612655.56056595,478.5,0.0,478.8,BID
1370,1712610723.9349947,16612668.0997509,478.5,1.5526970726989503e-09,478.8,BID
1371,1712610750.0997794,16612668.0997509,478.5,0.0,478.8,BID
1372,1712610750.2651994,16612680.63893585,477.6,-1.552695918868727e-09,478.8,ASK
1373,1712610756.904677,16612693.1781208,478.5,1.552695919099374e-09,478.8,BID
1374,1712610780.1684294,16612693.1781208,478.5,0.0,478.8,BID
1375,1712610782.7976642,16612705.71730575,477.6,-1.552693614075135e-09,478.8,ASK
1376,1712610791.1348755,16612718.2564907,478.4,1.552693614075135e-09,478.8,BID
1377,1712610791.144456,16612718.25911177,478.4,3.245600068316569e-13,478.8,BID
1378,1712610806.0223043,16612730.79567565,478.4,1.552369054068303e-09,478.8,BID
1379,1712610810.1603029,16612730.79567565,478.4,0.0,478.8,BID
1380,1712610814.0248797,16612820.79567565,478.4,-1.1144433596710398e-08,478.8,ASK
1381,1712610814.764609,16613236.67611953,477.6,-5.1497244344387046e-08,478.8,ASK
1382,1712610814.7751436,16614855.61764999,477.4,-2.0046873759058779e-07,478.8,ASK
1383,1712610814.7778432,16615007.7980009,477.2,-1.8844042393892247e-08,478.8,ASK
1384,1712610814.7805624,16616053.16701616,477.3,-1.2944495082911016e-07,478.8,ASK
1385,1712610814.7832625,16616159.61686816,478.4,-1.3181370077821385e-08,478.8,ASK
1386,1712610814.7859244,16616746.25001291,477.3,-7.26410458587588e-08,478.8,ASK
1387,1712610814.788165,16618814.97398806,477.6,-2.561639663442333e-07,478.8,ASK
1388,1712610815.3350823,16618904.97398806,477.2,-1.1144433596710398e-08,478.8,ASK
1389,1712610816.8744996,16618917.51579408,477.2,-1.553014715232876e-09,478.8,ASK
1390,1712610822.654555,16618930.0576001,478.4,1.553014715232876e-09,478.8,BID
1391,1712610840.11575,16618930.0576001,478.4,0.0,478.8,BID
1392,1712610844.0152082,16618942.59940612,477.3,-1.5524456966257407e-09,478.8,ASK
1393,1712610849.6164808,16619063.1214833,477.3,-1.4918424010956382e-08,478.8,ASK
1394,1712610853.6449876,16619075.66591148,478.3,1.552770272101386e-09,478.8,BID
1395,1712610862.2352505,16619227.43515473,477.3,-1.8786250416433363e-08,478.8,ASK
1396,1712610868.9864497,16619248.34253503,478.3,2.587950453271748e-09,478.8,BID
1397,1712610870.1058228,16619248.34253503,478.3,0.0,478.8,BID
1398,1712610881.5952203,16619260.88696321,477.3,-1.552741066783094e-09,478.8,ASK
1399,1712610886.5247796,16619273.43139139,478.3,1.552741067013651e-09,478.8,BID
1400,1712610900.1355495,16619273.43139139,478.3,0.0,478.8,BID
1401,1712610910.8553677,16619285.97581957,477.3,-1.5527702869943742e-09,478.8,ASK
1402,1712610920.555173,16619298.52024775,478.3,1.552770287224936e-09,478.8,BID
1403,1712610930.1163185,16619298.52024775,478.3,0.0,478.8,BID
1404,1712610933.1550047,16619508.03208516,478.3,2.5933686935491773e-08,478.8,BID
1405,1712610935.4852033,16620147.2754992,478.3,7.912650082333302e-08,478.8,BID
1406,1712610951.7857358,16620159.81992738,477.4,-1.5527679829548723e-09,478.8,ASK
1407,1712610956.5152087,16620172.36435556,478.3,1.5527679831854334e-09,478.8,BID
1408,1712610960.165486,16620172.36435556,478.3,0.0,478.8,BID
1409,1712610980.8054094,16620184.90878374,477.3,-1.5526876557953087e-09,478.8,ASK
1410,1712610989.5355034,16620197.45321192,478.3,1.5526876560258578e-09,478.8,BID
1411,1712610989.6757703,16622293.01063019,477.3,-2.593777961752444e-07,478.8,ASK
1412,1712610989.6828792,16623756.13574708,477.3,-1.810984347357781e-07,478.8,ASK
1413,1712610989.6863208,16624091.35468695,477.3,-4.1491752552947474e-08,478.8,ASK
1414,1712610989.8107102,16625198.45468694,477.3,1.3703139586609853e-07,478.8,BID
1415,1712610989.8360765,16626055.76854694,477.3,1.0611409532320805e-07,478.8,BID
1416,1712610989.8392415,16628797.45321192,477.3,3.3935225062787015e-07,478.8,BID
1417,1712610990.155337,16628797.45321192,477.3,0.0,478.8,BID
1418,1712611013.9855373,16628809.9976401,477.2,-1.551896881712637e-09,478.8,ASK
1419,1712611020.132934,16628809.9976401,477.2,-0.0,478.8,ASK
1420,1712611021.6355276,16628822.54206828,478.3,1.5518957326631074e-09,478.8,BID
1421,1712611040.685484,16628835.08649646,477.2,-1.551895732432676e-09,478.8,ASK
1422,1712611050.1104558,16628835.08649646,477.2,-0.0,478.8,ASK
1423,1712611051.675943,16628847.63092464,478.3,1.5518934314590811e-09,478.8,BID
1424,1712611076.309349,16629373.7588778,478.3,6.508822106852605e-08,478.8,BID
1425,1712611076.6952758,16629386.30330598,477.2,-1.5518934312286501e-09,478.8,ASK
1426,1712611080.1644351,16629386.30330598,477.2,-0.0,478.8,ASK
1427,1712611085.3255732,16629398.84773416,478.3,1.5518428188344287e-09,478.8,BID
1428,1712611110.1654918,16629398.84773416,478.3,0.0,478.8,BID
1429,1712611112.4689872,16629411.39216234,477.2,-1.551841666755083e-09,478.8,ASK
1430,1712611118.706009,16629423.93659052,478.3,1.551841666985506e-09,478.8,BID
1431,1712611140.1057856,16629423.93659052,478.3,0.0,478.8,BID
1432,1712611144.4662862,16629436.4810187,477.2,-1.551839365711395e-09,478.8,ASK
1433,1712611163.896104,16629996.51455532,478.3,6.928032715737875e-08,478.8,BID
1434,1712611163.900234,16631246.40607916,478.3,1.5462090753602765e-07,478.8,BID
1435,1712611168.4859948,16631455.21793967,478.3,2.5831585189913647e-08,478.8,BID
1436,1712611170.105845,16631455.21793967,478.3,0.0,478.8,BID
1437,1712611181.4163826,16633550.33631385,477.3,-2.59150628834101e-07,478.8,ASK
1438,1712611181.424406,16633550.33631386,477.3,-1.3823724740333213e-18,478.8,ASK
1439,1712611183.892624,16633562.88074204,478.3,1.551652876050431e-09,478.8,BID
1440,1712611187.3956585,16635658.43816032,477.2,-2.592049353383562e-07,478.8,ASK
1441,1712611200.136867,16635658.43816032,477.2,-0.0,478.8,ASK
1442,1712611211.026038,16637468.36322078,477.2,-2.244870930755398e-07,478.8,ASK
1443,1712611211.0594842,16637480.90764896,477.2,-1.555899897818139e-09,478.8,ASK
1444,1712611218.0459042,16637493.45995021,478.0,1.5568764037095252e-09,478.8,BID
1445,1712611220.8559017,16637935.62570723,477.2,-5.484232890040925e-08,478.8,ASK
1446,1712611220.861061,16850516.72890182,477.2,-2.636667945072597e-05,478.8,ASK
1447,1712611220.9220264,16850684.44378651,477.0,-2.0801870614594005e-08,478.8,ASK
1448,1712611220.9270656,16851103.73099824,477.0,-5.2004676536947073e-08,478.8,ASK
1449,1712611220.9290922,16855007.01422546,477.0,-4.841287212782199e-07,478.8,ASK
1450,1712611220.9355204,16855206.62535434,477.2,2.475799857479405e-08,478.8,BID
1451,1712611220.955641,16855628.12535434,477.2,5.2279131218488694e-08,478.8,BID
1452,1712611220.9958029,16857095.63059543,477.0,-1.820163678834732e-07,478.8,ASK
1453,1712611221.0356798,16860214.68028763,477.0,3.8685933128218073e-07,478.8,BID
1454,1712611226.7358427,16862386.68028763,476.9,2.6939566549598445e-07,478.8,BID
1455,1712611226.9554768,16862692.78028763,476.9,3.7965936099780054e-08,478.8,BID
1456,1712611227.2955208,16866141.78028763,476.9,4.277834485707415e-07,478.8,BID
1457,1712611230.1010787,16866141.78028763,476.9,0.0,478.8,BID
1458,1712611243.9357953,16866154.33258888,476.6,-1.535924357727468e-09,478.8,ASK
1459,1712611247.5157642,16866191.65697554,476.9,4.5670856255563915e-09,478.8,BID
1460,1712611251.0259285,16866204.23822947,476.9,1.5394670644101598e-09,478.8,BID
1461,1712611251.1058147,16866363.88833071,476.9,1.9535101517859657e-08,478.8,BID
1462,1712611251.108461,16866777.33339742,477.0,5.058995445321852e-08,478.8,BID
1463,1712611255.355724,16866826.53441432,477.8,6.020333545115017e-09,478.8,BID
1464,1712611260.171214,16866826.53441432,477.8,0.0,478.8,BID
1465,1712611269.9413,16866850.33395301,476.6,-2.912042141789384e-09,478.8,ASK
1466,1712611275.4558089,16866862.91520694,476.6,-1.539405536756807e-09,478.8,ASK
1467,1712611280.0461824,16867059.71707003,477.7,2.408010198638244e-08,478.8,BID
1468,1712611285.3334064,16867072.27725424,477.7,1.536827507676771e-09,478.8,BID
1469,1712611290.168666,16867072.27725424,477.7,0.0,478.8,BID
1470,1712611309.995787,16867084.83743845,476.6,-1.5368054410452374e-09,478.8,ASK
1471,1712611318.3457787,16869030.94691778,476.6,-2.381168609131795e-07,478.8,ASK
1472,1712611318.3500922,16869073.99054122,476.6,-5.2666166033887e-09,478.8,ASK
1473,1712611320.1090806,16869073.99054122,476.6,-0.0,478.8,ASK
1474,1712611336.885882,16869184.59866347,477.7,1.3531913354255048e-08,478.8,BID
1475,1712611341.5856771,16869239.8760342,477.7,6.762691345994412e-09,478.8,BID
1476,1712611346.0741692,16869295.09648761,477.7,6.755728021880563e-09,478.8,BID
1477,1712611350.1081674,16869295.09648761,477.7,0.0,478.8,BID
1478,1712611353.1059017,16869307.65667182,477.7,1.5366062158147807e-09,478.8,BID
1479,1712611365.196132,16869418.37678904,477.7,1.35454399026703e-08,478.8,BID
1480,1712611371.208403,16869473.70858723,477.7,6.769262586321281e-09,478.8,BID
1481,1712611375.8365045,16869528.98553322,477.7,6.762551997666387e-09,478.8,BID
1482,1712611376.387104,16869541.54571743,476.6,-1.5366062162705303e-09,478.8,ASK
1483,1712611380.1687727,16869541.54571743,476.6,-0.0,478.8,ASK
1484,1712611384.335644,16869554.10590164,477.7,1.536584087634544e-09,478.8,BID
1485,1712611410.1674688,16869554.10590164,477.7,0.0,478.8,BID
1486,1712611411.9760876,16869566.66608585,476.6,-1.5365829597423647e-09,478.8,ASK
1487,1712611419.926156,16869579.22627006,477.7,1.5365829597423647e-09,478.8,BID
1488,1712611440.1084733,16869579.22627006,477.7,0.0,478.8,BID
1489,1712611443.5762053,16869591.78645427,476.6,-1.536580706560161e-09,478.8,ASK
1490,1712611452.9258204,16869604.34663848,477.7,1.5365807061044191e-09,478.8,BID
1491,1712611470.107823,16869604.34663848,477.7,0.0,478.8,BID
1492,1712611474.6258333,16869752.34328909,477.7,1.810550392324512e-08,478.8,BID
1493,1712611478.3560245,16869764.9034733,476.6,-1.536578453384565e-09,478.8,ASK
1494,1712611480.138432,16869838.86516473,477.7,9.048270274131124e-09,478.8,BID
1495,1712611486.2759376,16869851.42534894,477.7,1.536578453384565e-09,478.8,BID
1496,1712611486.3959272,16869888.38787772,477.7,4.52189429343378e-09,478.8,BID
1497,1712611500.1587646,16869888.38787772,477.7,0.0,478.8,BID
1498,1712611510.5263135,16869900.94806193,476.6,-1.538918756194549e-09,478.8,ASK
1499,1712611518.0361345,16869913.50824614,477.7,1.5389187566509851e-09,478.8,BID
1500,1712611525.3761554,16870079.92336022,477.7,2.0389775831211745e-08,478.8,BID
1501,1712611530.16929,16870079.92336022,477.7,0.0,478.8,BID
1502,1712611530.1828718,16870343.0789385,476.6,-3.2242402604388164e-08,478.8,ASK
1503,1712611530.337274,16870426.2451516,477.7,1.0189708093912525e-08,478.8,BID
