,time,acc_trade_volume,trade_price,dev,high,ask_bid
0,1712601588.4526017,19745813.96910812,1362.0,0.0,1365.0,ASK
1,1712601600.6299949,19745850.65289388,1363.0,1.2820921118349051e-09,1365.0,BID
2,1712601609.313141,19745855.05494817,1363.0,1.5385105342539658e-10,1365.0,BID
3,1712601623.9301057,19746633.06155609,1362.0,-2.7191199445036364e-08,1365.0,ASK
4,1712601623.9320924,19747103.2194122,1362.0,-1.643193760311422e-08,1365.0,ASK
5,1712601630.6461768,19747103.2194122,1362.0,-0.0,1365.0,ASK
6,1712601653.2607296,19747189.6475412,1362.0,-3.02046840642842e-09,1365.0,ASK
7,1712601653.4197297,19747194.04959549,1362.0,-1.5384188069377378e-10,1365.0,ASK
8,1712601660.9913163,19747194.04959549,1362.0,-0.0,1365.0,ASK
9,1712601666.4397235,19747198.45164978,1363.0,1.5384121557502995e-10,1365.0,BID
10,1712601690.9995236,19747198.45164978,1363.0,0.0,1365.0,BID
11,1712601692.959468,19747573.45164978,1363.0,1.3105345806131154e-08,1365.0,BID
12,1712601702.5601122,19748173.47164978,1363.0,2.0969252241570552e-08,1365.0,BID
13,1712601705.8094256,19748528.47164978,1363.0,1.2406394029804158e-08,1365.0,BID
14,1712601706.609572,19748786.45110685,1363.0,9.015759988719145e-09,1365.0,BID
15,1712601709.3022928,19749047.12199544,1363.0,9.109819030890273e-09,1365.0,BID
16,1712601709.3040404,19749161.45110685,1363.0,3.995526775240881e-09,1365.0,BID
17,1712601710.109339,19749165.1202191,1363.0,1.2822662624133078e-10,1365.0,BID
18,1712601720.2508318,19749251.34569892,1363.0,3.0133726142027e-09,1365.0,BID
19,1712601720.6195357,19749251.34569892,1363.0,0.0,1365.0,BID
20,1712601721.969363,19749376.21403108,1363.0,4.3634204442906314e-09,1365.0,BID
21,1712601722.2594266,19749380.61608537,1362.0,-1.5382614104213807e-10,1365.0,ASK
22,1712601731.7094789,19750426.56534514,1363.0,3.6549830567354174e-08,1365.0,BID
23,1712601735.0594983,19750740.98700444,1363.0,1.0987204462221613e-08,1365.0,BID
24,1712601736.6491492,19750745.38905873,1363.0,1.5382614117231526e-10,1365.0,BID
25,1712601739.842506,19751120.38905873,1363.0,1.3104064403451661e-08,1365.0,BID
26,1712601740.279162,19752166.3383185,1363.0,3.6549830567354174e-08,1365.0,BID
27,1712601743.5798185,19752374.54332999,1363.0,7.2755516791892015e-09,1365.0,BID
28,1712601743.5816724,19752541.3383185,1363.0,5.828512724262458e-09,1365.0,BID
29,1712601745.079251,19752916.3383185,1363.0,1.3104064403451661e-08,1365.0,BID
30,1712601745.399846,19753051.00899656,1363.0,4.705955302830187e-09,1365.0,BID
31,1712601746.589062,19753183.78899656,1363.0,4.6398871238856435e-09,1365.0,BID
32,1712601747.3494663,19753996.01877208,1363.0,2.838269677024031e-08,1365.0,BID
33,1712601747.351222,19754007.2292257,1363.0,3.917400165502525e-10,1365.0,BID
34,1712601748.6799295,19754112.87119651,1364.0,3.691571171189044e-09,1365.0,BID
35,1712601750.6285214,19754112.87119651,1364.0,0.0,1365.0,BID
36,1712601753.429234,19754186.1849795,1364.0,2.561296348865413e-09,1365.0,BID
37,1712601764.529076,19754270.63429067,1364.0,2.950328076718509e-09,1365.0,BID
38,1712601770.148926,19754961.88429067,1364.0,2.4149566820132923e-08,1365.0,BID
39,1712601773.3989584,19755044.30059919,1364.0,2.8793029290794197e-09,1365.0,BID
40,1712601774.3592708,19755399.30059919,1364.0,1.2402309180683093e-08,1365.0,BID
41,1712601775.848807,19756008.60259919,1364.0,2.1286624755987808e-08,1365.0,BID
42,1712601777.779105,19756383.60259919,1364.0,1.3101030824665236e-08,1365.0,BID
43,1712601777.860847,19758176.99549218,1364.0,6.26541215248026e-08,1365.0,BID
44,1712601777.8991952,19758320.01830037,1364.0,4.996656583288199e-09,1365.0,BID
45,1712601777.9188564,19758337.58066361,1364.0,6.135601657935394e-10,1365.0,BID
46,1712601780.0893817,19758437.57971805,1364.0,3.493575185726691e-09,1365.0,BID
47,1712601780.091256,19758536.97877992,1364.0,3.472613795998528e-09,1365.0,BID
48,1712601780.1515384,19758632.63759351,1364.0,3.341944174720818e-09,1365.0,BID
49,1712601780.153065,19758735.48582019,1364.0,3.593114101241974e-09,1365.0,BID
50,1712601780.979132,19758735.48582019,1364.0,0.0,1365.0,BID
51,1712601783.4625847,19758948.20876636,1364.0,7.430069632825121e-09,1365.0,BID
52,1712601783.4634938,19759213.11052019,1364.0,9.252591280148573e-09,1365.0,BID
53,1712601783.6988502,19759317.10430989,1364.0,3.6323354520687598e-09,1365.0,BID
54,1712601783.7589638,19759436.42129917,1364.0,4.167550114786776e-09,1365.0,BID
55,1712601783.8988292,19759518.52761773,1364.0,2.8678413644308886e-09,1365.0,BID
56,1712601784.3815904,19759616.52761773,1364.0,3.422982038959253e-09,1365.0,BID
57,1712601784.4793816,19759648.39577518,1364.0,1.113103373127052e-09,1365.0,BID
58,1712601784.4812462,19759745.12484283,1364.0,3.378590420511952e-09,1365.0,BID
59,1712601785.4595275,19760454.81415094,1364.0,2.478830362147028e-08,1365.0,BID
60,1712601785.461906,19760791.0741026,1364.0,1.174501811171952e-08,1365.0,BID
61,1712601788.2088535,19760822.0741026,1364.0,1.0827800327320088e-09,1365.0,BID
62,1712601788.6315746,19760910.88391241,1364.0,3.1019835088556632e-09,1365.0,BID
63,1712601788.6490183,19760915.2859667,1363.0,-1.5375666095269894e-10,1365.0,ASK
64,1712601789.1992574,19761165.2859667,1364.0,8.732097038161362e-09,1365.0,BID
65,1712601791.0618334,19762175.74752235,1364.0,3.529379342902007e-08,1365.0,BID
66,1712601791.0638704,19762211.23522647,1364.0,1.239528304169727e-09,1365.0,BID
67,1712601791.8593118,19762361.5396567,1364.0,5.249891480056253e-09,1365.0,BID
68,1712601791.922748,19762455.04716286,1364.0,3.266066470409712e-09,1365.0,BID
69,1712601792.5089345,19762544.68069851,1364.0,3.13075492466417e-09,1365.0,BID
70,1712601792.648769,19762674.57112889,1364.0,4.536863369614897e-09,1365.0,BID
71,1712601792.7687204,19762790.81307272,1364.0,4.060143733668993e-09,1365.0,BID
72,1712601793.0311315,19762976.83090429,1364.0,6.497303024439289e-09,1365.0,BID
73,1712601795.9591048,19763416.34090429,1364.0,1.535137587702645e-08,1365.0,BID
74,1712601797.8105316,19763545.20731277,1364.0,4.501095935173313e-09,1365.0,BID
75,1712601798.329113,19763649.25685379,1364.0,3.634282755812856e-09,1365.0,BID
76,1712601800.799074,19763870.80458141,1364.0,7.73830502472099e-09,1365.0,BID
77,1712601800.8389325,19764093.76674982,1364.0,7.787709161594667e-09,1365.0,BID
78,1712601800.8608935,19764316.84592165,1364.0,7.791795902411403e-09,1365.0,BID
79,1712601801.1190608,19764403.76064,1364.0,3.035791018655412e-09,1365.0,BID
80,1712601801.1788533,19764491.77314244,1364.0,3.074134847486226e-09,1365.0,BID
81,1712601803.319062,19764496.17196941,1364.0,1.5364393588212138e-10,1365.0,BID
82,1712601804.1091185,19764651.29666941,1364.0,5.4182557336154196e-09,1365.0,BID
83,1712601807.0991,19764721.92632524,1364.0,2.4669800339376304e-09,1365.0,BID
84,1712601807.1004696,19764741.09896964,1364.0,6.696695654846356e-10,1365.0,BID
85,1712601807.3643303,19765483.09896964,1364.0,2.5916864009262923e-08,1365.0,BID
86,1712601807.9986975,19765858.09896964,1364.0,1.3098145557242041e-08,1365.0,BID
87,1712601811.0138736,19765858.09896964,1364.0,0.0,1365.0,BID
88,1712601823.5593617,19766163.20307868,1364.0,1.0653179722364795e-08,1365.0,BID
89,1712601823.5615509,19766608.09896964,1364.0,1.5534225019174186e-08,1365.0,BID
90,1712601825.0593,19767195.57962859,1364.0,2.051279172507453e-08,1365.0,BID
91,1712601825.0614429,19767358.09896964,1364.0,5.674613016464457e-09,1365.0,BID
92,1712601826.2591186,19767517.09896964,1364.0,5.5517298052062654e-09,1365.0,BID
93,1712601828.0486672,19767892.09896964,1364.0,1.3093702370769493e-08,1365.0,BID
94,1712601828.6308675,19768864.20520309,1364.0,3.394258584955709e-08,1365.0,BID
95,1712601840.6096025,19768864.20520309,1364.0,0.0,1365.0,BID
96,1712601843.418856,19768996.45155925,1365.0,4.6169241373398385e-09,1365.0,BID
97,1712601844.06154,19769063.01654242,1364.0,-2.323886165384145e-09,1365.0,ASK
98,1712601845.3287675,19770015.71049004,1365.0,3.3260014188703045e-08,1365.0,BID
99,1712601845.3305745,19770088.97056331,1365.0,2.557622080556486e-09,1365.0,BID
100,1712601845.3387604,19772032.21196366,1365.0,6.784155258793074e-08,1365.0,BID
101,1712601856.6488695,19772038.96727501,1365.0,2.3583833174290557e-10,1365.0,BID
102,1712601857.6086695,19772043.36610198,1364.0,-1.5356982990825438e-10,1365.0,ASK
103,1712601858.1687458,19774022.91159919,1365.0,6.91089845682139e-08,1365.0,BID
104,1712601858.178717,19774718.91667912,1365.0,2.4298610158885378e-08,1365.0,BID
105,1712601858.181068,19776530.64553918,1365.0,6.32502470936235e-08,1365.0,BID
106,1712601870.6518295,19776530.64553918,1365.0,0.0,1365.0,BID
107,1712601879.0287747,19776662.81869042,1365.0,4.612683261422305e-09,1365.0,BID
108,1712601879.109024,19776760.82274424,1365.0,3.420223051099757e-09,1365.0,BID
109,1712601880.2283597,19776765.21834863,1365.0,1.5340128162497858e-10,1365.0,BID
110,1712601885.7885523,19776853.60691038,1365.0,3.08465399719247e-09,1365.0,BID
111,1712601887.1283956,19776964.28196816,1365.0,3.862425777779286e-09,1365.0,BID
112,1712601888.1985035,19777052.76920038,1365.0,3.088097477283894e-09,1365.0,BID
113,1712601888.538547,19777402.91920038,1365.0,1.2219811881842878e-08,1365.0,BID
114,1712601889.998587,19778321.16520038,1365.0,3.204567579978419e-08,1365.0,BID
115,1712601892.328863,19778951.72899859,1365.0,2.2005914589969543e-08,1365.0,BID
116,1712601892.3315036,19779174.73935552,1365.0,7.782791973121477e-09,1365.0,BID
117,1712601892.3384285,19784179.04212272,1365.0,1.7464411942098413e-07,1365.0,BID
118,1712601898.569103,19784195.2290455,1365.0,5.649040448011612e-10,1365.0,BID
119,1712601898.5710552,19784258.41702457,1365.0,2.2051841138398182e-09,1365.0,BID
120,1712601900.669685,19784258.41702457,1365.0,0.0,1365.0,BID
121,1712601904.109409,19784459.59206583,1365.0,7.020348785513587e-09,1365.0,BID
122,1712601904.111904,19786502.95827607,1365.0,7.130677544637835e-08,1365.0,BID
123,1712601904.1184788,19787924.10617413,1365.0,4.9593398156008574e-08,1365.0,BID
124,1712601904.1892564,19788307.11436143,1365.0,1.3365728898301586e-08,1365.0,BID
125,1712601904.1917667,19788722.51641298,1365.0,1.4496168460330264e-08,1365.0,BID
126,1712601904.1942403,19791589.79532369,1365.0,1.0005862502926865e-07,1365.0,BID
127,1712601904.248391,19791812.18757256,1365.0,7.760759707144736e-09,1365.0,BID
128,1712601906.918781,19791905.82938273,1365.0,3.267791889944661e-09,1365.0,BID
129,1712601907.618863,19792073.86557259,1364.0,-5.8639116166618755e-09,1365.0,ASK
130,1712601907.6287372,19793699.22227572,1364.0,-5.671961534325239e-08,1365.0,ASK
131,1712601923.5198576,19793703.61788011,1364.0,-1.5339216909058946e-10,1365.0,ASK
132,1712601930.6507697,19793703.61788011,1364.0,-0.0,1365.0,ASK
133,1712601934.5204256,19793708.0134845,1365.0,1.5332319662655496e-10,1365.0,BID
134,1712601936.6614504,19794003.50011285,1365.0,1.030687714193845e-08,1365.0,BID
135,1712601940.5784504,19794107.02011285,1365.0,3.610883943166184e-09,1365.0,BID
136,1712601941.3590825,19797772.70926241,1365.0,1.2786300319587144e-07,1365.0,BID
137,1712601941.68827,19797972.47357774,1365.0,6.967984531080138e-09,1365.0,BID
138,1712601941.7182431,19798172.42151613,1365.0,6.974389491934169e-09,1365.0,BID
139,1712601943.8682704,19798547.42151613,1365.0,1.3080385226943262e-08,1365.0,BID
140,1712601943.8991616,19798631.71345682,1365.0,2.940189481973093e-09,1365.0,BID
141,1712601944.1149676,19799007.82155682,1365.0,1.3119036893290017e-08,1365.0,BID
142,1712601944.3170483,19799414.46292478,1365.0,1.4184068645569837e-08,1365.0,BID
143,1712601944.6990108,19799573.81555798,1365.0,5.5583835445105365e-09,1365.0,BID
144,1712601944.758437,19799733.31466789,1365.0,5.563492802699215e-09,1365.0,BID
145,1712601945.3988144,19799812.79588958,1365.0,2.772386661265797e-09,1365.0,BID
146,1712601945.4019322,19800146.01466789,1365.0,1.1623013293800172e-08,1365.0,BID
147,1712601945.519051,19800644.79111929,1365.0,1.7397835003758644e-08,1365.0,BID
148,1712601945.5216606,19800828.13353087,1365.0,6.395171658458259e-09,1365.0,BID
149,1712601945.524212,19803811.70381745,1365.0,1.0406999653365453e-07,1365.0,BID
150,1712601945.638447,19804523.73515919,1365.0,2.483638464960904e-08,1365.0,BID
151,1712601945.6412733,19807477.39296701,1365.0,1.0302661854639233e-07,1365.0,BID
152,1712601956.2385635,19808295.11296701,1365.0,2.8522913620694536e-08,1365.0,BID
153,1712601956.3583343,19808385.04527454,1365.0,3.136931271580999e-09,1365.0,BID
154,1712601956.578102,19808388.85479834,1365.0,1.3288010350911878e-10,1365.0,BID
155,1712601956.778649,19808431.34564083,1365.0,1.482124235745943e-09,1365.0,BID
156,1712601956.7815197,19808693.68195091,1365.0,9.150559986207992e-09,1365.0,BID
157,1712601960.9682608,19808693.68195091,1365.0,0.0,1365.0,BID
158,1712601970.3989742,19808697.38195091,1366.0,1.2896775466522866e-10,1366.0,BID
159,1712601970.4018068,19808791.61219493,1366.0,3.284503508861405e-09,1366.0,BID
160,1712601984.1085806,19808796.00779932,1365.0,-1.5321384546007178e-10,1366.0,ASK
161,1712601990.9982824,19808796.00779932,1365.0,-0.0,1366.0,ASK
162,1712601993.6679444,19811765.20322056,1365.0,-1.0349421641261405e-07,1366.0,ASK
163,1712601999.308411,19811769.59560709,1366.0,1.5310093731442168e-10,1366.0,BID
164,1712602009.019025,19813602.74955122,1365.0,-6.38963773331631e-08,1366.0,ASK
165,1712602009.0219097,19814197.48493552,1365.0,-2.0730084699141664e-08,1366.0,ASK
166,1712602009.038197,19814824.44418314,1365.0,-2.18532790368585e-08,1366.0,ASK
167,1712602009.078184,19815369.18022988,1365.0,-1.898730878595468e-08,1366.0,ASK
168,1712602009.1197577,19815817.18475489,1365.0,-1.5615636792874172e-08,1366.0,ASK
169,1712602009.121114,19815956.53050041,1365.0,-4.857032527980741e-09,1366.0,ASK
170,1712602009.1389527,19816042.20705718,1365.0,-2.9863403549557627e-09,1366.0,ASK
171,1712602009.1418946,19816235.23729735,1365.0,-6.7282582032489085e-09,1366.0,ASK
172,1712602011.2881172,19817734.32950948,1365.0,-5.225232826208237e-08,1366.0,ASK
173,1712602020.658486,19817734.32950948,1365.0,-0.0,1366.0,ASK
174,1712602022.0084589,19817770.95954611,1365.0,1.27623308123721e-09,1366.0,BID
175,1712602050.592243,19817770.95954611,1365.0,0.0,1366.0,BID
176,1712602051.0882254,19817778.2909244,1364.0,-2.5543330185251217e-10,1366.0,ASK
177,1712602051.0917249,19817868.94457851,1364.0,-3.1584732478398273e-09,1366.0,ASK
178,1712602054.358462,19817873.33696504,1363.0,-1.5303558895828727e-10,1366.0,ASK
179,1712602066.9879649,19817880.6737222,1363.0,-2.556207076882237e-10,1366.0,ASK
180,1712602067.7878752,19817885.07254917,1364.0,1.5325998105959004e-10,1366.0,BID
181,1712602080.9883246,19817885.07254917,1364.0,0.0,1366.0,BID
182,1712602110.997882,19817885.07254917,1364.0,0.0,1366.0,BID
183,1712602119.2785044,19817927.48755867,1364.0,1.477777676788653e-09,1366.0,BID
184,1712602123.8080275,19817931.88638564,1363.0,-1.5325914986463415e-10,1366.0,ASK
185,1712602124.2902043,19817932.48755867,1363.0,-2.094541760546897e-11,1366.0,ASK
186,1712602124.2932527,19818849.64694971,1363.0,-3.195467100338777e-08,1366.0,ASK
187,1712602140.6279063,19818849.64694971,1363.0,-0.0,1366.0,ASK
188,1712602170.6378765,19818849.64694971,1363.0,-0.0,1366.0,ASK
189,1712602179.738357,19818854.049004,1363.0,1.5336456753249388e-10,1366.0,BID
190,1712602197.9474225,19818861.38576115,1363.0,2.556076124676321e-10,1366.0,BID
191,1712602200.7088425,19818861.38576115,1363.0,0.0,1366.0,BID
192,1712602209.701572,19818983.50631666,1363.0,4.2552485841389e-09,1366.0,BID
193,1712602210.578643,19819025.39658835,1363.0,1.4596520507849306e-09,1366.0,BID
194,1712602210.580001,19819644.50631666,1363.0,2.157266468171996e-08,1366.0,BID
195,1712602225.877501,19819648.90837095,1362.0,-1.533880614572242e-10,1366.0,ASK
196,1712602230.647516,19819648.90837095,1362.0,-0.0,1366.0,ASK
197,1712602238.9673817,19819653.31042524,1363.0,1.5338232480186148e-10,1366.0,BID
198,1712602248.1608124,19819658.31042524,1362.0,-1.7421675728515855e-10,1366.0,ASK
199,1712602248.1646223,19819781.77398236,1362.0,-4.301884112881846e-09,1366.0,ASK
200,1712602248.297764,19820044.87148236,1362.0,9.167198659971593e-09,1366.0,BID
201,1712602248.397918,19820044.87152392,1362.0,1.4480666401037789e-15,1366.0,BID
202,1712602260.6833332,19820044.87152392,1362.0,0.0,1366.0,BID
203,1712602290.660566,19820044.87152392,1362.0,0.0,1366.0,BID
204,1712602290.687127,19820049.27357821,1362.0,-1.5337944261255148e-10,1366.0,ASK
205,1712602300.9871323,19820165.94342413,1363.0,4.065092057725867e-09,1366.0,BID
206,1712602307.7080405,19820206.62136582,1363.0,1.4173291853956271e-09,1366.0,BID
207,1712602307.711201,19820282.12427306,1364.0,2.630724898509954e-09,1366.0,BID
208,1712602307.8898406,19820304.16688878,1361.0,-7.68024174410725e-10,1366.0,ASK
209,1712602307.893073,19820321.7912662,1362.0,-6.14080837259568e-10,1366.0,ASK
210,1712602307.8962824,19820330.46577024,1361.0,-3.02243113517723e-10,1366.0,ASK
211,1712602307.8989556,19820398.28714906,1361.0,-2.363079733324305e-09,1366.0,ASK
212,1712602315.0174117,19820402.68597603,1364.0,1.5326699396581323e-10,1366.0,BID
213,1712602315.9371116,19820518.74096136,1364.0,4.0436686567743345e-09,1366.0,BID
214,1712602316.1177745,19820634.72263291,1361.0,-4.041114206838128e-09,1366.0,ASK
215,1712602320.9674125,19820634.72263291,1361.0,-0.0,1366.0,ASK
216,1712602322.0779052,19820745.09517156,1364.0,3.845569200948419e-09,1366.0,BID
217,1712602322.0813591,19820750.85972968,1364.0,2.0084712593179078e-10,1366.0,BID
218,1712602322.2771516,19820867.1793476,1362.0,-4.052775677853696e-09,1366.0,ASK
219,1712602327.2373028,19820983.75795908,1361.0,-4.061799459170464e-09,1366.0,ASK
220,1712602351.0289285,19820983.75795908,1361.0,-0.0,1366.0,ASK
221,1712602356.4382694,19820988.15678605,1361.0,-1.5326016309747586e-10,1366.0,ASK
222,1712602380.6249063,19820988.15678605,1361.0,-0.0,1366.0,ASK
223,1712602408.5071306,19820992.55561302,1364.0,1.5326013099959895e-10,1366.0,BID
224,1712602410.1983063,19821009.59647638,1364.0,5.937230471052898e-10,1366.0,BID
225,1712602410.2009072,19821021.88112621,1364.0,4.280111620680416e-10,1366.0,BID
226,1712602410.6169946,19821021.88112621,1364.0,0.0,1366.0,BID
227,1712602418.606927,19821044.96690333,1364.0,8.04333423599284e-10,1366.0,BID
228,1712602425.5668745,19821052.29828162,1364.0,2.5543314271791686e-10,1366.0,BID
229,1712602440.9667356,19821052.29828162,1364.0,0.0,1366.0,BID
230,1712602463.936578,19828681.51229709,1364.0,2.658096769505805e-07,1366.0,BID
231,1712602463.946339,19836978.89428039,1364.0,2.890893373870904e-07,1366.0,BID
232,1712602465.0266938,19836983.29310736,1364.0,-1.532596639608029e-10,1366.0,ASK
233,1712602470.996708,19836983.29310736,1364.0,-0.0,1366.0,ASK
234,1712602473.436807,19837019.92314399,1364.0,-1.275262727096712e-09,1366.0,ASK
235,1712602486.476679,19837814.5314251,1364.0,-2.7664027032904468e-08,1366.0,ASK
236,1712602488.9671693,19838605.7436719,1365.0,2.7545795210850133e-08,1366.0,BID
237,1712602488.970592,19844945.3123243,1365.0,2.2071000610771722e-07,1366.0,BID
238,1712602488.976364,19861855.56508356,1365.0,5.887249108607501e-07,1366.0,BID
239,1712602500.666735,19861855.56508356,1365.0,0.0,1366.0,BID
240,1712602501.9170177,19862077.95733243,1365.0,-7.734724600743324e-09,1366.0,ASK
241,1712602511.3867304,19862097.95733243,1365.0,-6.95593002011636e-10,1366.0,ASK
242,1712602524.4969442,19862102.34971896,1366.0,1.5276566660581108e-10,1366.0,BID
243,1712602527.2870955,19862534.03548113,1365.0,-1.50138797617e-08,1366.0,ASK
244,1712602527.3673327,19863262.50520478,1365.0,-2.5335922097390986e-08,1366.0,ASK
245,1712602527.446848,19864569.53502608,1365.0,-4.5458039855935335e-08,1366.0,ASK
246,1712602527.5467885,19866320.89765333,1365.0,-6.091177937496325e-08,1366.0,ASK
247,1712602528.0870914,19866729.34447249,1365.0,-1.4205637455085062e-08,1366.0,ASK
248,1712602528.167972,19867219.48065547,1365.0,-1.7046764945635644e-08,1366.0,ASK
249,1712602528.1868925,19867231.94624844,1366.0,4.3354896176536016e-10,1366.0,BID
250,1712602530.633495,19867231.94624844,1366.0,0.0,1366.0,BID
251,1712602534.6735992,19867340.3930676,1365.0,-3.770779970648547e-09,1366.0,ASK
252,1712602534.6773286,19867538.28136281,1365.0,-6.880729428358841e-09,1366.0,ASK
253,1712602539.8676028,19867640.3930676,1365.0,-3.550503132959285e-09,1366.0,ASK
254,1712602560.993424,19867640.3930676,1365.0,-0.0,1366.0,ASK
255,1712602568.328204,19867644.78545413,1364.0,-1.5272372409738187e-10,1366.0,ASK
256,1712602575.91857,19867718.15302566,1365.0,2.550997883927327e-09,1366.0,BID
257,1712602588.41877,19867722.54863005,1365.0,1.5283560932230054e-10,1366.0,BID
258,1712602590.9906096,19867722.54863005,1365.0,0.0,1366.0,BID
259,1712602604.9597948,19869643.99572736,1365.0,6.680864945690828e-08,1366.0,BID
260,1712602604.963554,19870049.88679247,1365.0,1.4112818367246052e-08,1366.0,BID
261,1712602614.4896395,19870342.92708551,1364.0,-1.0189000905612402e-08,1366.0,ASK
262,1712602620.674641,19870342.92708551,1364.0,-0.0,1366.0,ASK
263,1712602625.1294813,19873394.18569476,1364.0,-1.0607896533710033e-07,1366.0,ASK
264,1712602638.1607192,19873398.58129915,1364.0,-1.5281600975503036e-10,1366.0,ASK
265,1712602650.6435575,19873398.58129915,1364.0,-0.0,1366.0,ASK
266,1712602658.9904692,19873437.70492982,1364.0,-1.359961090405526e-09,1366.0,ASK
267,1712602659.910742,19873442.10053421,1365.0,1.5279387002989316e-10,1366.0,BID
268,1712602670.291276,19878857.10053421,1364.0,-1.8822867862531573e-07,1366.0,ASK
269,1712602670.2940114,19902245.81563805,1364.0,-8.130058981975073e-07,1366.0,ASK
270,1712602670.3906248,19902633.94763805,1364.0,1.3491703322634609e-08,1366.0,BID
271,1712602672.0809195,19902676.21306493,1363.0,-1.4691718288939244e-09,1366.0,ASK
272,1712602676.0311048,19902725.67306475,1364.0,1.719259540280201e-09,1366.0,BID
273,1712602676.0350864,19902822.83081488,1366.0,3.377262220705812e-09,1366.0,BID
274,1712602676.0427597,19903462.77070857,1366.0,2.22446981696596e-08,1366.0,BID
275,1712602676.0447786,19903569.98899465,1366.0,3.7269725417754205e-09,1366.0,BID
276,1712602680.9834466,19903569.98899465,1366.0,0.0,1366.0,BID
277,1712602706.0253322,19903574.38459904,1365.0,-1.5257559715196762e-10,1366.0,ASK
278,1712602708.571445,19903610.98782012,1366.0,1.2705325177713895e-09,1366.0,BID
279,1712602710.97183,19903610.98782012,1366.0,0.0,1366.0,BID
280,1712602729.6321998,19903662.48159301,1365.0,-1.787394218906588e-09,1366.0,ASK
281,1712602729.6360002,19903998.10535658,1365.0,-1.1649796491191712e-08,1366.0,ASK
282,1712602737.002217,19904071.31179874,1366.0,2.54106009632616e-09,1366.0,BID
283,1712602740.6251452,19904071.31179874,1366.0,0.0,1366.0,BID
284,1712602755.6131384,19904075.70418527,1366.0,1.5246028018841307e-10,1366.0,BID
285,1712602759.6830926,19904104.98676213,1366.0,1.016401867750346e-09,1366.0,BID
286,1712602770.64736,19904104.98676213,1366.0,0.0,1366.0,BID
287,1712602782.8532798,19904324.60608864,1366.0,7.623001839069572e-09,1366.0,BID
288,1712602782.8566422,19905307.07896444,1366.0,3.4101700693149514e-08,1366.0,BID
289,1712602782.862973,19905926.38390707,1366.0,2.1496116902125906e-08,1366.0,BID
290,1712602785.2828696,19905972.38557601,1366.0,1.5967210741994399e-09,1366.0,BID
291,1712602785.2847722,19906467.25183328,1366.0,1.717684162505063e-08,1366.0,BID
292,1712602798.8731947,19906613.66471762,1366.0,5.082001226046382e-09,1366.0,BID
293,1712602798.8831787,19912320.84041234,1366.0,1.980964585777257e-07,1366.0,BID
294,1712602800.7545693,19912320.84041234,1366.0,0.0,1366.0,BID
295,1712602802.295491,19912324.50683462,1364.0,-1.2729323188097596e-10,1366.0,ASK
296,1712602802.2986102,19912325.23279887,1363.0,-2.520449878822388e-11,1366.0,ASK
297,1712602805.207479,19912361.83601995,1366.0,1.2708144222864444e-09,1366.0,BID
298,1712602816.4334426,19912422.53659314,1366.0,2.107441956443762e-09,1366.0,BID
299,1712602817.2938385,19912426.92897967,1366.0,1.5249773066919983e-10,1366.0,BID
300,1712602818.6734147,19912514.95020953,1366.0,3.055978273732561e-09,1366.0,BID
301,1712602830.6637242,19912514.95020953,1366.0,0.0,1366.0,BID
302,1712602847.574273,19912636.28842329,1366.0,4.2126601980119536e-09,1366.0,BID
303,1712602847.5769515,19924742.63981421,1366.0,4.203123077811428e-07,1366.0,BID
304,1712602850.764213,19924885.08051699,1366.0,4.9453033845345496e-09,1366.0,BID
305,1712602854.9544392,19924981.4406486,1366.0,3.345462888640944e-09,1366.0,BID
306,1712602854.964115,19925104.69984349,1366.0,4.279353455538085e-09,1366.0,BID
307,1712602859.374743,19925324.31916999,1366.0,7.624816344308364e-09,1366.0,BID
308,1712602860.328563,19926734.75308008,1366.0,4.896791052732117e-08,1366.0,BID
309,1712602860.3316891,19927474.39805049,1367.0,2.5679238476814325e-08,1367.0,BID
310,1712602860.3347075,19928717.01998274,1366.0,4.314175883205895e-08,1367.0,BID
311,1712602860.3377998,19937530.85087122,1367.0,3.0600149305991925e-07,1367.0,BID
312,1712602860.986851,19937530.85087122,1367.0,0.0,1367.0,BID
313,1712602861.464529,19937691.66108972,1363.0,-5.5764446405686844e-09,1367.0,ASK
314,1712602865.0743277,19937911.11975833,1367.0,7.610207409933901e-09,1367.0,BID
315,1712602877.5648313,19937960.87524881,1366.0,1.7253800212881611e-09,1367.0,BID
316,1712602878.9547353,19937965.26763534,1363.0,-1.5231557155881766e-10,1367.0,ASK
317,1712602884.0249844,19937987.22956799,1366.0,7.615778571481756e-10,1367.0,BID
318,1712602890.9796703,19937987.22956799,1366.0,0.0,1367.0,BID
319,1712602903.8676958,19937992.20396447,1367.0,1.7249430703522e-10,1367.0,BID
320,1712602920.6270046,19937992.20396447,1367.0,0.0,1367.0,BID
321,1712602923.5348687,19938155.22956798,1367.0,5.653144452016283e-09,1367.0,BID
322,1712602931.0655804,19940041.24493008,1367.0,6.540026260505971e-08,1367.0,BID
323,1712602932.745378,19940045.63410345,1367.0,1.5220082337379448e-10,1367.0,BID
324,1712602939.1354904,19941448.91120659,1367.0,4.866062753090788e-08,1367.0,BID
325,1712602950.675758,19941448.91120659,1367.0,0.0,1367.0,BID
326,1712602960.6363518,19941850.7388224,1367.0,1.3931660751109897e-08,1367.0,BID
327,1712602967.746135,19942024.02525891,1367.0,6.007968967826872e-09,1367.0,BID
328,1712602980.9889903,19942024.02525891,1367.0,0.0,1367.0,BID
329,1712602981.0458038,19942028.41443228,1364.0,-1.5217174045015427e-10,1367.0,ASK
330,1712602984.7869534,19942035.90069654,1367.0,2.5954724630578445e-10,1367.0,BID
331,1712602984.791876,19945686.05890923,1367.0,1.2655023653396638e-07,1367.0,BID
332,1712603003.136588,19945690.4480826,1367.0,1.5217174045015427e-10,1367.0,BID
333,1712603010.9961965,19945690.4480826,1367.0,0.0,1367.0,BID
334,1712603024.1066628,19945742.31900156,1367.0,1.7980416849346547e-09,1367.0,BID
335,1712603034.0913985,19945847.15377479,1367.0,3.633968629862905e-09,1367.0,BID
336,1712603034.1867251,19947005.19822613,1367.0,-4.014218830688283e-08,1367.0,ASK
337,1712603040.6373117,19947005.19822613,1367.0,-0.0,1367.0,ASK
338,1712603048.007161,19947009.5873995,1365.0,-1.52135824938046e-10,1367.0,ASK
339,1712603062.0170915,19947013.97657287,1367.0,1.52135824938046e-10,1367.0,BID
340,1712603070.71622,19947013.97657287,1367.0,0.0,1367.0,BID
341,1712603070.877565,19947021.2899001,1366.0,2.534916065184964e-10,1367.0,BID
342,1712603098.0877988,19947339.90072673,1365.0,-1.1043560304363813e-08,1367.0,ASK
343,1712603098.0918362,19947784.77636237,1365.0,-1.5420100321705063e-08,1367.0,ASK
344,1712603100.977814,19947784.77636237,1365.0,-0.0,1367.0,ASK
345,1712603118.9577098,19948186.60397818,1365.0,-1.3929414950378468e-08,1367.0,ASK
346,1712603121.947829,19948190.99315155,1365.0,-1.521513573297167e-10,1367.0,ASK
347,1712603127.091868,19948927.59479846,1368.0,2.5534407266436483e-08,1368.0,BID
348,1712603127.0955834,19949659.12408503,1368.0,2.5358573129654832e-08,1368.0,BID
349,1712603127.099181,19949659.53977166,1367.0,1.440983975911586e-11,1368.0,BID
350,1712603127.1019866,19949664.0173836,1368.0,1.5521709372422868e-10,1368.0,BID
351,1712603127.1047957,19949975.61986653,1367.0,1.0801747101334592e-08,1368.0,BID
352,1712603127.1076152,19955311.0824974,1368.0,1.8495461738742325e-07,1368.0,BID
353,1712603127.1104398,19955517.00047755,1368.0,7.138177861349857e-09,1368.0,BID
354,1712603129.0582275,19955521.02343591,1365.0,-1.3945645876101995e-10,1368.0,ASK
355,1712603130.982263,19955521.02343591,1365.0,-0.0,1368.0,ASK
356,1712603141.387821,19955525.40940082,1368.0,1.5198438559416843e-10,1368.0,BID
357,1712603160.6484225,19955525.40940082,1368.0,0.0,1368.0,BID
358,1712603190.6235344,19955525.40940082,1368.0,0.0,1368.0,BID
359,1712603191.4883397,19955529.79536573,1365.0,-1.5198435386530588e-10,1368.0,ASK
360,1712603202.9983573,19955538.2105704,1368.0,2.9160731364033047e-10,1368.0,BID
361,1712603212.4185908,19955542.59653531,1368.0,1.5198435399439629e-10,1368.0,BID
362,1712603220.9920304,19955542.59653531,1368.0,0.0,1368.0,BID
363,1712603251.0192232,19955542.59653531,1368.0,0.0,1368.0,BID
364,1712603259.2291656,19955546.98250022,1365.0,-1.5198423023484668e-10,1368.0,ASK
365,1712603279.9693666,19955551.37488675,1366.0,1.522067547449975e-10,1368.0,BID
366,1712603280.6338973,19955551.37488675,1366.0,0.0,1368.0,BID
367,1712603281.9192023,19956406.48384831,1366.0,2.9631569319615738e-08,1368.0,BID
368,1712603282.0190165,19956551.37488675,1366.0,-5.020820786978196e-09,1368.0,ASK
369,1712603310.6130807,19956551.37488675,1366.0,-0.0,1368.0,ASK
370,1712603324.179829,19956552.15323819,1365.0,-2.6970460994144863e-11,1368.0,ASK
371,1712603324.1847548,19956555.76727328,1365.0,-1.2522902614049858e-10,1368.0,ASK
372,1712603337.4258983,19956560.15323819,1368.0,1.5197697312057058e-10,1368.0,BID
373,1712603341.0030997,19956560.15323819,1368.0,0.0,1368.0,BID
374,1712603354.759486,19956633.25265339,1368.0,2.532948501710897e-09,1368.0,BID
375,1712603371.0016448,19956633.25265339,1368.0,0.0,1368.0,BID
376,1712603386.8299427,19956799.300168,1368.0,5.753648573168069e-09,1368.0,BID
377,1712603394.1222596,19956867.44299717,1368.0,2.3611909683704908e-09,1368.0,BID
378,1712603395.7798164,19956871.82896208,1365.0,-1.5197638347007207e-10,1368.0,ASK
379,1712603400.6625326,19956871.82896208,1365.0,-0.0,1368.0,ASK
380,1712603415.2301068,19956944.92837728,1368.0,2.535789326175166e-09,1368.0,BID
381,1712603430.651332,19956944.92837728,1368.0,0.0,1368.0,BID
382,1712603446.0803628,19956949.31434219,1368.0,1.5214683176375972e-10,1368.0,BID
383,1712603460.9735713,19956949.31434219,1368.0,0.0,1368.0,BID
384,1712603487.7705874,19956953.7003071,1366.0,-1.5214680009640162e-10,1368.0,ASK
385,1712603490.9945366,19956953.7003071,1366.0,-0.0,1368.0,ASK
386,1712603510.360513,19956958.08627201,1368.0,1.5214676834612562e-10,1368.0,BID
387,1712603520.6244476,19956958.08627201,1368.0,0.0,1368.0,BID
388,1712603525.341134,19960833.90356586,1368.0,1.34449993475064e-07,1368.0,BID
389,1712603525.3458786,19965856.4618231,1368.0,1.742298136665832e-07,1368.0,BID
390,1712603525.3495378,19967912.03912014,1368.0,7.130685819821344e-08,1368.0,BID
391,1712603533.2908869,19969016.85355312,1366.0,-3.83254116598159e-08,1368.0,ASK
392,1712603550.668024,19969016.85355312,1366.0,-0.0,1368.0,ASK
393,1712603551.8313646,19969823.6944428,1368.0,2.7972866186442032e-08,1368.0,BID
394,1712603551.836366,19970833.77021978,1368.0,3.5018942283373435e-08,1368.0,BID
395,1712603556.320771,19970838.15618469,1366.0,-1.5205973201255533e-10,1368.0,ASK
396,1712603566.9807534,19970842.5421496,1368.0,1.5205973214170968e-10,1368.0,BID
397,1712603578.860795,19970875.38460037,1368.0,1.138635253139585e-09,1368.0,BID
398,1712603580.6808436,19970875.38460037,1368.0,0.0,1368.0,BID
399,1712603610.6392386,19970875.38460037,1368.0,0.0,1368.0,BID
400,1712603615.7318535,19972118.00653262,1366.0,-4.3077431760414694e-08,1368.0,ASK
401,1712603615.73726,19972495.87651796,1366.0,-1.3099453731878129e-08,1368.0,ASK
402,1712603615.742239,20002568.71540924,1366.0,-1.042521970327696e-06,1368.0,ASK
403,1712603615.7916963,20002806.17140924,1366.0,8.231783433593331e-09,1368.0,BID
404,1712603615.800979,20002951.06259724,1366.0,5.022879527347802e-09,1368.0,BID
405,1712603615.8108895,20003578.02184486,1366.0,2.173452238765216e-08,1368.0,BID
406,1712603615.8133724,20004636.02329668,1366.0,3.6677274205755744e-08,1368.0,BID
407,1712603622.9313018,20004640.40926159,1366.0,-1.5204632983880674e-10,1368.0,ASK
408,1712603628.8823977,20004701.8590478,1365.0,-2.130252897838128e-09,1368.0,ASK
409,1712603628.8882198,20012710.77920346,1365.0,-2.776417368197136e-07,1368.0,ASK
410,1712603628.8930433,20013756.72846323,1366.0,-3.625946612820239e-08,1368.0,ASK
411,1712603628.8962264,20025302.37643976,1365.0,-4.002479353784525e-07,1368.0,ASK
412,1712603630.8612232,20027758.89643976,1365.0,-8.515910585652375e-08,1368.0,ASK
413,1712603630.981094,20027934.75006869,1365.0,6.0962409429930435e-09,1368.0,BID
414,1712603631.0009103,20033802.49376869,1365.0,2.0341450787583345e-07,1368.0,BID
415,1712603631.0409417,20034848.44302846,1365.0,3.6259466128331543e-08,1368.0,BID
416,1712603631.0807884,20034921.14202846,1365.0,2.520224478705045e-09,1368.0,BID
417,1712603631.1407003,20038586.83117802,1365.0,1.2707684461137733e-07,1368.0,BID
418,1712603631.2008405,20042252.52032758,1365.0,1.2707684461124818e-07,1368.0,BID
419,1712603631.5126188,20045964.34361793,1365.0,1.2867615671919417e-07,1368.0,BID
420,1712603640.9809277,20045964.34361793,1365.0,0.0,1368.0,BID
421,1712603643.7910862,20045968.7327913,1367.0,1.5161864189850382e-10,1368.0,BID
422,1712603659.022228,20045972.39921358,1364.0,-1.2665208674316416e-10,1368.0,ASK
423,1712603659.0280142,20047751.02415095,1364.0,-6.144042960413806e-08,1368.0,ASK
424,1712603659.033096,20050497.39063446,1365.0,-9.486988125034394e-08,1368.0,ASK
425,1712603659.0365188,20053585.95803502,1364.0,-1.066907946496472e-07,1368.0,ASK
426,1712603671.0013232,20053585.95803502,1364.0,-0.0,1368.0,ASK
427,1712603687.8614266,20053590.34720839,1364.0,-1.5156419876608947e-10,1368.0,ASK
428,1712603700.703747,20053590.34720839,1364.0,-0.0,1368.0,ASK
429,1712603730.6164618,20053590.34720839,1364.0,-0.0,1368.0,ASK
430,1712603745.4018075,20053594.73638176,1367.0,1.5315779117445675e-10,1368.0,BID
431,1712603760.9926026,20053594.73638176,1367.0,0.0,1368.0,BID
432,1712603763.303207,20054832.96914064,1366.0,4.3207442145271775e-08,1368.0,BID
433,1712603763.3084097,20057252.38085871,1366.0,8.442402374214886e-08,1368.0,BID
434,1712603781.951706,20057256.04118081,1366.0,1.2772490017917558e-10,1368.0,BID
435,1712603791.00184,20057256.04118081,1366.0,0.0,1368.0,BID
436,1712603796.1422284,20057356.04118081,1366.0,3.4888354091146902e-09,1368.0,BID
437,1712603797.0232725,20057360.43035418,1364.0,-1.5313103469492284e-10,1368.0,ASK
438,1712603805.971592,20057364.82274071,1366.0,1.5324313654968238e-10,1368.0,BID
439,1712603820.6428,20057364.82274071,1366.0,0.0,1368.0,BID
440,1712603829.2520373,20058364.82274071,1366.0,3.48881732326004e-08,1368.0,BID
441,1712603842.9617257,20058512.97088885,1364.0,-5.168618256330145e-09,1368.0,ASK
442,1712603846.172253,20058643.76053137,1364.0,-4.563011705276323e-09,1368.0,ASK
443,1712603846.1767612,20058884.09535062,1364.0,-8.384842807813035e-09,1368.0,ASK
444,1712603850.6620867,20058884.09535062,1364.0,-0.0,1368.0,ASK
445,1712603855.5219588,20058958.22433505,1364.0,-2.5860377036436384e-09,1368.0,ASK
446,1712603858.0918558,20058962.61672158,1364.0,-1.5323125322228366e-10,1368.0,ASK
447,1712603858.712027,20059109.24428757,1364.0,-5.1151977456322465e-09,1368.0,ASK
448,1712603872.8723283,20059113.6366741,1366.0,1.532312530923245e-10,1368.0,BID
449,1712603879.4725337,20059722.41735344,1366.0,2.1237708868597378e-08,1368.0,BID
450,1712603879.4782248,20060113.6366741,1366.0,1.3647939755424117e-08,1368.0,BID
451,1712603881.0122428,20060113.6366741,1366.0,0.0,1368.0,BID
452,1712603911.0365202,20060113.6366741,1366.0,0.0,1368.0,BID
453,1712603930.7323568,20060118.02906063,1365.0,-1.5322227785186146e-10,1368.0,ASK
454,1712603940.632341,20060118.02906063,1365.0,-0.0,1368.0,ASK
455,1712603944.3322675,20060122.418234,1367.0,1.5311015936305724e-10,1368.0,BID
456,1712603945.7655044,20060129.73352295,1367.0,2.551835987218429e-10,1368.0,BID
457,1712603968.7024548,20060131.56614793,1367.0,6.392855299928864e-11,1368.0,BID
458,1712603968.7078395,20060332.60099725,1367.0,7.0128188606383275e-09,1368.0,BID
459,1712603970.6821697,20060332.60099725,1367.0,0.0,1368.0,BID
460,1712604000.672696,20060332.60099725,1367.0,0.0,1368.0,BID
461,1712604001.0805306,20060336.99017062,1366.0,-1.5311347742189475e-10,1368.0,ASK
462,1712604013.1600325,20060341.37613553,1368.0,1.5300155242258228e-10,1368.0,BID
463,1712604030.6626189,20060341.37613553,1368.0,0.0,1368.0,BID
464,1712604045.952753,20060922.60264626,1366.0,-2.0275702846156093e-08,1368.0,ASK
465,1712604061.012679,20060922.60264626,1366.0,-0.0,1368.0,ASK
466,1712604067.152388,20060926.98861117,1365.0,-1.5299725076255888e-10,1368.0,ASK
467,1712604070.7424333,20061467.85653738,1365.0,-1.8867297727442938e-08,1368.0,ASK
468,1712604077.2731974,20061650.81099233,1365.0,-6.382068532533125e-09,1368.0,ASK
469,1712604077.2782395,20062556.63694346,1365.0,-3.1598264716769154e-08,1368.0,ASK
470,1712604077.3730648,20065828.52930734,1365.0,-1.1413464243298597e-07,1368.0,ASK
471,1712604077.3784835,20068047.46838636,1365.0,-7.740408002426823e-08,1368.0,ASK
472,1712604077.9141624,20068424.30125107,1364.0,-1.3145201457538473e-08,1368.0,ASK
473,1712604077.9198048,20069362.23021001,1364.0,-3.2718125919448546e-08,1368.0,ASK
474,1712604080.782558,20069366.6258144,1365.0,1.5333350844369026e-10,1368.0,BID
475,1712604087.4025636,20069461.64962392,1365.0,-3.314751011299264e-09,1368.0,ASK
476,1712604090.7901442,20069612.45973381,1365.0,-5.2607653472064196e-09,1368.0,ASK
477,1712604091.0122569,20069612.45973381,1365.0,-0.0,1368.0,ASK
478,1712604114.7528777,20070235.02338704,1365.0,-2.1708138983262235e-08,1368.0,ASK
479,1712604114.8324385,20070345.06046641,1365.0,-3.836877080492086e-09,1368.0,ASK
480,1712604118.3424563,20070710.90966113,1366.0,1.2756776154039578e-08,1368.0,BID
481,1712604120.645318,20070710.90966113,1366.0,0.0,1368.0,BID
482,1712604124.5426424,20070784.22344412,1364.0,-2.556240730254747e-09,1368.0,ASK
483,1712604133.9755385,20070788.61904851,1363.0,-1.5326208141523027e-10,1368.0,ASK
484,1712604135.7513206,20070917.28392658,1363.0,-4.486174201673072e-09,1368.0,ASK
485,1712604150.6445537,20070917.28392658,1363.0,-0.0,1368.0,ASK
486,1712604157.232764,20070921.67953097,1365.0,1.5326057788849888e-10,1368.0,BID
487,1712604162.695428,20070972.42703968,1363.0,-1.7694022982576131e-09,1368.0,ASK
488,1712604162.6998987,20071001.67953097,1363.0,-1.019940222456377e-09,1368.0,ASK
489,1712604163.013493,20071112.26001563,1363.0,-3.855585597738231e-09,1368.0,ASK
490,1712604163.020162,20071221.89757982,1363.0,-3.822708995774115e-09,1368.0,ASK
491,1712604180.5578558,20071639.64324795,1362.0,-1.4565446937053342e-08,1368.0,ASK
492,1712604180.566332,20071742.78659416,1362.0,-3.596276516371354e-09,1368.0,ASK
493,1712604180.9940484,20071742.78659416,1362.0,-0.0,1368.0,ASK
494,1712604181.9687684,20072456.11209011,1361.0,-2.4870388973047976e-08,1368.0,ASK
495,1712604181.9744532,20077401.11209011,1361.0,-1.7240947389351606e-07,1368.0,ASK
496,1712604181.979985,20077547.95496823,1360.0,-5.119737787939579e-09,1368.0,ASK
497,1712604181.9851775,20081720.50269071,1361.0,-1.4547760518272414e-07,1368.0,ASK
498,1712604181.987641,20082515.34588657,1360.0,-2.7712537356107232e-08,1368.0,ASK
499,1712604181.9901884,20082818.85203488,1362.0,-1.0581867614552257e-08,1368.0,ASK
500,1712604181.993174,20087684.92078488,1360.0,-1.696575031580979e-07,1368.0,ASK
501,1712604181.9957032,20087688.59528892,1361.0,-1.2811310589367548e-10,1368.0,ASK
502,1712604181.998252,20087692.2724948,1360.0,-1.2820730658000488e-10,1368.0,ASK
503,1712604182.00081,20088156.80122367,1361.0,-1.6195986603174055e-08,1368.0,ASK
504,1712604182.0039642,20096177.00790007,1360.0,-2.7962782883631865e-07,1368.0,ASK
505,1712604182.0064888,20096907.99125911,1360.0,-2.5486037685904923e-08,1368.0,ASK
506,1712604194.603196,20097953.94051888,1360.0,-3.646745431670686e-08,1368.0,ASK
507,1712604194.6131666,20099867.48017137,1360.0,-6.671635283330112e-08,1368.0,ASK
508,1712604199.0227692,20099871.87577576,1360.0,-1.53254568209078e-10,1368.0,ASK
509,1712604203.692724,20099932.39424017,1361.0,2.1100013367461136e-09,1368.0,BID
510,1712604211.0356183,20099932.39424017,1361.0,0.0,1368.0,BID
511,1712604217.903092,20099962.65347238,1361.0,-1.0535919654582711e-09,1368.0,ASK
512,1712604221.0776596,20099967.05552667,1363.0,1.5327451142307546e-10,1368.0,BID
513,1712604221.5625887,20100648.23211738,1361.0,-2.3717792245843853e-08,1368.0,ASK
514,1712604221.8993585,20100943.56486715,1361.0,1.0283149623663712e-08,1368.0,BID
515,1712604221.9631977,20101534.23036669,1361.0,2.0566299247327423e-08,1368.0,BID
516,1712604225.7375484,20101829.56311646,1361.0,1.028314962379342e-08,1368.0,BID
517,1712604240.63341,20101829.56311646,1361.0,0.0,1368.0,BID
518,1712604256.503367,20101900.06090721,1361.0,2.4544320321129182e-09,1368.0,BID
519,1712604259.173117,20102456.52236408,1361.0,-1.9373611709566204e-08,1368.0,ASK
520,1712604259.1761477,20103699.14429633,1361.0,-4.3262789399031455e-08,1368.0,ASK
521,1712604259.2951622,20103983.08829633,1361.0,9.88571757378118e-09,1368.0,BID
522,1712604259.3528402,20104555.26763752,1361.0,1.9920841322628506e-08,1368.0,BID
523,1712604259.433198,20106668.00074051,1361.0,7.35563447890264e-08,1368.0,BID
524,1712604259.5134428,20108531.9336389,1361.0,6.489418409913082e-08,1368.0,BID
525,1712604259.5180888,20110632.21859345,1361.0,7.312295341678714e-08,1368.0,BID
526,1712604259.5931723,20111453.26567404,1361.0,2.858535328602217e-08,1368.0,BID
527,1712604259.652943,20112854.01375534,1361.0,4.876806667390166e-08,1368.0,BID
528,1712604265.612956,20112858.41580963,1360.0,-1.5326073263436363e-10,1368.0,ASK
529,1712604270.6533868,20112858.41580963,1360.0,-0.0,1368.0,ASK
530,1712604278.490763,20112862.8146366,1364.0,1.5306837850977174e-10,1368.0,BID
531,1712604301.002747,20112862.8146366,1364.0,0.0,1368.0,BID
532,1712604302.862717,20112892.05440268,1360.0,-1.0178726252978503e-09,1368.0,ASK
533,1712604330.9929874,20112892.05440268,1360.0,-0.0,1368.0,ASK
534,1712604333.112796,20112896.45322965,1360.0,-1.5312842611240302e-10,1368.0,ASK
535,1712604347.0833282,20112900.85205662,1364.0,1.5312842598272118e-10,1368.0,BID
536,1712604348.3236873,20113548.0120095,1360.0,-2.2528411703069696e-08,1368.0,ASK
537,1712604348.3298984,20117720.40699387,1361.0,-1.4524605791346193e-07,1368.0,ASK
538,1712604348.3344202,20120459.0081669,1360.0,-9.533398109966336e-08,1368.0,ASK
539,1712604352.543285,20121923.5251731,1360.0,-5.098158795959617e-08,1368.0,ASK
540,1712604352.5493464,20123774.51842945,1360.0,-6.443528829757214e-08,1368.0,ASK
541,1712604360.6997385,20123774.51842945,1360.0,-0.0,1368.0,ASK
542,1712604368.9430044,20124507.65625936,1364.0,2.5508258542595752e-08,1368.0,BID
543,1712604377.2436323,20124679.24141638,1364.0,5.9700077785135285e-09,1368.0,BID
544,1712604377.2497008,20127511.92868044,1364.0,9.855843765517294e-08,1368.0,BID
545,1712604377.4036665,20130981.35634083,1364.0,-1.207127147794675e-07,1368.0,ASK
546,1712604377.4102223,20131839.03455848,1364.0,-2.984142521306273e-08,1368.0,ASK
547,1712604390.6733713,20131839.03455848,1364.0,-0.0,1368.0,ASK
548,1712604404.8376718,20131843.43338545,1361.0,-1.5299099736477438e-10,1368.0,ASK
549,1712604417.8359764,20131847.83221242,1364.0,1.5299099723520894e-10,1368.0,BID
550,1712604420.6535935,20131847.83221242,1364.0,0.0,1368.0,BID
551,1712604450.6355903,20131847.83221242,1364.0,0.0,1368.0,BID
552,1712604452.373311,20131960.23601242,1364.0,3.909397303321445e-09,1368.0,BID
553,1712604453.853048,20132202.83301242,1364.0,8.437508852576476e-09,1368.0,BID
554,1712604455.334777,20132492.3829649,1364.0,1.0070529674026266e-08,1368.0,BID
555,1712604455.3433871,20132557.83301242,1364.0,2.276348657838185e-09,1368.0,BID
556,1712604456.103305,20132631.14679542,1364.0,2.549848897926673e-09,1368.0,BID
557,1712604456.1095371,20133026.68865295,1364.0,1.3756921662184661e-08,1368.0,BID
558,1712604471.183988,20133031.08747992,1363.0,-1.5299093345321727e-10,1368.0,ASK
559,1712604472.2236087,20133106.44543018,1363.0,-2.6209449103846956e-09,1368.0,ASK
560,1712604481.0148127,20133106.44543018,1363.0,-0.0,1368.0,ASK
561,1712604487.68406,20133110.44543018,1364.0,-1.391114501149963e-10,1368.0,ASK
562,1712604511.0143156,20133110.44543018,1364.0,-0.0,1368.0,ASK
563,1712604527.4837203,20133114.84103457,1365.0,1.5286969622210403e-10,1368.0,BID
564,1712604540.6848288,20133114.84103457,1365.0,0.0,1368.0,BID
565,1712604570.6246176,20133114.84103457,1365.0,0.0,1368.0,BID
566,1712604575.643858,20133119.23663896,1364.0,-1.528696643232291e-10,1368.0,ASK
567,1712604600.7591054,20133119.23663896,1364.0,-0.0,1368.0,ASK
568,1712604612.17747,20133332.00349893,1365.0,7.403056913588796e-09,1368.0,BID
569,1712604612.1828244,20133474.23663896,1365.0,4.9488911514547545e-09,1368.0,BID
570,1712604615.230162,20133549.16593896,1365.0,2.6071065412339918e-09,1368.0,BID
571,1712604621.4945114,20133549.16596329,1365.0,8.465388796363018e-16,1368.0,BID
572,1712604621.5014064,20133553.5583255,1366.0,1.5282881665321584e-10,1368.0,BID
573,1712604630.6437323,20133553.5583255,1366.0,0.0,1368.0,BID
574,1712604641.544053,20133627.11964147,1366.0,2.559455808054128e-09,1368.0,BID
575,1712604661.0232546,20133627.11964147,1366.0,0.0,1368.0,BID
576,1712604661.6335447,20135677.21977441,1366.0,7.132991407110215e-08,1368.0,BID
577,1712604678.4631522,20135681.61216095,1364.0,-1.5282597639323712e-10,1368.0,ASK
578,1712604691.0059052,20135681.61216095,1364.0,-0.0,1368.0,ASK
579,1712604701.2238505,20135686.00454748,1366.0,1.5281105475103209e-10,1368.0,BID
580,1712604717.9840722,20135689.67096976,1364.0,-1.275547704286484e-10,1368.0,ASK
581,1712604717.9905095,20136410.02080874,1364.0,-2.5060958989628692e-08,1368.0,ASK
582,1712604720.6144314,20136410.02080874,1364.0,-0.0,1368.0,ASK
583,1712604723.9643688,20136437.49239033,1362.0,-9.55702834642166e-10,1368.0,ASK
584,1712604723.9698749,20136441.16150258,1363.0,-1.276439424038849e-10,1368.0,ASK
585,1712604723.975123,20136444.83330874,1362.0,-1.2773766025408906e-10,1368.0,ASK
586,1712604723.983434,20136817.40074525,1362.0,-1.2961166942927325e-08,1368.0,ASK
587,1712604733.2937016,20136937.40074525,1364.0,-4.1746537156485985e-09,1368.0,ASK
588,1712604736.3158607,20137857.96133923,1362.0,-3.202518086786416e-08,1368.0,ASK
589,1712604736.3224912,20137931.34608591,1362.0,-2.5529658782664027e-09,1368.0,ASK
590,1712604736.3288083,20139094.21124093,1362.0,-4.0454661168314944e-08,1368.0,ASK
591,1712604736.332055,20140140.1605007,1362.0,-3.638729969742354e-08,1368.0,ASK
592,1712604736.3349874,20140143.83500474,1361.0,-1.2783151612649149e-10,1368.0,ASK
593,1712604736.3378549,20140297.89519328,1360.0,-5.359566154326848e-09,1368.0,ASK
594,1712604736.3407297,20141695.5513582,1361.0,-4.8622754184083744e-08,1368.0,ASK
595,1712604745.2636137,20141699.94374473,1361.0,-1.5280577288614334e-10,1368.0,ASK
596,1712604750.6845057,20141699.94374473,1361.0,-0.0,1368.0,ASK
597,1712604761.6839087,20141723.60311973,1361.0,-8.22874604178045e-10,1368.0,ASK
598,1712604767.6038742,20141741.34765098,1361.0,-6.171559530363593e-10,1368.0,ASK
599,1712604780.7004511,20141741.34765098,1361.0,-0.0,1368.0,ASK
600,1712604794.704357,20141745.74647795,1364.0,1.5299118885829183e-10,1368.0,BID
601,1712604810.6553838,20141745.74647795,1364.0,0.0,1368.0,BID
602,1712604841.033951,20141745.74647795,1364.0,0.0,1368.0,BID
603,1712604849.0678723,20141750.14530492,1361.0,-1.5299115680253448e-10,1368.0,ASK
604,1712604869.1939096,20141754.54413189,1364.0,1.5299115693210002e-10,1368.0,BID
605,1712604871.0155568,20141754.54413189,1364.0,0.0,1368.0,BID
606,1712604900.6338894,20141754.54413189,1364.0,0.0,1368.0,BID
607,1712604912.8942256,20141758.94295886,1362.0,-1.5303452042550818e-10,1368.0,ASK
608,1712604916.2341003,20141814.94295886,1364.0,1.9482314714946915e-09,1368.0,BID
609,1712604919.8639722,20143729.26027868,1362.0,-6.659880801600869e-08,1368.0,ASK
610,1712604920.1045086,20144608.4343989,1364.0,3.0586333748906586e-08,1368.0,BID
611,1712604920.109934,20144698.03557193,1364.0,3.1172111638691526e-09,1368.0,BID
612,1712604924.8296144,20145123.03557193,1363.0,1.4785685274736498e-08,1368.0,BID
613,1712604926.303891,20145800.47157193,1363.0,2.356789527008595e-08,1368.0,BID
614,1712604927.8262062,20146094.35257193,1363.0,1.0224075233504422e-08,1368.0,BID
615,1712604930.622518,20146094.35257193,1363.0,0.0,1368.0,BID
616,1712604937.0160782,20146449.35247193,1363.0,1.2347851807068612e-08,1368.0,BID
617,1712604943.8747473,20146456.68922908,1363.0,2.5519215646960357e-10,1368.0,BID
618,1712604961.0050025,20146456.68922908,1363.0,0.0,1368.0,BID
619,1712604963.404208,20147056.68922908,1363.0,2.0869256075852547e-08,1368.0,BID
620,1712604969.4439726,20147061.09128337,1363.0,1.5311266377207477e-10,1368.0,BID
621,1712604990.9999769,20147061.09128337,1363.0,0.0,1368.0,BID
622,1712604998.858796,20147824.65682083,1361.0,-2.6557646917353386e-08,1368.0,ASK
623,1712604998.8662858,20150569.96327437,1361.0,-9.548476967096833e-08,1368.0,ASK
624,1712605015.1342354,20150574.36532866,1361.0,-1.5310827655624568e-10,1368.0,ASK
625,1712605020.7290628,20150574.36532866,1361.0,-0.0,1368.0,ASK
626,1712605030.3742623,20150578.76738295,1363.0,1.5308281777181914e-10,1368.0,BID
627,1712605050.6545362,20150578.76738295,1363.0,0.0,1368.0,BID
628,1712605053.1142075,20150586.12580816,1361.0,-2.5589148977543075e-10,1368.0,ASK
629,1712605078.3748782,20150659.6011939,1361.0,-2.555129036361813e-09,1368.0,ASK
630,1712605078.3819249,20152899.81657336,1361.0,-7.790417574643576e-08,1368.0,ASK
631,1712605078.5068698,20153043.70112825,1361.0,5.003629452038248e-09,1368.0,BID
632,1712605078.524013,20153614.41812825,1361.0,1.9846858421247362e-08,1368.0,BID
633,1712605078.5939653,20153792.17329086,1361.0,6.181490206214681e-09,1368.0,BID
634,1712605079.29414,20153884.10365652,1361.0,3.1969066137243086e-09,1368.0,BID
635,1712605079.9940546,20154157.22865652,1361.0,9.49800550244144e-09,1368.0,BID
636,1712605080.9943316,20154157.22865652,1361.0,0.0,1368.0,BID
637,1712605081.5639656,20154379.39065652,1361.0,7.72444331763543e-09,1368.0,BID
638,1712605084.2346752,20154385.95664271,1361.0,2.28295514754348e-10,1368.0,BID
639,1712605086.9444008,20154390.358697,1360.0,-1.530568632511333e-10,1368.0,ASK
640,1712605102.3145452,20154733.931597,1363.0,1.1945829581689676e-08,1368.0,BID
641,1712605108.334293,20154958.440497,1363.0,7.806043663339772e-09,1368.0,BID
642,1712605108.7342556,20156501.12036762,1363.0,5.3638080400062256e-08,1368.0,BID
643,1712605108.8141668,20157225.13662888,1363.0,2.517362362215221e-08,1368.0,BID
644,1712605109.8441093,20157580.13762888,1363.0,1.2343177961059441e-08,1368.0,BID
645,1712605110.1040592,20157816.96962888,1363.0,8.234510671563107e-09,1368.0,BID
646,1712605111.0050027,20157816.96962888,1363.0,0.0,1368.0,BID
647,1712605111.2441363,20157821.37168317,1363.0,1.530303243915224e-10,1368.0,BID
648,1712605111.3241622,20158058.20568317,1363.0,8.233152405754911e-09,1368.0,BID
649,1712605111.7439344,20158413.20568317,1363.0,1.23410029979268e-08,1368.0,BID
650,1712605113.2604198,20158768.20558317,1363.0,1.234099952152908e-08,1368.0,BID
651,1712605115.4641616,20159005.04658317,1363.0,8.233395749321629e-09,1368.0,BID
652,1712605116.7044609,20159275.04458317,1363.0,9.386045429510332e-09,1368.0,BID
653,1712605117.78417,20159457.39599841,1363.0,6.339153132800229e-09,1368.0,BID
654,1712605117.7938333,20159545.03758317,1363.0,3.046718479543724e-09,1368.0,BID
655,1712605121.7444284,20159732.47506134,1363.0,6.515961915541765e-09,1368.0,BID
656,1712605126.134274,20160030.17096946,1363.0,1.0348918576341516e-08,1368.0,BID
657,1712605126.1440122,20160317.91336134,1363.0,1.0002900622053896e-08,1368.0,BID
658,1712605134.8842952,20160716.26810913,1363.0,1.3848160948521608e-08,1368.0,BID
659,1712605139.1245637,20161904.05420913,1363.0,4.129146991830295e-08,1368.0,BID
660,1712605140.627107,20161904.05420913,1363.0,0.0,1368.0,BID
661,1712605161.1146512,20161908.45626342,1361.0,-1.5300069484606614e-10,1368.0,ASK
662,1712605170.631173,20161908.45626342,1361.0,-0.0,1368.0,ASK
663,1712605186.5643344,20161912.85831771,1363.0,1.5300066311561298e-10,1368.0,BID
664,1712605192.024746,20164200.92354924,1361.0,-7.952548390280748e-08,1368.0,ASK
665,1712605192.0307975,20164337.04397539,1361.0,-4.731090097268162e-09,1368.0,ASK
666,1712605192.1243122,20164615.87697539,1361.0,9.69130116902609e-09,1368.0,BID
667,1712605194.1146307,20166054.74177539,1361.0,5.001012117744164e-08,1368.0,BID
668,1712605200.6861904,20166054.74177539,1361.0,0.0,1368.0,BID
669,1712605206.9443886,20166580.21936539,1361.0,1.8262469849137042e-08,1368.0,BID
670,1712605208.4240837,20167406.49909841,1361.0,2.8716559941769728e-08,1368.0,BID
671,1712605212.714351,20168022.57169841,1361.0,2.1411012565553287e-08,1368.0,BID
672,1712605230.6343102,20168022.57169841,1361.0,0.0,1368.0,BID
673,1712605236.944464,20168026.9737527,1360.0,-1.5297493777779539e-10,1368.0,ASK
674,1712605261.0160098,20168026.9737527,1360.0,-0.0,1368.0,ASK
675,1712605261.7848,20168026.97383724,1361.0,2.9378929856590297e-15,1368.0,BID
676,1712605261.7941265,20168031.37580711,1363.0,1.5297197220162348e-10,1368.0,BID
677,1712605291.0045865,20168031.37580711,1363.0,0.0,1368.0,BID
678,1712605296.3245535,20168038.71256426,1362.0,2.549581233403556e-10,1368.0,BID
679,1712605310.034558,20168043.11461867,1360.0,-1.5297487819861328e-10,1368.0,ASK
680,1712605320.6293638,20168043.11461867,1360.0,-0.0,1368.0,ASK
681,1712605330.255187,20168046.79182455,1360.0,-1.2778574653440272e-10,1368.0,ASK
682,1712605330.26385,20169737.05877213,1360.0,-5.8738082890209935e-08,1368.0,ASK
683,1712605331.27464,20169773.82347801,1360.0,-1.277601945876247e-09,1368.0,ASK
684,1712605331.2831898,20173394.70324908,1360.0,-1.258283707391453e-07,1368.0,ASK
685,1712605333.6144202,20173399.10853542,1362.0,1.5308710536881134e-10,1368.0,BID
686,1712605341.564544,20174133.32292602,1362.0,2.5514517571220973e-08,1368.0,BID
687,1712605350.691494,20174133.32292602,1362.0,0.0,1368.0,BID
688,1712605377.3747833,20174877.21633831,1360.0,-2.584343122395372e-08,1368.0,ASK
689,1712605379.4042487,20176272.6171673,1360.0,-4.847730166445347e-08,1368.0,ASK
690,1712605380.9960551,20176272.6171673,1360.0,-0.0,1368.0,ASK
691,1712605382.2344832,20176277.02245364,1360.0,-1.530275796109737e-10,1368.0,ASK
692,1712605383.1566105,20176424.4616954,1360.0,-5.1216353658069135e-09,1368.0,ASK
693,1712605395.4746387,20176428.86698174,1362.0,1.5302757974038007e-10,1368.0,BID
694,1712605411.034475,20176428.86698174,1362.0,0.0,1368.0,BID
695,1712605440.648741,20176428.86698174,1362.0,0.0,1368.0,BID
696,1712605449.9346368,20180176.36698174,1362.0,1.3017692319141785e-07,1368.0,BID
697,1712605452.3151429,20180180.77226808,1360.0,-1.5302644997504998e-10,1368.0,ASK
698,1712605470.6251109,20180180.77226808,1360.0,-0.0,1368.0,ASK
699,1712605475.7748349,20180185.17755442,1362.0,1.5299929134018906e-10,1368.0,BID
700,1712605484.484872,20180247.0907975,1362.0,2.150298886442569e-09,1368.0,BID
701,1712605500.6486166,20180247.0907975,1362.0,0.0,1368.0,BID
702,1712605514.284992,20180534.76615118,1360.0,-1.0004918854858888e-08,1368.0,ASK
703,1712605530.724229,20180534.76615118,1360.0,-0.0,1368.0,ASK
704,1712605531.0865414,20180539.17143752,1360.0,-1.5320719039391982e-10,1368.0,ASK
705,1712605532.4147656,20181100.20653158,1360.0,-1.9511696585003453e-08,1368.0,ASK
706,1712605542.424908,20181104.61181792,1362.0,1.532071902643616e-10,1368.0,BID
707,1712605561.0069108,20181104.61181792,1362.0,0.0,1368.0,BID
708,1712605591.0447805,20181104.61181792,1362.0,0.0,1368.0,BID
709,1712605592.0329294,20181160.61181792,1360.0,-1.9475173137299548e-09,1368.0,ASK
710,1712605600.955192,20181165.01710426,1360.0,-1.5320306112141504e-10,1368.0,ASK
711,1712605620.626758,20181165.01710426,1360.0,-0.0,1368.0,ASK
712,1712605620.8145564,20181827.96900383,1360.0,-2.305547524850587e-08,1368.0,ASK
713,1712605622.1549442,20183301.18686273,1360.0,-5.12340908949334e-08,1368.0,ASK
714,1712605623.3250918,20183305.59214907,1362.0,1.5320262342462843e-10,1368.0,BID
715,1712605650.6377394,20183305.59214907,1362.0,0.0,1368.0,BID
716,1712605672.515406,20183309.99743541,1360.0,-1.5318711425295947e-10,1368.0,ASK
717,1712605680.9947014,20183309.99743541,1360.0,-0.0,1368.0,ASK
718,1712605686.5250633,20183314.40595855,1361.0,1.5329963711419908e-10,1368.0,BID
719,1712605711.007666,20183314.40595855,1361.0,0.0,1368.0,BID
720,1712605711.136833,20183349.15007833,1361.0,1.208173276104016e-09,1368.0,BID
721,1712605715.3881612,20183664.54886817,1361.0,-1.0967507353436329e-08,1368.0,ASK
722,1712605715.504985,20184530.79276817,1361.0,3.012229802153646e-08,1368.0,BID
723,1712605717.0349417,20184657.79276817,1361.0,4.416229480785374e-09,1368.0,BID
724,1712605718.515084,20184919.79276817,1361.0,9.110646645399748e-09,1368.0,BID
725,1712605725.46515,20184980.42446857,1361.0,2.1083740376203793e-09,1368.0,BID
726,1712605740.6716616,20184980.42446857,1361.0,0.0,1368.0,BID
727,1712605741.3950229,20184984.83299171,1361.0,-1.532875189791066e-10,1368.0,ASK
728,1712605749.805352,20185516.06003066,1361.0,-1.8471146047344828e-08,1368.0,ASK
729,1712605759.8756058,20185595.82771671,1362.0,2.773579789424158e-09,1368.0,BID
730,1712605759.8850484,20185871.06003066,1362.0,9.570025422711798e-09,1368.0,BID
731,1712605762.0851996,20186010.23453066,1362.0,4.839197418572127e-09,1368.0,BID
732,1712605762.165092,20186014.639817,1362.0,1.5317497297158794e-10,1368.0,BID
733,1712605762.4051118,20186161.40927368,1362.0,5.1032795224458495e-09,1368.0,BID
734,1712605764.2649877,20186215.72217394,1362.0,1.888498587990641e-09,1368.0,BID
735,1712605764.2750566,20186516.40927368,1362.0,1.0455106624145317e-08,1368.0,BID
736,1712605765.2151556,20186606.14114979,1362.0,3.1200418412148304e-09,1368.0,BID
737,1712605767.264917,20187200.73614979,1362.0,2.0674495608848585e-08,1368.0,BID
738,1712605768.0067468,20187287.74237815,1362.0,3.025269109415742e-09,1368.0,BID
739,1712605770.6331942,20187287.74237815,1362.0,0.0,1368.0,BID
740,1712605770.9766848,20187546.19827815,1362.0,8.985715753306259e-09,1368.0,BID
741,1712605777.2351878,20187546.19830464,1362.0,9.208649599829768e-16,1368.0,BID
742,1712605788.5753543,20187709.35240892,1362.0,5.672365788683566e-09,1368.0,BID
743,1712605800.6877244,20187709.35240892,1362.0,0.0,1368.0,BID
744,1712605803.2153633,20187713.75769526,1361.0,-1.5335247193624978e-10,1368.0,ASK
745,1712605803.8353992,20188220.11796359,1361.0,-1.7626912943158145e-08,1368.0,ASK
746,1712605803.8422244,20188413.75769526,1361.0,-6.7407948569527365e-09,1368.0,ASK
747,1712605812.1276915,20188421.08907355,1364.0,2.552126912969704e-10,1368.0,BID
748,1712605830.6552951,20188421.08907355,1364.0,0.0,1368.0,BID
749,1712605859.0725188,20188425.48790052,1364.0,1.531224512423074e-10,1368.0,BID
750,1712605860.995145,20188425.48790052,1364.0,0.0,1368.0,BID
751,1712605891.019803,20188425.48790052,1364.0,0.0,1368.0,BID
752,1712605903.115562,20188429.88672749,1361.0,-1.5312241913163172e-10,1368.0,ASK
753,1712605915.9064217,20188434.28555446,1364.0,1.5312241926130844e-10,1368.0,BID
754,1712605920.6502423,20188434.28555446,1364.0,0.0,1368.0,BID
755,1712605937.6355252,20188441.61693275,1364.0,2.552039257026011e-10,1368.0,BID
756,1712605950.7008753,20188441.61693275,1364.0,0.0,1368.0,BID
757,1712605972.4357266,20188446.01575972,1361.0,-1.5312230206809918e-10,1368.0,ASK
758,1712605980.990153,20188446.01575972,1361.0,-0.0,1368.0,ASK
759,1712605991.4451935,20188450.41458669,1364.0,1.5312227002782526e-10,1368.0,BID
760,1712606011.0125134,20188450.41458669,1364.0,0.0,1368.0,BID
761,1712606026.8263674,20188911.33417255,1364.0,1.6044513471741132e-08,1368.0,BID
762,1712606026.8365347,20189536.66312041,1364.0,2.17675686518589e-08,1368.0,BID
763,1712606037.5657053,20189541.06194738,1361.0,-1.5312223804690196e-10,1368.0,ASK
764,1712606040.646237,20189541.06194738,1361.0,-0.0,1368.0,ASK
765,1712606057.215551,20189545.46077435,1364.0,1.531143092930315e-10,1368.0,BID
766,1712606070.617083,20189545.46077435,1364.0,0.0,1368.0,BID
767,1712606100.6856809,20189545.46077435,1364.0,0.0,1368.0,BID
768,1712606103.5955212,20189549.85960132,1361.0,-1.5327366394404638e-10,1368.0,ASK
769,1712606127.7161825,20190337.58403447,1361.0,-2.7447637956108962e-08,1368.0,ASK
770,1712606127.723001,20193515.37406985,1361.0,-1.107275929513647e-07,1368.0,ASK
771,1712606127.728747,20194941.9174783,1361.0,-4.9706782417829375e-08,1368.0,ASK
772,1712606127.8355997,20194947.0174783,1361.0,-1.77705486365337e-10,1368.0,ASK
773,1712606130.6825595,20194947.0174783,1361.0,-0.0,1368.0,ASK
774,1712606130.885684,20194964.62842747,1361.0,-6.134825161183488e-10,1368.0,ASK
775,1712606142.2858188,20195660.94013416,1361.0,-2.4256220019958885e-08,1368.0,ASK
776,1712606142.2929034,20195884.58610441,1361.0,-7.7907721626101e-09,1368.0,ASK
777,1712606143.5253682,20195888.9881587,1363.0,1.5334683635366903e-10,1368.0,BID
778,1712606161.0055437,20195888.9881587,1363.0,0.0,1368.0,BID
779,1712606190.9676297,20195888.9881587,1363.0,0.0,1368.0,BID
780,1712606191.696149,20197758.93850834,1361.0,-6.513735311432775e-08,1368.0,ASK
781,1712606191.7033842,20197837.37017622,1361.0,-2.7320678578326677e-09,1368.0,ASK
782,1712606191.935607,20197956.68386575,1361.0,4.156141326307343e-09,1368.0,BID
783,1712606193.6654327,20198025.82391054,1361.0,2.408405930628349e-09,1368.0,BID
784,1712606195.855559,20198030.22596483,1360.0,-1.533399882024e-10,1368.0,ASK
785,1712606203.1555736,20198226.96046483,1361.0,6.852997246089944e-09,1368.0,BID
786,1712606208.595778,20198231.36898797,1361.0,1.5356532244171907e-10,1368.0,BID
787,1712606218.5957992,20198586.36898797,1361.0,1.2365975577927432e-08,1368.0,BID
788,1712606220.416956,20198861.73279195,1360.0,-9.591949507182048e-09,1368.0,ASK
789,1712606220.651992,20198861.73279195,1360.0,-0.0,1368.0,ASK
790,1712606222.125482,20204912.24579893,1360.0,-2.1073226349789466e-07,1368.0,ASK
791,1712606248.315801,20204962.24579893,1360.0,-1.741441289810785e-09,1368.0,ASK
792,1712606250.65982,20204962.24579893,1360.0,-0.0,1368.0,ASK
793,1712606261.8357086,20204966.65432207,1360.0,-1.5349932859672126e-10,1368.0,ASK
794,1712606262.74633,20208973.50293128,1360.0,-1.3951351778452293e-07,1368.0,ASK
795,1712606262.7543414,20209197.05942282,1360.0,-7.783960813241649e-09,1368.0,ASK
796,1712606277.3160546,20209202.15942282,1360.0,-1.7757569845636907e-10,1368.0,ASK
797,1712606280.3470554,20209293.50293128,1360.0,-3.180468102212261e-09,1368.0,ASK
798,1712606280.3534963,20210624.13981871,1360.0,-4.633113230999072e-08,1368.0,ASK
799,1712606280.3599818,20211023.42492857,1360.0,-1.3902614175981888e-08,1368.0,ASK
800,1712606281.015821,20211023.42492857,1360.0,-0.0,1368.0,ASK
801,1712606281.0286148,20211027.83345171,1361.0,1.5345528427236516e-10,1368.0,BID
802,1712606282.936366,20211103.16801053,1360.0,-2.622303607301486e-09,1368.0,ASK
803,1712606282.9428427,20212950.07725429,1360.0,-6.428864585171227e-08,1368.0,ASK
804,1712606299.06612,20212953.75716598,1359.0,-1.280932130652725e-10,1368.0,ASK
805,1712606299.074316,20215072.47177052,1359.0,-7.374985713685963e-08,1368.0,ASK
806,1712606299.0792384,20220444.44832448,1359.0,-1.8699191601724066e-07,1368.0,ASK
807,1712606311.046231,20220444.44832448,1359.0,-0.0,1368.0,ASK
808,1712606325.7259438,20220448.85684762,1360.0,-1.5338691513920008e-10,1368.0,ASK
809,1712606333.3464928,20220595.80761911,1361.0,5.11289717398538e-09,1368.0,BID
810,1712606333.365487,20220628.06454901,1360.0,-1.1223239188157967e-09,1368.0,ASK
811,1712606333.525727,20220983.06454901,1360.0,1.2351609170761993e-08,1368.0,BID
812,1712606335.015657,20221547.00954901,1360.0,1.962148798256071e-08,1368.0,BID
1013,1712606336.8457725,20222321.97454901,1360.0,2.6963562819768252e-08,1368.0,BID
813,1712606336.8457725,20222321.97454901,1360.0,2.696356281976825e-08,1368.0,BID
814,1712606338.3056948,20222435.97454901,1360.0,3.966432240751739e-09,1368.0,BID
815,1712606339.7559834,20222440.38631371,1360.0,1.5349969951363535e-10,1368.0,BID
816,1712606340.185799,20222795.38631371,1360.0,1.2351609170761993e-08,1368.0,BID
817,1712606340.6258252,20222795.38631371,1360.0,0.0,1368.0,BID
818,1712606341.6959813,20223150.38631371,1360.0,1.2350235222244017e-08,1368.0,BID
819,1712606344.7457907,20223505.38631371,1360.0,1.2350235222244017e-08,1368.0,BID
820,1712606347.220939,20223860.38631371,1360.0,1.2350235222244017e-08,1368.0,BID
821,1712606360.4476378,20223867.73925488,1360.0,2.5580437472945686e-10,1368.0,BID
822,1712606368.3107584,20223938.37085084,1360.0,2.4572304907157727e-09,1368.0,BID
823,1712606368.3181622,20223945.72379201,1360.0,2.5580437472945686e-10,1368.0,BID
824,1712606370.0368395,20223953.08214373,1359.0,-2.55992604560975e-10,1368.0,ASK
825,1712606370.0439537,20224999.0314035,1359.0,-3.638794193994727e-08,1368.0,ASK
826,1712606370.049824,20225011.414025,1358.0,-4.3078391042516575e-10,1368.0,ASK
827,1712606370.0552511,20227588.804025,1359.0,-8.96658387590616e-08,1368.0,ASK
828,1712606370.0587516,20227880.06521335,1358.0,-1.0132800527308286e-08,1368.0,ASK
829,1712606370.061901,20229148.44861649,1358.0,-4.41262912134714e-08,1368.0,ASK
830,1712606370.0650532,20229723.52173958,1359.0,-2.000644602859607e-08,1368.0,ASK
831,1712606370.0682385,20232064.83027477,1358.0,-8.145270742936554e-08,1368.0,ASK
832,1712606370.63,20232064.83027477,1358.0,-0.0,1368.0,ASK
833,1712606374.7561765,20232359.96427477,1360.0,1.0263036532275412e-08,1368.0,BID
834,1712606383.2298498,20234177.9067855,1360.0,6.321742124243501e-08,1368.0,BID
835,1712606383.3064246,20236067.85527834,1360.0,6.572136868648041e-08,1368.0,BID
836,1712606393.7561457,20236073.72779854,1361.0,2.0421194900541583e-10,1368.0,BID
837,1712606396.1057885,20236078.13956324,1360.0,-1.5341540550068488e-10,1368.0,ASK
838,1712606400.8428235,20236078.13956324,1360.0,-0.0,1368.0,ASK
839,1712606401.707173,20236104.56461834,1361.0,9.189152414843287e-10,1368.0,BID
840,1712606407.666116,20236251.62344187,1360.0,-5.113881269764707e-09,1368.0,ASK
841,1712606409.9358702,20236839.4278797,1360.0,-2.0440542313219497e-08,1368.0,ASK
842,1712606411.696329,20236865.82614272,1361.0,9.179835632023795e-10,1368.0,BID
843,1712606416.1965044,20236868.80389877,1362.0,1.0354965803406268e-10,1368.0,BID
844,1712606416.2053912,20236870.23247794,1361.0,4.967797297576316e-11,1368.0,BID
845,1712606424.0863428,20236917.25472189,1362.0,1.6351699736833467e-09,1368.0,BID
846,1712606424.0950727,20236938.75788199,1362.0,7.47759332211611e-10,1368.0,BID
847,1712606424.1014457,20236975.00707794,1361.0,1.2605437725836303e-09,1368.0,BID
848,1712606430.6670806,20236975.00707794,1361.0,0.0,1368.0,BID
849,1712606432.416101,20236993.0367581,1362.0,6.269445795276031e-10,1368.0,BID
850,1712606435.865696,20237342.38400666,1362.0,-1.2147823030015898e-08,1368.0,ASK
851,1712606440.2213,20237724.18718022,1363.0,1.3276410230247792e-08,1368.0,BID
852,1712606440.2342727,20238511.91161337,1363.0,2.7391476674641688e-08,1368.0,BID
853,1712606440.2381003,20238656.15014895,1362.0,5.015594688493879e-09,1368.0,BID
854,1712606440.298849,20239898.7720812,1363.0,-4.3209589851738446e-08,1368.0,ASK
855,1712606440.315817,20239974.24489206,1363.0,-2.6244098205686983e-09,1368.0,ASK
856,1712606451.8467276,20240423.42823682,1364.0,1.5619415360015673e-08,1368.0,BID
857,1712606451.855736,20245766.03374835,1364.0,1.8577798033468738e-07,1368.0,BID
858,1712606451.8622518,20245839.34753135,1364.0,2.549334122940764e-09,1368.0,BID
859,1712606460.259032,20245843.75386657,1362.0,-1.5322113078239272e-10,1368.0,ASK
860,1712606461.0265884,20245843.75386657,1362.0,-0.0,1368.0,ASK
861,1712606479.8858373,20245848.15269354,1364.0,1.5289575067142338e-10,1368.0,BID
862,1712606491.005936,20245848.15269354,1364.0,0.0,1368.0,BID
863,1712606495.6359842,20246427.92698545,1362.0,-2.0151964982031493e-08,1368.0,ASK
864,1712606495.643036,20246454.18291161,1362.0,-9.126111866208283e-10,1368.0,ASK
865,1712606495.6558087,20247081.14215923,1362.0,-2.179203351984512e-08,1368.0,ASK
866,1712606495.7465394,20247356.09582308,1362.0,-9.556920137485036e-09,1368.0,ASK
867,1712606520.711444,20247356.09582308,1362.0,-0.0,1368.0,ASK
868,1712606520.7859907,20247380.09582308,1363.0,8.341394962685272e-10,1368.0,BID
869,1712606525.745996,20247384.49465005,1362.0,-1.5288480476269348e-10,1368.0,ASK
870,1712606527.5991766,20247457.86222158,1363.0,2.549949548235251e-09,1368.0,BID
1070,1712606527.5991766,20247457.86222158,1363.0,2.5499495482352512e-09,1368.0,BID
871,1712606545.436327,20247462.26427587,1363.0,1.5299697287598848e-10,1368.0,BID
872,1712606549.9465926,20247465.88694444,1363.0,1.2590878893736669e-10,1368.0,BID
873,1712606550.6664052,20247465.88694444,1363.0,0.0,1368.0,BID
874,1712606578.7061107,20247479.82792936,1362.0,-4.845277357898129e-10,1368.0,ASK
875,1712606580.6545413,20247479.82792936,1362.0,-0.0,1368.0,ASK
876,1712606582.307051,20247546.00239483,1362.0,-2.299933824373931e-09,1368.0,ASK
877,1712606582.3154843,20247629.03244663,1362.0,-2.8857599864403833e-09,1368.0,ASK
878,1712606585.1763525,20247646.33763711,1362.0,-6.014524279472163e-10,1368.0,ASK
879,1712606589.5660355,20247650.7396914,1360.0,-1.5299607606386175e-10,1368.0,ASK
880,1712606610.6368482,20247650.7396914,1360.0,-0.0,1368.0,ASK
881,1712606611.0460465,20247655.14821454,1361.0,1.532196654784309e-10,1368.0,BID
882,1712606634.8119562,20248332.08601309,1361.0,2.3527194866511054e-08,1368.0,BID
883,1712606641.0154648,20248332.08601309,1361.0,0.0,1368.0,BID
884,1712606644.1649384,20248532.08601309,1361.0,6.950841475359059e-09,1368.0,BID
885,1712606654.474647,20248536.49453623,1360.0,-1.5321472738473962e-10,1368.0,ASK
886,1712606654.7429216,20248540.49453623,1361.0,1.390168295071812e-10,1368.0,BID
887,1712606670.9839866,20248540.49453623,1361.0,0.0,1368.0,BID
888,1712606675.9940205,20248544.90305937,1361.0,1.5321321718899968e-10,1368.0,BID
889,1712606700.6514163,20248544.90305937,1361.0,0.0,1368.0,BID
890,1712606708.5165975,20249863.18711234,1360.0,-4.5830540210934975e-08,1368.0,ASK
891,1712606713.1430314,20251523.18711224,1360.0,-5.7710397523398985e-08,1368.0,ASK
892,1712606713.2629924,20251961.3877523,1360.0,-1.5234176586989884e-08,1368.0,ASK
893,1712606713.513105,20252298.25449435,1360.0,-1.171127325145731e-08,1368.0,ASK
894,1712606722.1874938,20252302.66301749,1360.0,-1.5326362821436514e-10,1368.0,ASK
895,1712606726.883067,20252391.22040905,1360.0,-3.07872425961629e-09,1368.0,ASK
896,1712606726.892431,20253306.74325585,1360.0,-3.1828426164906895e-08,1368.0,ASK
897,1712606730.6451962,20253306.74325585,1360.0,-0.0,1368.0,ASK
898,1712606733.542242,20253311.15177899,1361.0,1.5322912964879739e-10,1368.0,BID
899,1712606737.1526368,20253447.94794764,1360.0,-4.754689314922386e-09,1368.0,ASK
900,1712606761.0247197,20253447.94794764,1360.0,-0.0,1368.0,ASK
901,1712606784.3283772,20253452.35647078,1360.0,-1.5322810686308778e-10,1368.0,ASK
902,1712606784.8472116,20253591.88321582,1361.0,4.849564883076016e-09,1368.0,BID
903,1712606790.9818804,20253591.88321582,1361.0,0.0,1368.0,BID
904,1712606798.11069,20253596.29173896,1361.0,1.5322706372342286e-10,1368.0,BID
905,1712606804.256387,20254851.33578196,1361.0,4.3621572881344896e-08,1368.0,BID
906,1712606804.7305987,20254861.33578196,1361.0,3.475700564025348e-10,1368.0,BID
1107,1712606815.270244,20254961.33578196,1361.0,3.475700564025348e-09,1368.0,BID
907,1712606815.270244,20254961.33578196,1361.0,3.4757005640253482e-09,1368.0,BID
908,1712606820.5972974,20254961.33578196,1361.0,0.0,1368.0,BID
909,1712606825.8998168,20255065.82637526,1360.0,-3.6315448856411884e-09,1368.0,ASK
910,1712606838.2331052,20255211.40719818,1361.0,5.059625715811129e-09,1368.0,BID
911,1712606850.620065,20255211.40719818,1361.0,0.0,1368.0,BID
912,1712606850.6707385,20255215.81572132,1360.0,-1.5321532638882562e-10,1368.0,ASK
913,1712606870.4993272,20258888.03839029,1361.0,1.2762568702316824e-07,1368.0,BID
914,1712606880.9740388,20258888.03839029,1361.0,0.0,1368.0,BID
915,1712606911.0292544,20258888.03839029,1361.0,0.0,1368.0,BID
916,1712606915.499225,20261500.37188829,1360.0,-9.077414874481321e-08,1368.0,ASK
917,1712606915.5075972,20261529.35774732,1360.0,-1.0072093325785143e-09,1368.0,ASK
918,1712606925.33316,20261674.79347912,1361.0,5.053644475784353e-09,1368.0,BID
919,1712606939.328235,20261679.20200226,1361.0,1.5318868581432338e-10,1368.0,BID
920,1712606940.6868062,20261679.20200226,1361.0,0.0,1368.0,BID
921,1712606965.6776338,20261752.677388,1361.0,2.5528080260512707e-09,1368.0,BID
922,1712606970.705058,20261752.677388,1361.0,0.0,1368.0,BID
923,1712606980.209695,20261757.08591114,1360.0,-1.5316794919877308e-10,1368.0,ASK
924,1712606994.9974458,20261761.49443428,1361.0,1.5316794919877308e-10,1368.0,BID
925,1712607000.7671933,20261761.49443428,1361.0,0.0,1368.0,BID
926,1712607030.6384945,20261761.49443428,1361.0,0.0,1368.0,BID
927,1712607049.7259097,20261765.90295742,1360.0,-1.5321479802062766e-10,1368.0,ASK
928,1712607057.797454,20261777.55515521,1360.0,-4.0496308472427046e-10,1368.0,ASK
929,1712607061.0062308,20261777.55515521,1360.0,-0.0,1368.0,ASK
930,1712607066.3861012,20262145.20221404,1360.0,-1.2777278304378128e-08,1368.0,ASK
931,1712607070.2360573,20262149.61073718,1361.0,1.5321468158253475e-10,1368.0,BID
932,1712607091.0056667,20262149.61073718,1361.0,0.0,1368.0,BID
933,1712607115.8219717,20262154.01926032,1360.0,-1.5321198738365148e-10,1368.0,ASK
934,1712607118.7848585,20265206.12742452,1360.0,-1.0607170302814293e-07,1368.0,ASK
935,1712607120.615642,20265206.12742452,1360.0,-0.0,1368.0,ASK
936,1712607122.4950995,20265258.56231458,1360.0,-1.822037229700538e-09,1368.0,ASK
937,1712607132.9149458,20266123.94452023,1360.0,-3.007079055114222e-08,1368.0,ASK
938,1712607135.5448103,20266128.35304337,1361.0,1.5318985654607405e-10,1368.0,BID
939,1712607150.6579378,20266128.35304337,1361.0,0.0,1368.0,BID
940,1712607154.5648096,20266180.78793343,1360.0,-1.8219578237915558e-09,1368.0,ASK
941,1712607162.1144996,20266205.80995585,1361.0,8.694415008637468e-10,1368.0,BID
942,1712607169.7344985,20266989.47376744,1360.0,-2.7230006796463887e-08,1368.0,ASK
943,1712607179.274391,20266993.88229058,1360.0,-1.531831804037826e-10,1368.0,ASK
944,1712607180.9859772,20266993.88229058,1360.0,-0.0,1368.0,ASK
945,1712607192.4241283,20266998.29081372,1361.0,1.5317691524341676e-10,1368.0,BID
946,1712607199.1039677,20267108.50389233,1361.0,3.829422882768107e-09,1368.0,BID
947,1712607207.0748467,20272143.60683868,1360.0,-1.749478254629913e-07,1368.0,ASK
948,1712607210.9971523,20272143.60683868,1360.0,-0.0,1368.0,ASK
949,1712607240.6557856,20272143.60683868,1360.0,-0.0,1368.0,ASK
950,1712607246.183607,20272148.01536182,1360.0,-1.531396486783365e-10,1368.0,ASK
951,1712607259.3932548,20272152.42388496,1361.0,1.5313964880774254e-10,1368.0,BID
952,1712607270.684058,20272152.42388496,1361.0,0.0,1368.0,BID
953,1712607300.6506152,20272152.42388496,1361.0,0.0,1368.0,BID
954,1712607314.5627406,20272156.8324081,1360.0,-1.5340762657058648e-10,1368.0,ASK
955,1712607330.6223822,20272156.8324081,1360.0,-0.0,1368.0,ASK
956,1712607343.2826188,20272652.8324081,1360.0,-1.7259786216736178e-08,1368.0,ASK
957,1712607346.7328634,20274486.65593752,1360.0,-6.381331063908248e-08,1368.0,ASK
958,1712607360.4225044,20274780.65593752,1360.0,-1.023059908814604e-08,1368.0,ASK
959,1712607361.0189953,20274780.65593752,1360.0,-0.0,1368.0,ASK
960,1712607363.632607,20274795.36181987,1361.0,5.116711124778807e-10,1368.0,BID
961,1712607365.6622467,20274799.77034301,1361.0,1.5338854784427548e-10,1368.0,BID
962,1712607368.012059,20275093.77034301,1360.0,-1.0229328881419936e-08,1368.0,ASK
963,1712607375.9763477,20278761.92812204,1360.0,-1.2762854527429225e-07,1368.0,ASK
964,1712607375.982377,20279619.81385732,1360.0,-2.984896370362648e-08,1368.0,ASK
965,1712607375.9870863,20292904.91633466,1360.0,-4.622370151838737e-07,1368.0,ASK
966,1712607391.0064096,20292904.91633466,1360.0,-0.0,1368.0,ASK
967,1712607393.8817167,20295268.95092466,1360.0,-8.218287579108214e-08,1368.0,ASK
968,1712607394.321818,20296960.12739524,1360.0,-5.8791756436255376e-08,1368.0,ASK
969,1712607396.0867372,20298005.0060619,1360.0,-3.6323975140706496e-08,1368.0,ASK
970,1712607406.861872,20298148.63794697,1360.0,-4.993193170817833e-09,1368.0,ASK
971,1712607410.8921323,20298200.1085352,1360.0,-1.7893143261338775e-09,1368.0,ASK
972,1712607412.9246745,20298204.51705834,1360.0,-1.5325711013491302e-10,1368.0,ASK
973,1712607420.6343873,20298204.51705834,1360.0,-0.0,1368.0,ASK
974,1712607431.7514138,20298208.92558148,1361.0,1.5321871997409537e-10,1368.0,BID
975,1712607439.752667,20298333.97547387,1361.0,4.346123140565146e-09,1368.0,BID
976,1712607450.634701,20298333.97547387,1361.0,0.0,1368.0,BID
977,1712607478.2713492,20298338.38399701,1360.0,-1.5321778159956054e-10,1368.0,ASK
978,1712607481.0011,20298338.38399701,1360.0,-0.0,1368.0,ASK
979,1712607482.180662,20298474.94722143,1360.0,-4.746240243223215e-09,1368.0,ASK
980,1712607497.2364874,20298479.35574457,1361.0,1.5321774980210272e-10,1368.0,BID
981,1712607499.9808433,20298610.07657078,1361.0,4.5431883189187615e-09,1368.0,BID
982,1712607503.3310523,20298710.07657078,1360.0,-3.4754892932432874e-09,1368.0,ASK
983,1712607503.3412194,20300037.20716426,1360.0,-4.612428168383709e-08,1368.0,ASK
984,1712607508.5305903,20300048.2347144,1360.0,3.832613243717537e-10,1368.0,BID
985,1712607508.8708148,20300051.91118498,1360.0,1.2777534142726002e-10,1368.0,BID
986,1712607510.9807572,20300051.91118498,1360.0,0.0,1368.0,BID
987,1712607537.510923,20301098.98223024,1359.0,-3.638789474592314e-08,1368.0,ASK
1188,1712607537.5176525,20301812.64379533,1359.0,-2.4801222450365052e-08,1368.0,ASK
988,1712607537.5176525,20301812.64379533,1359.0,-2.480122245036505e-08,1368.0,ASK
989,1712607540.6574173,20301812.64379533,1359.0,-0.0,1368.0,ASK
990,1712607542.050793,20301817.05231847,1359.0,-1.5319260155379314e-10,1368.0,ASK
991,1712607543.8964207,20302202.14275964,1360.0,1.3381580330110842e-08,1368.0,BID
992,1712607547.5504422,20303527.48332083,1359.0,-4.605450898850679e-08,1368.0,ASK
993,1712607560.5311456,20305831.51923121,1359.0,-8.00633781625111e-08,1368.0,ASK
994,1712607560.5414531,20306013.64616276,1359.0,-6.328763075438228e-09,1368.0,ASK
995,1712607560.5476086,20306075.05940778,1359.0,-2.1340604277257327e-09,1368.0,ASK
996,1712607562.4005787,20306079.47441881,1359.0,1.534180505038351e-10,1368.0,BID
997,1712607570.6814623,20306079.47441881,1359.0,0.0,1368.0,BID
998,1712607596.0100284,20306118.21981984,1359.0,1.346099990168686e-09,1368.0,BID
999,1712607600.6769247,20306118.21981984,1359.0,0.0,1368.0,BID
1000,1712607605.9499578,20306122.63483087,1358.0,-1.533981905239006e-10,1368.0,ASK
1201,1712607607.211533,20306129.99860112,1358.0,-2.5585191616120504e-10,1368.0,ASK
1202,1712607607.2130482,20306222.51212389,1358.0,-3.2143536893822316e-09,1368.0,ASK
1203,1712607611.3304138,20306436.31959892,1358.0,-7.428674485655808e-09,1368.0,ASK
1204,1712607611.333232,20306516.51212389,1358.0,-2.786264437653803e-09,1368.0,ASK
1205,1712607615.060011,20306658.6164586,1358.0,-4.937371087696815e-09,1368.0,ASK
1206,1712607625.1902232,20306662.6164586,1359.0,1.3897876086135525e-10,1368.0,BID
1207,1712607627.0797036,20306667.03146963,1359.0,1.533981905239006e-10,1368.0,BID
1208,1712607630.6039157,20306667.03146963,1359.0,0.0,1368.0,BID
1209,1712607635.1316562,20307263.39004854,1358.0,-2.0719757542820288e-08,1368.0,ASK
1210,1712607635.2300923,20307738.63107533,1358.0,-1.6511674683070074e-08,1368.0,ASK
1211,1712607635.2333808,20308017.12103024,1358.0,-9.675796656415795e-09,1368.0,ASK
1212,1712607643.3089983,20308117.12103024,1358.0,-3.474379052379825e-09,1368.0,ASK
1213,1712607643.323349,20308931.36028416,1358.0,-2.8289758074435376e-08,1368.0,ASK
1214,1712607660.6600947,20308931.36028416,1358.0,-0.0,1368.0,ASK
1215,1712607663.4599316,20308941.36028416,1358.0,-3.4740079042613167e-10,1368.0,ASK
1216,1712607665.4896398,20308953.50633483,1358.0,-4.2195476030542955e-10,1368.0,ASK
1217,1712607667.8796384,20308955.45525489,1357.0,-6.770563693036823e-11,1368.0,ASK
1218,1712607667.8829932,20308957.92134586,1358.0,-8.567219521508889e-11,1368.0,ASK
1219,1712607683.669815,20308962.33960801,1358.0,1.534907763268016e-10,1368.0,BID
1220,1712607690.6608777,20308962.33960801,1358.0,0.0,1368.0,BID
1221,1712607721.004222,20308962.33960801,1358.0,0.0,1368.0,BID
1222,1712607733.1193924,20308964.19068795,1357.0,-6.430656947694994e-11,1368.0,ASK
1223,1712607733.1210282,20308966.75787016,1357.0,-8.918398253189755e-11,1368.0,ASK
1224,1712607737.682758,20309344.09331599,1357.0,-1.3108644056111554e-08,1368.0,ASK
1225,1712607737.6856349,20309447.95383311,1357.0,-3.608117301155883e-09,1368.0,ASK
1226,1712607737.6884215,20310951.5996918,1357.0,-5.223669964194557e-08,1368.0,ASK
1227,1712607738.1993036,20310968.1803845,1357.0,5.760137332032491e-10,1368.0,BID
1228,1712607745.0415866,20311524.14797592,1356.0,-1.9314329844230644e-08,1368.0,ASK
1229,1712607745.0451453,20311697.81206145,1356.0,-6.0330952411313855e-09,1368.0,ASK
1230,1712607745.0483105,20314148.25126676,1356.0,-8.512832727115834e-08,1368.0,ASK
1231,1712607747.7292128,20314152.67278481,1357.0,1.536036620667442e-10,1368.0,BID
1232,1712607749.2089086,20314157.08988355,1357.0,1.5345013517646994e-10,1368.0,BID
1233,1712607750.9939644,20314157.08988355,1357.0,0.0,1368.0,BID
1234,1712607775.0988631,20314237.25163741,1357.0,2.7841400892071913e-09,1368.0,BID
1235,1712607779.5989327,20314317.33318838,1357.0,2.781354520442262e-09,1368.0,BID
1236,1712607780.641679,20314317.33318838,1357.0,0.0,1368.0,BID
1237,1712607786.3456864,20314684.90368803,1357.0,1.2766188183377435e-08,1368.0,BID
1238,1712607786.3492706,20315790.43598849,1357.0,3.8396534553307855e-08,1368.0,BID
1239,1712607793.9525087,20319537.93598849,1357.0,1.3015541307884776e-07,1368.0,BID
1240,1712607793.9560874,20320165.38568017,1357.0,2.1792121095855555e-08,1368.0,BID
1241,1712607797.898657,20321254.24991193,1357.0,-3.781763145342392e-08,1368.0,ASK
1242,1712607800.3692582,20321300.41279003,1358.0,1.6032951215454923e-09,1368.0,BID
1243,1712607800.37228,20321860.74144359,1358.0,1.9460922578758577e-08,1368.0,BID
1244,1712607802.8385916,20321865.16296164,1357.0,-1.5356491214164e-10,1368.0,ASK
1245,1712607810.657075,20321865.16296164,1357.0,-0.0,1368.0,ASK
1246,1712607818.3770297,20322976.0814569,1357.0,-3.8569882567216734e-08,1368.0,ASK
1247,1712607821.3037126,20323036.78159988,1357.0,-2.1074429821145147e-09,1368.0,ASK
1248,1712607822.8085327,20323041.19986203,1358.0,1.5339725912305938e-10,1368.0,BID
1249,1712607840.9726844,20323041.19986203,1358.0,0.0,1368.0,BID
1250,1712607865.918493,20327608.34927701,1358.0,1.585576778395076e-07,1368.0,BID
1251,1712607866.6585755,20327612.76753916,1357.0,-1.5338876024387787e-10,1368.0,ASK
1252,1712607870.9682496,20327612.76753916,1357.0,-0.0,1368.0,ASK
1253,1712607886.7187266,20327617.18580131,1358.0,1.5335570756872907e-10,1368.0,BID
1254,1712607888.352926,20327920.28005756,1358.0,1.0520252657731637e-08,1368.0,BID
1255,1712607896.6382415,20328071.75133885,1358.0,5.2574937224694785e-09,1368.0,BID
1256,1712607897.498653,20328088.80198904,1358.0,5.918196873851151e-10,1368.0,BID
1257,1712607897.5021024,20328145.38904135,1358.0,1.9641087719644e-09,1368.0,BID
1258,1712607900.6634786,20328145.38904135,1358.0,0.0,1368.0,BID
1259,1712607921.9682524,20328204.29920335,1358.0,2.0446914348123e-09,1368.0,BID
1260,1712607925.8384466,20330465.53521218,1358.0,7.848442004283659e-08,1368.0,BID
1261,1712607926.4183109,20331268.8728713,1358.0,2.7882755284339928e-08,1368.0,BID
1262,1712607926.4220583,20333300.65965989,1358.0,7.052055032313343e-08,1368.0,BID
1263,1712607929.5681822,20333305.07792204,1357.0,-1.5335185761092254e-10,1368.0,ASK
1264,1712607930.680446,20333305.07792204,1357.0,-0.0,1368.0,ASK
1265,1712607947.8580189,20333955.76730488,1358.0,2.257905047093828e-08,1368.0,BID
1266,1712607950.6877944,20333960.18556703,1358.0,1.5331457176450412e-10,1368.0,BID
1267,1712607960.968267,20333960.18556703,1358.0,0.0,1368.0,BID
1268,1712607964.2477949,20334019.4679331,1357.0,-2.0570463429587687e-09,1368.0,ASK
1269,1712607970.5679672,20334084.57941797,1357.0,-2.259311675868652e-09,1368.0,ASK
1270,1712607977.4384391,20334482.93416576,1357.0,-1.3822561943014337e-08,1368.0,ASK
1271,1712607990.987696,20334482.93416576,1357.0,-0.0,1368.0,ASK
1272,1712607992.2678232,20334487.35242791,1357.0,-1.533060654508349e-10,1368.0,ASK
1273,1712607996.7979596,20336746.32824191,1358.0,7.838255907518682e-08,1368.0,BID
1274,1712608005.1678514,20336750.74650406,1358.0,1.533060654508349e-10,1368.0,BID
1275,1712608020.6341498,20336750.74650406,1358.0,0.0,1368.0,BID
1276,1712608027.887743,20336755.16035015,1358.0,1.5313647168277735e-10,1368.0,BID
1277,1712608031.7374492,20336962.26431535,1357.0,-7.185382057393419e-09,1368.0,ASK
1278,1712608031.739511,20337054.869566,1357.0,-3.2128989215185643e-09,1368.0,ASK
1279,1712608043.777593,20337071.43804906,1358.0,5.7483631841884e-10,1368.0,BID
1280,1712608047.5978465,20337078.83279841,1357.0,-2.565576146890935e-10,1368.0,ASK
1281,1712608047.6018026,20337112.91672941,1357.0,-1.1825271718427223e-09,1368.0,ASK
1282,1712608047.6056676,20337575.25239817,1357.0,-1.6040535079057726e-08,1368.0,ASK
1283,1712608050.651723,20337575.25239817,1357.0,-0.0,1368.0,ASK
1284,1712608060.8974483,20337579.67066032,1357.0,-1.5328373464903702e-10,1368.0,ASK
1285,1712608072.4573388,20337587.03985707,1358.0,2.5566115383225657e-10,1368.0,BID
1286,1712608080.314433,20337601.77825058,1358.0,5.113223079229978e-10,1368.0,BID
1287,1712608080.9994092,20337601.77825058,1358.0,0.0,1368.0,BID
1288,1712608105.417083,20337606.19651273,1358.0,1.5328354311058606e-10,1368.0,BID
1289,1712608111.0081143,20337606.19651273,1358.0,0.0,1368.0,BID
1290,1712608132.4870515,20339506.43343403,1358.0,6.592523881943884e-08,1368.0,BID
1291,1712608140.683889,20339506.43343403,1358.0,0.0,1368.0,BID
1292,1712608147.7968712,20340099.52290339,1358.0,2.0574310675648383e-08,1368.0,BID
1293,1712608147.8066754,20340534.6873483,1358.0,1.5095881729571024e-08,1368.0,BID
1294,1712608158.6768827,20340539.10561045,1357.0,-1.5326978949936258e-10,1368.0,ASK
1295,1712608170.6426716,20340539.10561045,1357.0,-0.0,1368.0,ASK
1296,1712608171.2765634,20340543.5238726,1358.0,1.5326233357674656e-10,1368.0,BID
1297,1712608193.0973444,20340583.71833389,1357.0,-1.394280539451614e-09,1368.0,ASK
1298,1712608193.1007965,20340861.8830726,1357.0,-9.649082721873272e-09,1368.0,ASK
1299,1712608196.547233,20342496.98173682,1357.0,-5.671891535426003e-08,1368.0,ASK
1300,1712608196.5511756,20343232.21543065,1356.0,-2.5504061961829097e-08,1368.0,ASK
1301,1712608201.066815,20343232.21543065,1356.0,-0.0,1368.0,ASK
1302,1712608201.473765,20343440.59245068,1357.0,7.230753670916531e-09,1368.0,BID
1303,1712608210.1970713,20357631.99013658,1356.0,-4.924463402885001e-07,1368.0,ASK
1304,1712608210.199254,20358259.87077976,1356.0,-2.178767248415e-08,1368.0,ASK
1305,1712608222.2368443,20358264.28904191,1355.0,-1.5331520364852118e-10,1368.0,ASK
1306,1712608231.0062454,20358264.28904191,1355.0,-0.0,1368.0,ASK
1307,1712608237.4071832,20358429.80205028,1355.0,-5.739298318466136e-09,1368.0,ASK
1308,1712608237.411455,20358800.48323108,1355.0,-1.2853671735997802e-08,1368.0,ASK
1309,1712608237.4155414,20359371.32185907,1355.0,-1.9794294176545042e-08,1368.0,ASK
1310,1712608242.9665024,20359375.74663783,1356.0,1.534328059395949e-10,1368.0,BID
1311,1712608257.2568262,20360246.96258546,1355.0,-3.02101222887324e-08,1368.0,ASK
1312,1712608257.26104,20360683.66096184,1355.0,-1.51428717410305e-08,1368.0,ASK
1313,1712608257.2652187,20361723.48864947,1355.0,-3.605687164917109e-08,1368.0,ASK
1314,1712608257.3964195,20365042.06868531,1355.0,1.150744645805522e-07,1368.0,BID
1315,1712608260.6692162,20365042.06868531,1355.0,0.0,1368.0,BID
1316,1712608269.7963526,20365064.20890672,1355.0,-7.67485790133366e-10,1368.0,ASK
1317,1712608280.4162369,20365285.07929748,1356.0,7.65642236509763e-09,1368.0,BID
1318,1712608283.0062375,20365472.74407737,1356.0,6.505357340850018e-09,1368.0,BID
1319,1712608288.2673466,20365477.16885613,1356.0,-1.5338395942722538e-10,1368.0,ASK
1320,1712608290.6781857,20365477.16885613,1356.0,-0.0,1368.0,ASK
1321,1712608307.7859545,20365481.59037418,1357.0,1.5326779314552955e-10,1368.0,BID
1322,1712608320.9861426,20365481.59037418,1357.0,0.0,1368.0,BID
1323,1712608332.2161431,20366147.105811,1357.0,2.306946617301656e-08,1368.0,BID
1324,1712608335.2092202,20370896.59037418,1357.0,1.6463641173067354e-07,1368.0,BID
1325,1712608335.2112317,20375095.13342345,1357.0,1.4553854274793448e-07,1368.0,BID
1326,1712608346.146387,20392211.77723357,1357.0,-5.933323459174958e-07,1368.0,ASK
1327,1712608351.0059507,20392211.77723357,1357.0,-0.0,1368.0,ASK
1328,1712608352.6058598,20392216.19875162,1356.0,-1.5307528980663204e-10,1368.0,ASK
1329,1712608374.3357556,20392220.62026967,1357.0,1.5307528980663204e-10,1368.0,BID
1330,1712608375.0859876,20392281.87050918,1356.0,-2.120515636806681e-09,1368.0,ASK
1331,1712608380.62791,20392281.87050918,1356.0,-0.0,1368.0,ASK
1332,1712608393.5864778,20395324.68765392,1356.0,-1.053435897433904e-07,1368.0,ASK
1333,1712608393.645645,20395968.07241091,1357.0,2.2274246746846496e-08,1368.0,BID
1334,1712608397.7259812,20395982.45939629,1356.0,-4.980833922787453e-10,1368.0,ASK
1335,1712608410.6478996,20395982.45939629,1356.0,-0.0,1368.0,ASK
1336,1712608411.2056074,20401356.01064572,1357.0,1.860022523095428e-07,1368.0,BID
1337,1712608415.2042778,20401365.59355477,1357.0,3.3170664683266536e-10,1368.0,BID
1338,1712608423.1256251,20401370.01507282,1356.0,-1.5304819434625414e-10,1368.0,ASK
1339,1712608440.669304,20401370.01507282,1356.0,-0.0,1368.0,ASK
1340,1712608441.696282,20401374.43659087,1357.0,1.5300947335340635e-10,1368.0,BID
1341,1712608470.6662383,20401374.43659087,1357.0,0.0,1368.0,BID
1342,1712608480.068499,20401974.43659087,1357.0,2.07633812435287e-08,1368.0,BID
1343,1712608490.335438,20401978.85810892,1356.0,-1.530094415834661e-10,1368.0,ASK
1344,1712608499.035439,20403026.85810892,1356.0,-3.6266705905363466e-08,1368.0,ASK
1345,1712608500.7084851,20403026.85810892,1356.0,-0.0,1368.0,ASK
1346,1712608507.3355925,20404137.62987029,1356.0,-3.8551305702052704e-08,1368.0,ASK
1347,1712608507.3450875,20405264.08632162,1356.0,-3.90956707086931e-08,1368.0,ASK
1348,1712608508.025947,20405930.75814794,1356.0,-2.3138029137245785e-08,1368.0,ASK
1349,1712608508.02969,20408085.24714092,1356.0,-7.47753649206015e-08,1368.0,ASK
1350,1712608508.03335,20408395.08632162,1356.0,-1.0753518759563149e-08,1368.0,ASK
1351,1712608508.0449574,20412082.08632162,1356.0,-1.279638797693364e-07,1368.0,ASK
1352,1712608508.165626,20412577.35543948,1356.0,-1.7189193884338622e-08,1368.0,ASK
1353,1712608508.1691823,20412743.88009146,1356.0,-5.7795336437115485e-09,1368.0,ASK
1354,1712608508.2056956,20414586.13278002,1357.0,6.393864972707074e-08,1368.0,BID
1355,1712608508.2086134,20423224.25039906,1357.0,2.998012054343353e-07,1368.0,BID
1356,1712608508.2115223,20433056.40698902,1357.0,3.412424474507129e-07,1368.0,BID
1357,1712608510.7354338,20433060.82850707,1357.0,1.534566325373803e-10,1368.0,BID
1358,1712608512.2758152,20437186.50263145,1356.0,-1.43188843943439e-07,1368.0,ASK
1359,1712608530.6652403,20437186.50263145,1356.0,-0.0,1368.0,ASK
1360,1712608534.6353035,20437349.65673573,1356.0,-5.653460119364825e-09,1368.0,ASK
1361,1712608542.255293,20437435.74045352,1356.0,-2.9828907313956427e-09,1368.0,ASK
1362,1712608543.2050085,20441120.33883229,1356.0,-1.2767518219675536e-07,1368.0,ASK
1363,1712608543.3250475,20444804.93721106,1356.0,-1.2767518219675536e-07,1368.0,ASK
1364,1712608554.0049484,20445694.29061836,1357.0,3.081702444660054e-08,1368.0,BID
1365,1712608557.7151926,20445698.71213641,1356.0,-1.5321021848399244e-10,1368.0,ASK
1366,1712608560.9887028,20445698.71213641,1356.0,-0.0,1368.0,ASK
1367,1712608570.0949948,20445703.13365446,1357.0,1.5314896005760683e-10,1368.0,BID
1368,1712608582.7351527,20446020.65318283,1357.0,1.0997984180212778e-08,1368.0,BID
1369,1712608588.7951362,20447266.81896951,1356.0,-4.316368091804902e-08,1368.0,ASK
1370,1712608590.976553,20447266.81896951,1356.0,-0.0,1368.0,ASK
1371,1712608620.6180377,20447266.81896951,1356.0,-0.0,1368.0,ASK
1372,1712608621.7950432,20452797.62958115,1357.0,1.915576265667046e-07,1368.0,BID
1373,1712608623.904806,20453572.04487902,1357.0,2.6821593949477452e-08,1368.0,BID
1374,1712608624.5849755,20453576.46639707,1356.0,-1.5313767962387858e-10,1368.0,ASK
1375,1712608632.5352955,20454631.99849426,1357.0,3.655797269161713e-08,1368.0,BID
1376,1712608632.5400147,20457987.99771672,1358.0,1.1623382013144621e-07,1368.0,BID
1377,1712608637.254942,20457992.41597887,1358.0,1.5302491270429243e-10,1368.0,BID
1378,1712608650.623195,20457992.41597887,1358.0,0.0,1368.0,BID
1379,1712608679.1354878,20459998.39980654,1358.0,6.944151170323127e-08,1368.0,BID
1380,1712608679.1402931,20460502.21415565,1358.0,1.7440634135475663e-08,1368.0,BID
1381,1712608681.015062,20460502.21415565,1358.0,0.0,1368.0,BID
1382,1712608687.1252806,20465865.75103446,1358.0,-1.8564864026846695e-07,1368.0,ASK
1383,1712608694.1952522,20465870.16929661,1356.0,-1.5292975121762483e-10,1368.0,ASK
1384,1712608703.1055107,20467417.08219936,1358.0,5.354345155039768e-08,1368.0,BID
1385,1712608706.3594396,20467421.49721039,1359.0,1.5281721985927328e-10,1368.0,BID
1386,1712608710.9968543,20467421.49721039,1359.0,0.0,1368.0,BID
1387,1712608712.9953396,20467652.723025,1359.0,8.000840150298502e-09,1368.0,BID
1388,1712608716.785913,20472912.55628951,1358.0,-1.8199994337740826e-07,1368.0,ASK
1389,1712608740.620613,20472912.55628951,1358.0,-0.0,1368.0,ASK
1390,1712608745.4909308,20473296.42578961,1356.0,-1.3279167117899912e-08,1368.0,ASK
1391,1712608745.4963784,20473989.74456868,1357.0,-2.3983921439017285e-08,1368.0,ASK
1392,1712608745.4984572,20474880.99845165,1356.0,-3.0831074761976715e-08,1368.0,ASK
1393,1712608745.50059,20474928.17309572,1357.0,-1.6319087142639587e-09,1368.0,ASK
1394,1712608745.5027173,20475007.6533463,1356.0,-2.749453993417438e-09,1368.0,ASK
1395,1712608745.5048711,20476558.47672042,1356.0,-5.364750976534846e-08,1368.0,ASK
1396,1712608761.205731,20476562.89173145,1357.0,-1.5272812576999526e-10,1368.0,ASK
1397,1712608765.4816802,20477522.46327035,1358.0,3.319438200568463e-08,1368.0,BID
1398,1712608770.6346142,20477522.46327035,1358.0,0.0,1368.0,BID
1399,1712608781.2767878,20477950.06005003,1357.0,-1.4788622149134209e-08,1368.0,ASK
1400,1712608781.2813134,20478437.97673545,1357.0,-1.687481254274844e-08,1368.0,ASK
1401,1712608781.2850833,20479364.76245974,1358.0,-3.20532907194785e-08,1368.0,ASK
1402,1712608795.3862338,20479444.12565546,1358.0,-2.744810929002609e-09,1368.0,ASK
1403,1712608795.8264098,20480028.77639305,1358.0,2.0220402159957213e-08,1368.0,BID
1404,1712608800.7437158,20480028.77639305,1358.0,0.0,1368.0,BID
1405,1712608804.616691,20480033.19140408,1359.0,1.527568645014707e-10,1368.0,BID
1406,1712608808.646095,20481275.81333633,1358.0,-4.299401040116329e-08,1368.0,ASK
1407,1712608810.6176062,20484221.32143648,1358.0,1.0191290094554497e-07,1368.0,BID
1408,1712608811.676309,20484848.2806841,1358.0,2.1692432519965897e-08,1368.0,BID
1409,1712608811.715983,20485454.31090217,1358.0,2.0968300029897533e-08,1368.0,BID
1410,1712608818.3863158,20485491.12975342,1358.0,1.2739112616662518e-09,1368.0,BID
1411,1712608822.936776,20485630.65572715,1358.0,4.827519143375807e-09,1368.0,BID
1412,1712608830.6351182,20485630.65572715,1358.0,0.0,1368.0,BID
1413,1712608835.296233,20486685.67172691,1358.0,-3.649334667530925e-08,1368.0,ASK
1414,1712608840.3566108,20486769.46208037,1358.0,2.8983355869902683e-09,1368.0,BID
1415,1712608854.6886337,20486773.8770914,1357.0,-1.5271666791684434e-10,1368.0,ASK
1416,1712608858.4170165,20488637.80998979,1358.0,6.447404537578695e-08,1368.0,BID
1417,1712608860.9853058,20488637.80998979,1358.0,0.0,1368.0,BID
1418,1712608869.5368338,20488642.22825194,1358.0,1.5280754011228342e-10,1368.0,BID
1419,1712608881.4975443,20490851.35932706,1358.0,7.640377005781668e-08,1368.0,BID
1420,1712608881.502202,20492881.91970406,1358.0,7.022782390795336e-08,1368.0,BID
1421,1712608890.9696853,20492881.91970406,1358.0,0.0,1368.0,BID
1422,1712608897.1969917,20502281.59760406,1358.0,3.250272064905709e-07,1368.0,BID
1423,1712608902.4296384,20502833.05268506,1358.0,1.9068515579965373e-08,1368.0,BID
1424,1712608903.30792,20504216.78495828,1358.0,4.78474518042778e-08,1368.0,BID
1425,1712608913.9969575,20509631.78495828,1358.0,-1.872428334110125e-07,1368.0,ASK
1426,1712608920.659211,20509631.78495828,1358.0,-0.0,1368.0,ASK
1427,1712608923.8670936,20509636.20322043,1357.0,-1.526570165389781e-10,1368.0,ASK
1428,1712608938.5373006,20509640.62148258,1358.0,1.526570165389781e-10,1368.0,BID
1429,1712608945.324427,20510376.26249859,1358.0,2.5417405969063133e-08,1368.0,BID
1430,1712608947.1469586,20510646.91719859,1358.0,9.351491063727697e-09,1368.0,BID
1431,1712608947.6155684,20511445.82270683,1358.0,2.7603280937159492e-08,1368.0,BID
1432,1712608947.7069511,20511978.42637897,1358.0,1.8402187290753183e-08,1368.0,BID
1433,1712608950.5865035,20511990.76577514,1358.0,4.2634306009654576e-10,1368.0,BID
1434,1712608950.6494417,20511990.76577514,1358.0,0.0,1368.0,BID
1435,1712608950.8573024,20512384.04883118,1358.0,1.3586965065147129e-08,1368.0,BID
1436,1712608951.2973635,20512679.01112321,1358.0,1.019022379889252e-08,1368.0,BID
1437,1712608960.077046,20515009.61716595,1357.0,-8.051672299898485e-08,1368.0,ASK
1438,1712608960.087108,20515249.7868831,1357.0,-8.29727471482886e-09,1368.0,ASK
1439,1712608960.08918,20525920.7868831,1357.0,-3.6865687952667225e-07,1368.0,ASK
1440,1712608960.0955863,20530550.34770828,1357.0,-1.599399725789412e-07,1368.0,ASK
1441,1712608960.197867,20531124.53160828,1357.0,1.9836645567234807e-08,1368.0,BID
1442,1712608960.1999998,20531395.60393872,1357.0,9.364884215773796e-09,1368.0,BID
1443,1712608960.209527,20535082.91957293,1357.0,1.2738771207362446e-07,1368.0,BID
1444,1712608960.2177894,20538182.45794521,1357.0,1.0708144918913573e-07,1368.0,BID
1445,1712608961.73776,20538225.79898309,1358.0,1.497326565506522e-09,1368.0,BID
1446,1712608961.7424617,20538917.74894521,1358.0,2.3905174193978427e-08,1368.0,BID
1447,1712608980.6314096,20538991.38664771,1358.0,2.544002025924635e-09,1368.0,BID
1448,1712608980.9985218,20538991.38664771,1358.0,0.0,1368.0,BID
1449,1712608982.997407,20539054.38664771,1358.0,2.173743819746462e-09,1368.0,BID
1450,1712608986.1073134,20539227.08824771,1358.0,5.958873581918981e-09,1368.0,BID
1451,1712608990.0872605,20539231.50650986,1357.0,-1.5244714353783388e-10,1368.0,ASK
1452,1712609003.7275443,20539235.92477201,1358.0,1.5244714353783388e-10,1368.0,BID
1453,1712609007.727343,20540708.67882208,1358.0,5.0815714513511055e-08,1368.0,BID
1454,1712609011.0026612,20540708.67882208,1358.0,0.0,1368.0,BID
1455,1712609012.477355,20541393.67882208,1358.0,2.3633249389338943e-08,1368.0,BID
1456,1712609032.0475724,20541460.67882208,1357.0,-2.3115732979353422e-09,1368.0,ASK
1457,1712609038.5076945,20541467.55640117,1357.0,-2.3728400264415434e-10,1368.0,ASK
1458,1712609038.5880268,20541645.03064099,1357.0,-6.123055430394029e-09,1368.0,ASK
1459,1712609038.593517,20543295.18105047,1357.0,-5.6931994389970456e-08,1368.0,ASK
1460,1712609038.598993,20545150.86853465,1357.0,-6.402324832461028e-08,1368.0,ASK
1461,1712609040.6816266,20545150.86853465,1357.0,-0.0,1368.0,ASK
