,time,acc_trade_volume,trade_price,dev,high,ask_bid
0,1712601588.425308,8212268.96234227,2218.0,0.0,2228.0,ASK
1,1712601594.1595092,8212515.48520731,2221.0,1.2236934020448076e-08,2228.0,BID
2,1712601594.16072,8212548.10077851,2221.0,1.618975962929339e-09,2228.0,BID
3,1712601594.6765838,8214000.0917479,2221.0,7.20741164833069e-08,2228.0,BID
4,1712601600.5864108,8214000.0917479,2221.0,0.0,2228.0,BID
5,1712601606.6263688,8214002.79323371,2221.0,1.3408452005861029e-10,2228.0,BID
6,1712601630.5864694,8214002.79323371,2221.0,0.0,2228.0,BID
7,1712601633.2162385,8215308.49323371,2221.0,6.480659828123355e-08,2228.0,BID
8,1712601637.4065142,8215688.03311696,2221.0,1.8837932714656568e-08,2228.0,BID
9,1712601649.83722,8216588.12312596,2222.0,4.4674712131621385e-08,2228.0,BID
10,1712601652.3567724,8216590.82461177,2221.0,-1.3408448008179668e-10,2228.0,ASK
11,1712601660.916276,8216590.82461177,2221.0,-0.0,2228.0,ASK
12,1712601666.165861,8216593.52488179,2222.0,1.3398590459432915e-10,2228.0,BID
13,1712601671.8567088,8216628.02057294,2222.0,1.7116571114551021e-09,2228.0,BID
14,1712601671.8582995,8216766.60131496,2222.0,6.876299754701407e-09,2228.0,BID
15,1712601690.965407,8216766.60131496,2222.0,0.0,2228.0,BID
16,1712601713.9362192,8216783.03216845,2223.0,8.15274060301315e-10,2228.0,BID
17,1712601713.937831,8216790.62209768,2223.0,3.76600791006076e-10,2228.0,BID
18,1712601720.575934,8216790.62209768,2223.0,0.0,2228.0,BID
19,1712601721.2459407,8216793.3223677,2222.0,-1.3398295293769862e-10,2228.0,ASK
20,1712601736.3658342,8216796.02142303,2223.0,1.3392268204071212e-10,2228.0,BID
21,1712601750.5780833,8216796.02142303,2223.0,0.0,2228.0,BID
22,1712601755.6130245,8216799.51984859,2223.0,1.73586013509898e-10,2228.0,BID
23,1712601755.6147203,8216810.71072688,2223.0,5.552726266819435e-10,2228.0,BID
24,1712601755.6164165,8216909.76575901,2223.0,4.914944694505603e-09,2228.0,BID
25,1712601755.6180463,8216930.00564545,2224.0,1.0042692464774688e-09,2228.0,BID
26,1712601755.6193075,8216974.98990097,2223.0,2.232043372737572e-09,2228.0,BID
27,1712601755.6200354,8217268.99400407,2224.0,1.4587990893714533e-08,2228.0,BID
28,1712601755.6207669,8217272.48928497,2225.0,1.7342998074897488e-10,2228.0,BID
29,1712601755.621502,8217277.00599897,2226.0,2.2411177942372367e-10,2228.0,BID
30,1712601755.622245,8217325.9571652,2225.0,2.428874834311203e-09,2228.0,BID
31,1712601755.6230128,8217460.60707544,2228.0,6.6811028951719115e-09,2228.0,BID
32,1712601755.6237698,8217565.1095518,2227.0,5.185237748201143e-09,2228.0,BID
33,1712601755.6245472,8217649.19857618,2228.0,4.172356470472966e-09,2228.0,BID
34,1712601755.625307,8217694.12220601,2226.0,2.229035227596609e-09,2228.0,BID
35,1712601755.6260672,8217739.02566358,2227.0,2.2280343138721662e-09,2228.0,BID
36,1712601755.6268473,8217783.98969236,2224.0,2.231039755827835e-09,2228.0,BID
37,1712601755.6276248,8218097.88163139,2228.0,1.5574791983852384e-08,2228.0,BID
38,1712601755.6283922,8218129.57410295,2224.0,1.5725273274868978e-09,2228.0,BID
39,1712601755.629164,8218146.52206169,2229.0,8.409293106854042e-10,2229.0,BID
40,1712601755.6299386,8219747.9235349,2229.0,7.94588574174804e-08,2229.0,BID
41,1712601755.630745,8220695.16790177,2228.0,4.70006780596838e-08,2229.0,BID
42,1712601755.6315482,8220713.6622838,2225.0,9.17660242782581e-10,2229.0,BID
43,1712601755.632332,8220803.50954346,2226.0,4.458070455239428e-09,2229.0,BID
44,1712601755.633123,8220836.4113501,2225.0,1.6325325075287875e-09,2229.0,BID
45,1712601755.6339138,8220894.85544125,2229.0,2.899897860242081e-09,2229.0,BID
46,1712601755.6347122,8221841.2261193,2227.0,4.695732708460193e-08,2229.0,BID
47,1712601755.6355262,8222360.7068332,2229.0,2.5775762460181865e-08,2229.0,BID
48,1712601755.6363282,8223405.59013662,2228.0,5.184535846465234e-08,2229.0,BID
49,1712601755.6371348,8223450.45330396,2229.0,2.2260351801815987e-09,2229.0,BID
50,1712601755.637947,8223553.64170455,2228.0,5.120035510627645e-09,2229.0,BID
51,1712601755.6389344,8223825.68923818,2229.0,1.3498542712204273e-08,2229.0,BID
52,1712601756.005764,8223830.00741999,2223.0,-2.142609448543124e-10,2229.0,ASK
53,1712601761.956026,8223832.35293194,2224.0,1.1638037225127516e-10,2229.0,BID
54,1712601767.6176584,8223896.98593194,2225.0,-3.206981145832952e-09,2229.0,ASK
55,1712601771.3156462,8224058.39693194,2225.0,-8.008943321910111e-09,2229.0,ASK
56,1712601777.85612,8224058.41405553,2225.0,-8.49643850593086e-13,2229.0,ASK
57,1712601777.8579657,8224146.07473435,2225.0,-4.3495759782806605e-09,2229.0,ASK
58,1712601778.6757631,8224210.68573435,2225.0,-3.2058895427072182e-09,2229.0,ASK
59,1712601779.0982308,8224333.24446655,2225.0,-6.0811589036346765e-09,2229.0,ASK
60,1712601779.1059628,8224336.79876655,2225.0,-1.763584095808337e-10,2229.0,ASK
61,1712601779.1858082,8224623.34947028,2225.0,-1.4218165707661165e-08,2229.0,ASK
62,1712601779.2257612,8224801.27978302,2225.0,-8.828603936456245e-09,2229.0,ASK
63,1712601779.2860234,8225015.0662773,2225.0,-1.060772757548516e-08,2229.0,ASK
64,1712601779.327714,8225227.78543171,2225.0,-1.0554767959813005e-08,2229.0,ASK
65,1712601779.425743,8225342.45472334,2225.0,-5.689698083989765e-09,2229.0,ASK
66,1712601779.4276583,8225476.55318015,2225.0,-6.653740700109578e-09,2229.0,ASK
67,1712601780.9159582,8225476.55318015,2225.0,-0.0,2229.0,ASK
68,1712601780.9678583,8225582.15918015,2225.0,-5.234970795962922e-09,2229.0,ASK
69,1712601781.8158157,8225856.16686451,2225.0,-1.3582772053502686e-08,2229.0,ASK
70,1712601781.817794,8225858.50394316,2225.0,-1.1585078956755223e-10,2229.0,ASK
71,1712601787.6157684,8225861.20299849,2224.0,-1.3379425249147356e-10,2229.0,ASK
72,1712601810.935688,8225861.20299849,2224.0,-0.0,2229.0,ASK
73,1712601824.1158109,8225915.06296258,2228.0,2.669766658009338e-09,2229.0,BID
74,1712601831.8260808,8226217.55586202,2224.0,-1.4994169989950142e-08,2229.0,ASK
75,1712601831.8853226,8226448.56324231,2224.0,-1.1450728051502886e-08,2229.0,ASK
76,1712601839.015489,8226451.25624051,2228.0,1.3348833271119282e-10,2229.0,BID
77,1712601840.5662446,8226451.25624051,2228.0,0.0,2229.0,BID
78,1712601855.6154969,8227172.64879681,2228.0,3.5756141584613896e-08,2229.0,BID
79,1712601870.5952091,8227172.64879681,2228.0,0.0,2229.0,BID
80,1712601885.075367,8227175.34179501,2224.0,-1.3346901583160966e-10,2229.0,ASK
81,1712601900.6253724,8227175.34179501,2224.0,-0.0,2229.0,ASK
82,1712601906.965042,8227275.34179501,2228.0,4.956440652252023e-09,2229.0,BID
83,1712601910.0558631,8227296.17831782,2228.0,1.0327498870785911e-09,2229.0,BID
84,1712601910.0579486,8227578.41968688,2228.0,1.3989125953574433e-08,2229.0,BID
85,1712601910.156067,8227766.19049034,2228.0,-9.306748435747725e-09,2229.0,ASK
86,1712601910.2554302,8227990.30707534,2229.0,1.1108205527399685e-08,2229.0,BID
87,1712601910.485276,8228214.42590134,2229.0,1.1108316601214964e-08,2229.0,BID
88,1712601910.6060612,8228242.35490134,2228.0,-1.3842843097445719e-09,2229.0,ASK
89,1712601922.045197,8228242.35507021,2228.0,-8.369951400796823e-15,2229.0,ASK
90,1712601930.6058004,8228242.35507021,2228.0,-0.0,2229.0,ASK
91,1712601937.4158728,8228244.73825021,2227.0,1.1810698319173128e-10,2229.0,BID
92,1712601937.4178095,8228386.7895512,2228.0,7.039858768210978e-09,2229.0,BID
93,1712601937.4194088,8228700.67797339,2227.0,1.5555860071556297e-08,2229.0,BID
94,1712601960.9097614,8228700.67797339,2227.0,0.0,2229.0,BID
95,1712601966.1956117,8228938.56797339,2227.0,1.1788890844938682e-08,2229.0,BID
96,1712601966.198126,8229489.92562963,2227.0,2.7323112471784363e-08,2229.0,BID
97,1712601975.5685005,8229492.61983708,2227.0,1.3351430302245314e-10,2229.0,BID
98,1712601990.5148587,8229542.39083708,2224.0,-2.4664546060727027e-09,2229.0,ASK
99,1712601990.9246404,8229542.39083708,2224.0,-0.0,2229.0,ASK
100,1712602013.3850722,8229742.20083708,2225.0,9.90087647858998e-09,2229.0,BID
101,1712602013.3869965,8229766.50518108,2226.0,1.2043156390082043e-09,2229.0,BID
102,1712602020.6387696,8229766.50518108,2226.0,0.0,2229.0,BID
103,1712602021.7551432,8229767.34973597,2224.0,-4.184789063001557e-11,2229.0,ASK
104,1712602021.7572672,8229769.19938853,2223.0,-9.165071326169404e-11,2229.0,ASK
105,1712602025.1054342,8230217.22756764,2223.0,-2.2199900162479857e-08,2229.0,ASK
106,1712602025.1074572,8230260.36217059,2223.0,-2.1373295781068155e-09,2229.0,ASK
107,1712602025.109787,8230295.31088853,2223.0,-1.731717077725926e-09,2229.0,ASK
108,1712602026.8448863,8230308.35495327,2224.0,6.4633643252213e-10,2229.0,BID
109,1712602027.3549757,8230373.00695327,2223.0,-3.2035215913217006e-09,2229.0,ASK
110,1712602031.0852923,8230508.01555327,2223.0,-6.6897074354020324e-09,2229.0,ASK
111,1712602033.5151596,8230722.85655327,2223.0,-1.0645421366758213e-08,2229.0,ASK
112,1712602038.1644528,8230817.47217726,2223.0,-4.688226107926432e-09,2229.0,ASK
113,1712602039.0747974,8230944.87607726,2223.0,-6.312892787089392e-09,2229.0,ASK
114,1712602039.89469,8230947.57391898,2224.0,1.3367868278067096e-10,2229.0,BID
115,1712602040.5150204,8231095.70311898,2223.0,-7.339836207819057e-09,2229.0,ASK
116,1712602040.694765,8231179.50939559,2223.0,-4.1526204388071675e-09,2229.0,ASK
117,1712602040.6966982,8234445.25644354,2223.0,-1.6181852347860804e-07,2229.0,ASK
118,1712602042.0045905,8234593.38564354,2223.0,-7.339836207819057e-09,2229.0,ASK
119,1712602043.4650383,8234612.05505833,2221.0,-9.250738318757608e-10,2229.0,ASK
120,1712602050.5464933,8234612.05505833,2221.0,-0.0,2229.0,ASK
121,1712602080.9146574,8234612.05505833,2221.0,-0.0,2229.0,ASK
122,1712602090.6047735,8234614.75290005,2221.0,-1.3360737157063828e-10,2229.0,ASK
123,1712602091.3045616,8234810.22457271,2224.0,9.680499863888812e-09,2229.0,BID
124,1712602109.7544787,8234812.92241443,2224.0,1.3360737161676094e-10,2229.0,BID
125,1712602110.9246523,8234812.92241443,2224.0,0.0,2229.0,BID
126,1712602140.5744588,8234812.92241443,2224.0,0.0,2229.0,BID
127,1712602158.0644577,8234815.62025615,2221.0,-1.3360441579786663e-10,2229.0,ASK
128,1712602170.5856187,8234815.62025615,2221.0,-0.0,2229.0,ASK
129,1712602176.9942646,8234851.20988545,2223.0,1.762494139430395e-09,2229.0,BID
130,1712602177.5944672,8234853.90530323,2226.0,1.3348433611500275e-10,2229.0,BID
131,1712602200.6542304,8234853.90530323,2226.0,0.0,2229.0,BID
132,1712602204.8045502,8234858.40350417,2222.0,-2.229653188142345e-10,2229.0,ASK
133,1712602204.8142822,8235273.07939101,2222.0,-2.0554515582541727e-08,2229.0,ASK
134,1712602209.584437,8235318.10415462,2221.0,-2.2317724145417603e-09,2229.0,ASK
135,1712602209.5866437,8235534.99538236,2221.0,-1.075079179130021e-08,2229.0,ASK
136,1712602225.3242946,8235537.69080014,2220.0,-1.3360556643953046e-10,2229.0,ASK
137,1712602225.6045525,8235552.86120892,2220.0,-7.51961745477722e-10,2229.0,ASK
138,1712602225.6075506,8235559.17480014,2220.0,-3.129499766466912e-10,2229.0,ASK
139,1712602230.5939648,8235559.17480014,2220.0,-0.0,2229.0,ASK
140,1712602231.185074,8235711.95229485,2219.0,-7.572235649820157e-09,2229.0,ASK
141,1712602231.1877365,8236481.82735113,2219.0,-3.815794569833417e-08,2229.0,ASK
142,1712602231.190374,8236522.21004961,2220.0,-2.0015206405044113e-09,2229.0,ASK
143,1712602231.209722,8236582.21475121,2219.0,-2.974061994393256e-09,2229.0,ASK
144,1712602231.2109222,8236758.12343588,2219.0,-8.718705694841105e-09,2229.0,ASK
145,1712602231.2247782,8236935.48974475,2219.0,-8.790951112601903e-09,2229.0,ASK
146,1712602231.2274642,8236996.58235202,2219.0,-3.027982750919028e-09,2229.0,ASK
147,1712602231.2302036,8237068.5719621,2219.0,-3.5680797941083423e-09,2229.0,ASK
148,1712602231.2439847,8237129.12902304,2219.0,-3.0014390310771632e-09,2229.0,ASK
149,1712602231.2841642,8237323.22958176,2219.0,-9.620364394534e-09,2229.0,ASK
150,1712602234.6546414,8237411.45088965,2218.0,-4.372584679068024e-09,2229.0,ASK
151,1712602238.6939974,8237414.15115967,2222.0,1.3383568667267716e-10,2229.0,BID
152,1712602260.6350336,8237414.15115967,2222.0,0.0,2229.0,BID
153,1712602274.79429,8237689.42115967,2220.0,1.3640647753748308e-08,2229.0,BID
154,1712602274.804327,8237953.1795125,2220.0,1.3070203011842028e-08,2229.0,BID
155,1712602279.9035728,8237963.1795125,2218.0,-4.955370274192778e-10,2229.0,ASK
156,1712602279.9060566,8238221.95338017,2218.0,-1.2823203315920268e-08,2229.0,ASK
157,1712602289.6342502,8238224.65365019,2218.0,-1.3380837786783743e-10,2229.0,ASK
158,1712602290.6039698,8238224.65365019,2218.0,-0.0,2229.0,ASK
159,1712602299.863994,8238573.71211018,2218.0,-1.7295597508289452e-08,2229.0,ASK
160,1712602299.8659172,8238616.0568852,2218.0,-2.0981533733088397e-09,2229.0,ASK
161,1712602305.104098,8238806.9453138,2218.0,-9.458385366601755e-09,2229.0,ASK
162,1712602309.436895,8238842.72925457,2217.0,-1.7730687198652e-09,2229.0,ASK
163,1712602309.444842,8238887.85560836,2216.0,-2.2359786157032393e-09,2229.0,ASK
164,1712602309.4472418,8239137.27983625,2217.0,-1.2358792434110649e-08,2229.0,ASK
165,1712602309.4494717,8239250.29215574,2216.0,-5.599679754030288e-09,2229.0,ASK
166,1712602309.4516883,8239446.3649138,2216.0,-9.715265190351926e-09,2229.0,ASK
167,1712602311.2039895,8239449.07005356,2218.0,1.3403774397170443e-10,2229.0,BID
168,1712602316.004419,8240312.78705485,2218.0,4.279656082760297e-08,2229.0,BID
169,1712602316.007494,8240315.49219461,2218.0,1.3403774397170443e-10,2229.0,BID
170,1712602320.8945224,8240315.49219461,2218.0,0.0,2229.0,BID
171,1712602350.9537137,8240315.49219461,2218.0,0.0,2229.0,BID
172,1712602355.9437287,8240318.19733437,2216.0,-1.3400695793892447e-10,2229.0,ASK
173,1712602373.5140066,8240320.89882018,2221.0,1.338259489521901e-10,2229.0,BID
174,1712602380.5638714,8240320.89882018,2221.0,0.0,2229.0,BID
175,1712602388.7840445,8240937.73882018,2221.0,3.0556943505671045e-08,2229.0,BID
176,1712602388.787106,8243303.73882018,2221.0,1.1720661489922045e-07,2229.0,BID
177,1712602388.7899358,8244364.14312261,2222.0,5.253017697054949e-08,2229.0,BID
178,1712602410.5636296,8244364.14312261,2222.0,0.0,2229.0,BID
179,1712602428.5535583,8244366.84460842,2216.0,-1.3376635607900778e-10,2229.0,ASK
180,1712602440.8935635,8244366.84460842,2216.0,-0.0,2229.0,ASK
181,1712602449.1635947,8244369.54609423,2221.0,1.3376631647327608e-10,2229.0,BID
182,1712602461.1835146,8244443.28314961,2221.0,3.651151616757465e-09,2229.0,BID
183,1712602470.9233918,8244443.28314961,2221.0,0.0,2229.0,BID
184,1712602497.4137032,8244857.77994622,2216.0,-2.0523981048236584e-08,2229.0,ASK
185,1712602497.4158523,8244901.60605279,2216.0,-2.1700678702755264e-09,2229.0,ASK
186,1712602500.6138363,8244901.60605279,2216.0,-0.0,2229.0,ASK
187,1712602501.613983,8244904.3075386,2216.0,-1.3375912752215606e-10,2229.0,ASK
188,1712602511.0335848,8252562.01782912,2217.0,-3.7915751529589497e-07,2229.0,ASK
189,1712602522.023774,8252564.7217498,2219.0,1.3387968566692218e-10,2229.0,BID
190,1712602530.5788898,8252564.7217498,2219.0,0.0,2229.0,BID
191,1712602535.793758,8252683.93445822,2219.0,5.897638149543104e-09,2229.0,BID
192,1712602544.68023,8252953.79345822,2217.0,-1.335034456045006e-08,2229.0,ASK
193,1712602547.0621562,8253404.58145822,2217.0,-2.2301183669033325e-08,2229.0,ASK
194,1712602548.4043138,8254764.74333774,2217.0,-6.728932423833036e-08,2229.0,ASK
195,1712602548.647456,8255209.51117602,2216.0,-2.2003356902891765e-08,2229.0,ASK
196,1712602548.804546,8255358.72395836,2216.0,-7.38178847868593e-09,2229.0,ASK
197,1712602560.9152057,8255358.72395836,2216.0,-0.0,2229.0,ASK
198,1712602567.355142,8255361.42787904,2216.0,-1.3372618570152702e-10,2229.0,ASK
199,1712602585.7954278,8255364.13179972,2219.0,1.3372618570152702e-10,2229.0,BID
200,1712602590.917414,8255364.13179972,2219.0,0.0,2229.0,BID
201,1712602594.2058668,8255454.38450731,2216.0,-4.463571459801429e-09,2229.0,ASK
202,1712602620.6272273,8255454.38450731,2216.0,-0.0,2229.0,ASK
203,1712602636.2568452,8255548.09776499,2219.0,4.634671868831363e-09,2229.0,BID
204,1712602636.2601824,8255732.83260845,2219.0,9.136224728141434e-09,2229.0,BID
205,1712602637.1369524,8255735.53652913,2217.0,-1.337247836833083e-10,2229.0,ASK
206,1712602650.5873644,8255735.53652913,2217.0,-0.0,2229.0,ASK
207,1712602656.9071846,8255738.23679915,2222.0,1.3354011678155568e-10,2229.0,BID
208,1712602677.2679074,8256013.94584505,2222.0,1.3635013506695784e-08,2229.0,BID
209,1712602680.9078612,8256013.94584505,2222.0,0.0,2229.0,BID
210,1712602690.1478806,8256151.7313986,2222.0,6.8138874538471884e-09,2229.0,BID
211,1712602705.0087335,8256154.43166862,2218.0,-1.3353603141677922e-10,2229.0,ASK
212,1712602708.058777,8256158.14022133,2222.0,1.833984778253076e-10,2229.0,BID
213,1712602708.0622418,8256199.43616907,2222.0,2.0422020520206662e-09,2229.0,BID
214,1712602710.9038055,8256199.43616907,2222.0,0.0,2229.0,BID
215,1712602724.5522668,8256202.13643909,2222.0,1.3353330975084585e-10,2229.0,BID
216,1712602732.5387824,8256220.13823927,2222.0,8.902220675079935e-10,2229.0,BID
217,1712602740.5791025,8256220.13823927,2222.0,0.0,2229.0,BID
218,1712602748.179186,8256269.02963515,2222.0,2.4177637835895395e-09,2229.0,BID
219,1712602767.269412,8256271.72990517,2218.0,-1.3353300603809598e-10,2229.0,ASK
220,1712602770.5994573,8256271.72990517,2218.0,-0.0,2229.0,ASK
221,1712602781.495556,8256274.43017519,2222.0,1.3353224907151915e-10,2229.0,BID
222,1712602800.7005992,8256274.43017519,2222.0,0.0,2229.0,BID
223,1712602801.4700933,8256278.93062523,2222.0,2.2255980649667006e-10,2229.0,BID
224,1712602806.9504604,8257118.56091799,2218.0,-4.152205975306828e-08,2229.0,ASK
225,1712602830.6104882,8257118.56091799,2218.0,-0.0,2229.0,ASK
226,1712602837.560856,8257121.26118801,2218.0,-1.3352352066399818e-10,2229.0,ASK
227,1712602838.8307805,8257276.37358801,2220.0,-7.670030625564131e-09,2229.0,ASK
228,1712602840.5106652,8257321.32363301,2222.0,2.2226992927014314e-09,2229.0,BID
229,1712602848.1210442,8257366.32813346,2222.0,2.2253920172990392e-09,2229.0,BID
230,1712602860.910996,8257366.32813346,2222.0,0.0,2229.0,BID
231,1712602863.451108,8257366.32826728,2220.0,-6.616973488144315e-15,2229.0,ASK
232,1712602863.454139,8257819.56593346,2219.0,-2.2411181832586035e-08,2229.0,ASK
233,1712602871.3817463,8257975.9210082,2218.0,-7.731268321048287e-09,2229.0,ASK
234,1712602871.5191722,8258142.09645568,2218.0,-8.216854969197697e-09,2229.0,ASK
235,1712602881.3802676,8260069.01546611,2218.0,-9.528010477006785e-08,2229.0,ASK
236,1712602881.383742,8260658.15191632,2218.0,-2.9130950702185762e-08,2229.0,ASK
237,1712602883.1046033,8260718.51241632,2218.0,-2.984637513458528e-09,2229.0,ASK
238,1712602883.902099,8260783.35381632,2218.0,-3.2062039722602392e-09,2229.0,ASK
239,1712602887.8614163,8260786.05651902,2220.0,1.3364017638510649e-10,2229.0,BID
240,1712602890.9115548,8260786.05651902,2220.0,0.0,2229.0,BID
241,1712602907.0115254,8260948.84561902,2220.0,-8.046392700288055e-09,2229.0,ASK
242,1712602907.091669,8261035.8549317,2220.0,-4.300724670181461e-09,2229.0,ASK
243,1712602907.16091,8261092.54941031,2220.0,-2.802313169811413e-09,2229.0,ASK
244,1712602907.171541,8261152.74347042,2220.0,-2.975291625020383e-09,2229.0,ASK
245,1712602907.3618982,8261213.4780658,2220.0,-3.002009378513662e-09,2229.0,ASK
246,1712602907.4616942,8261790.1671658,2220.0,-2.8504776822187444e-08,2229.0,ASK
247,1712602907.4839797,8262111.3021658,2220.0,-1.5873165462613363e-08,2229.0,ASK
248,1712602907.5053089,8262278.35837715,2220.0,-8.257308871114683e-09,2229.0,ASK
249,1712602907.561443,8262390.716689,2220.0,-5.5536832643299185e-09,2229.0,ASK
250,1712602907.58561,8262558.58618336,2220.0,-8.297508088817562e-09,2229.0,ASK
251,1712602908.229508,8269658.95745301,2220.0,-3.509594656739884e-07,2229.0,ASK
252,1712602908.4816537,8269755.88005301,2220.0,-4.7907218673467115e-09,2229.0,ASK
253,1712602908.604914,8269795.06552801,2220.0,-1.936872431872559e-09,2229.0,ASK
254,1712602920.58207,8269795.06552801,2220.0,-0.0,2229.0,ASK
255,1712602931.3920996,8269795.06552802,2220.0,-5.058707869629731e-19,2229.0,ASK
256,1712602931.394933,8271139.27878889,2220.0,-6.637659356278857e-08,2229.0,ASK
257,1712602931.4123156,8271714.11491313,2220.0,-2.8385126746357423e-08,2229.0,ASK
258,1712602931.472065,8272271.25541996,2220.0,-2.7511325810983577e-08,2229.0,ASK
259,1712602931.5012867,8274115.51557302,2220.0,-9.10686645990354e-08,2229.0,ASK
260,1712602931.502886,8274295.51557302,2220.0,-8.888311988213533e-09,2229.0,ASK
261,1712602931.6015067,8274486.61271386,2218.0,-9.436283376909813e-09,2229.0,ASK
262,1712602935.623093,8274554.51674282,2218.0,-3.353067748052031e-09,2229.0,ASK
263,1712602945.1622715,8274557.21944552,2218.0,-1.3345813783562866e-10,2229.0,ASK
264,1712602950.6227543,8274557.21944552,2218.0,-0.0,2229.0,ASK
265,1712602965.9424555,8274559.91971554,2222.0,1.3326844533291318e-10,2229.0,BID
266,1712602980.913255,8274559.91971554,2222.0,0.0,2229.0,BID
267,1712602985.3137534,8274650.00971554,2220.0,-4.44627781602539e-09,2229.0,ASK
268,1712603002.1031828,8274650.00980563,2220.0,-4.446259387810147e-15,2229.0,ASK
269,1712603002.106892,8274714.70421554,2219.0,-3.192910640466958e-09,2229.0,ASK
270,1712603010.9231849,8274714.70421554,2219.0,-0.0,2229.0,ASK
271,1712603015.61369,8274717.40448556,2219.0,-1.3326614627893935e-10,2229.0,ASK
272,1712603025.785707,8275245.03444296,2219.0,-2.6040066568439174e-08,2229.0,ASK
273,1712603035.9463649,8275247.73592877,2221.0,1.3332614901042257e-10,2229.0,BID
274,1712603039.0435104,8275254.05892877,2220.0,-3.120583632510643e-10,2229.0,ASK
275,1712603040.5834708,8275254.05892877,2220.0,-0.0,2229.0,ASK
276,1712603041.4534638,8275401.80792877,2220.0,-7.291410388853517e-09,2229.0,ASK
277,1712603045.9733455,8275852.12092877,2220.0,-2.2222938134539213e-08,2229.0,ASK
278,1712603046.053496,8275922.40236382,2220.0,-3.468387506299093e-09,2229.0,ASK
279,1712603046.0932603,8276373.90628388,2220.0,-2.2281710017223e-08,2229.0,ASK
280,1712603046.1338055,8276827.74211693,2220.0,-2.239678987973317e-08,2229.0,ASK
281,1712603046.2544022,8277148.90932479,2220.0,-1.5849595705926314e-08,2229.0,ASK
282,1712603046.2973778,8277355.86313392,2220.0,-1.021316661300587e-08,2229.0,ASK
283,1712603070.4088542,8277649.89784777,2220.0,-1.4510607633538292e-08,2229.0,ASK
284,1712603070.6614623,8277649.89784777,2220.0,-0.0,2229.0,ASK
285,1712603071.194282,8277763.34813392,2219.0,-5.597300317333241e-09,2229.0,ASK
286,1712603087.499586,8277766.04961973,2219.0,-1.3328328992372315e-10,2229.0,ASK
287,1712603099.1549952,8277768.75110554,2221.0,1.3328328996967187e-10,2229.0,BID
288,1712603100.8945477,8278843.05728279,2219.0,-5.300307747906919e-08,2229.0,ASK
289,1712603100.9073904,8280289.37265487,2219.0,-7.13569067636229e-08,2229.0,ASK
290,1712603100.9104984,8280289.37265487,2219.0,-0.0,2229.0,ASK
291,1712603100.9742315,8281056.54257139,2219.0,3.78495243857326e-08,2229.0,BID
292,1712603100.984203,8285792.87687141,2219.0,2.336744399477914e-07,2229.0,BID
293,1712603120.6040945,8285853.04958284,2219.0,2.968714569728334e-09,2229.0,BID
294,1712603125.3443856,8286706.27603619,2219.0,4.2095257852544663e-08,2229.0,BID
295,1712603125.504239,8286709.27603619,2218.0,-1.4800967909728134e-10,2229.0,ASK
296,1712603125.5074897,8286716.77738267,2218.0,-3.7009062843910716e-10,2229.0,ASK
297,1712603130.9052362,8286716.77738267,2218.0,-0.0,2229.0,ASK
298,1712603134.4042542,8286788.26146102,2219.0,3.523327012890057e-09,2229.0,BID
299,1712603141.7445543,8287167.43083016,2219.0,-1.868860467362385e-08,2229.0,ASK
300,1712603141.754464,8287233.30893985,2218.0,-3.247018479978273e-09,2229.0,ASK
301,1712603152.0947878,8287236.01042566,2218.0,-1.3315157932354972e-10,2229.0,ASK
302,1712603160.5951831,8287236.01042566,2218.0,-0.0,2229.0,ASK
303,1712603166.1547933,8287238.71191147,2221.0,1.3314401867472885e-10,2229.0,BID
304,1712603190.5752702,8287238.71191147,2221.0,0.0,2229.0,BID
305,1712603220.5886023,8287241.41339728,2218.0,-1.3314397930234118e-10,2229.0,ASK
306,1712603220.915524,8287241.41339728,2218.0,-0.0,2229.0,ASK
307,1712603227.0024903,8287603.32794108,2218.0,-1.7837120640313347e-08,2229.0,ASK
308,1712603235.8755784,8287606.02942689,2221.0,1.3314394002905942e-10,2229.0,BID
309,1712603247.8255925,8287710.3559219,2221.0,5.141778105753915e-09,2229.0,BID
310,1712603248.9458091,8289219.3559219,2220.0,7.437174191348063e-08,2229.0,BID
311,1712603248.9499493,8289856.85673722,2221.0,3.141951365579839e-08,2229.0,BID
312,1712603250.9453824,8289856.85673722,2221.0,0.0,2229.0,BID
313,1712603278.685747,8290069.75688252,2220.0,-1.0489877314951077e-08,2229.0,ASK
314,1712603280.586058,8290069.75688252,2220.0,-0.0,2229.0,ASK
315,1712603281.2357972,8290081.97988252,2220.0,-6.022296716937009e-10,2229.0,ASK
316,1712603289.6561785,8290082.08196244,2220.0,-5.029498240621775e-12,2229.0,ASK
317,1712603289.6609232,8290084.68136833,2219.0,-1.2807325169445628e-10,2229.0,ASK
318,1712603310.5659077,8290084.68136833,2219.0,-0.0,2229.0,ASK
319,1712603337.2962427,8290087.38285414,2221.0,1.3310253271638228e-10,2229.0,BID
320,1712603340.925868,8290087.38285414,2221.0,0.0,2229.0,BID
321,1712603370.9261782,8290087.38285414,2221.0,0.0,2229.0,BID
322,1712603395.267034,8290090.08433995,2218.0,-1.3310249332264032e-10,2229.0,ASK
323,1712603400.6169417,8290090.08433995,2218.0,-0.0,2229.0,ASK
324,1712603401.6319337,8290092.44048955,2221.0,1.1611611081577915e-10,2229.0,BID
325,1712603414.0367606,8290095.14197536,2221.0,1.331350206629979e-10,2229.0,BID
326,1712603430.1295853,8290545.59242582,2220.0,2.21991652928912e-08,2229.0,BID
327,1712603430.1376822,8290590.41437517,2221.0,2.2089218943990464e-09,2229.0,BID
328,1712603430.6002269,8290590.41437517,2221.0,0.0,2229.0,BID
329,1712603446.2271545,8292123.41437517,2221.0,7.554539578589929e-08,2229.0,BID
330,1712603456.6068468,8292126.11586098,2220.0,-1.3312773301802001e-10,2229.0,ASK
331,1712603460.8973858,8292126.11586098,2220.0,-0.0,2229.0,ASK
332,1712603474.9068923,8293659.11586098,2221.0,7.553270010859959e-08,2229.0,BID
333,1712603475.766933,8293661.81734679,2221.0,1.3310536042045195e-10,2229.0,BID
334,1712603489.9870005,8293942.64107246,2220.0,-1.3836512886141724e-08,2229.0,ASK
335,1712603490.9271677,8293942.64107246,2220.0,-0.0,2229.0,ASK
336,1712603498.5172732,8293945.79145517,2221.0,1.5519218718148835e-10,2229.0,BID
337,1712603518.017372,8294845.38668232,2221.0,4.431529872548e-08,2229.0,BID
338,1712603520.5771282,8294845.38668232,2221.0,0.0,2229.0,BID
339,1712603521.9373374,8294848.08816813,2220.0,-1.330657654504244e-10,2229.0,ASK
340,1712603539.547544,8294850.78965394,2221.0,1.330657654504244e-10,2229.0,BID
341,1712603548.8183548,8295301.2401044,2220.0,-2.2187617558044536e-08,2229.0,ASK
342,1712603550.6074548,8295301.2401044,2220.0,-0.0,2229.0,ASK
343,1712603557.5084908,8295408.1401044,2221.0,5.265258563807818e-09,2229.0,BID
344,1712603561.5027745,8296941.1401044,2221.0,7.550646752375357e-08,2229.0,BID
345,1712603564.4073758,8296946.91095339,2221.0,2.8423771812099417e-10,2229.0,BID
346,1712603571.737334,8298479.91095339,2221.0,7.550646752375357e-08,2229.0,BID
347,1712603580.6302938,8298479.91095339,2221.0,0.0,2229.0,BID
348,1712603582.4775078,8300012.91095339,2221.0,7.548022115177805e-08,2229.0,BID
349,1712603582.5575202,8300628.14858153,2221.0,3.0292415024702565e-08,2229.0,BID
350,1712603582.5619576,8300883.73845439,2221.0,1.2584461922801064e-08,2229.0,BID
351,1712603582.661017,8300883.73845527,2221.0,4.333341815483402e-17,2229.0,BID
352,1712603591.7676458,8300886.43994108,2221.0,-1.3301288086587258e-10,2229.0,ASK
353,1712603601.8576655,8301616.05655124,2221.0,-3.5924085512651526e-08,2229.0,ASK
354,1712603601.862154,8301686.02946792,2221.0,-3.445251941030881e-09,2229.0,ASK
355,1712603607.277584,8301688.72973794,2222.0,1.3295301911906862e-10,2229.0,BID
356,1712603610.5882895,8301688.72973794,2222.0,0.0,2229.0,BID
357,1712603618.1776538,8301702.23108807,2222.0,6.645319118880245e-10,2229.0,BID
358,1712603640.9076607,8301702.23108807,2222.0,0.0,2229.0,BID
359,1712603653.8479283,8301704.93135809,2221.0,-1.3290618580879647e-10,2229.0,ASK
360,1712603667.9181454,8301707.63162811,2222.0,1.329061858546358e-10,2229.0,BID
361,1712603670.9277246,8301707.63162811,2222.0,0.0,2229.0,BID
362,1712603681.9578817,8301842.70591897,2221.0,-6.6482974179249955e-09,2229.0,ASK
363,1712603700.649378,8301842.70591897,2221.0,-0.0,2229.0,ASK
364,1712603710.0179818,8303299.24032732,2221.0,-7.169497753231357e-08,2229.0,ASK
365,1712603725.3187263,8304165.56535196,2220.0,-4.264310737952296e-08,2229.0,ASK
366,1712603725.3237426,8304170.06782832,2221.0,-2.2162534547693868e-10,2229.0,ASK
367,1712603725.4582903,8304172.76809834,2220.0,-1.3291536220089567e-10,2229.0,ASK
368,1712603730.557966,8304172.76809834,2220.0,-0.0,2229.0,ASK
369,1712603742.681476,8304175.46836836,2222.0,1.3288151862147302e-10,2229.0,BID
370,1712603760.9186518,8304175.46836836,2222.0,0.0,2229.0,BID
371,1712603790.9385324,8304175.46836836,2222.0,0.0,2229.0,BID
372,1712603792.9685009,8304342.1300927,2220.0,-8.201497008719241e-09,2229.0,ASK
373,1712603795.498385,8304344.83036272,2220.0,-1.328814794323549e-10,2229.0,ASK
374,1712603805.5984387,8304347.53063274,2222.0,1.328814793865241e-10,2229.0,BID
375,1712603807.3482437,8304350.46524841,2222.0,1.4441373226314756e-10,2229.0,BID
376,1712603820.5883286,8304350.46524841,2222.0,0.0,2229.0,BID
377,1712603850.619447,8304350.46524841,2222.0,0.0,2229.0,BID
378,1712603852.378235,8304800.81124841,2220.0,-2.2161301724036864e-08,2229.0,ASK
379,1712603852.818568,8304935.60864841,2220.0,-6.633312726276072e-09,2229.0,ASK
380,1712603854.0313058,8305047.8101581,2220.0,-5.521380250143501e-09,2229.0,ASK
381,1712603855.2484643,8305498.0461581,2220.0,-2.2155888678962467e-08,2229.0,ASK
382,1712603857.558665,8305500.74642812,2220.0,-1.3287893899031904e-10,2229.0,ASK
383,1712603857.5634792,8305950.98342812,2220.0,-2.2155937888471063e-08,2229.0,ASK
384,1712603859.870546,8306299.41742812,2220.0,-1.7146263106417393e-08,2229.0,ASK
385,1712603863.0984955,8306667.99442812,2220.0,-1.813749007548162e-08,2229.0,ASK
386,1712603866.5486507,8306765.78842812,2220.0,-4.812393894508407e-09,2229.0,ASK
387,1712603866.754774,8307102.98842812,2220.0,-1.6593443577450065e-08,2229.0,ASK
388,1712603869.4792094,8307209.04542812,2220.0,-5.2190119973250435e-09,2229.0,ASK
389,1712603871.3494704,8308312.07795939,2220.0,-5.4279679928154464e-08,2229.0,ASK
390,1712603871.3549404,8309043.87842401,2220.0,-3.6011535348898555e-08,2229.0,ASK
391,1712603871.3586605,8309587.77314331,2220.0,-2.6764787475667892e-08,2229.0,ASK
392,1712603872.6384623,8309590.47584601,2220.0,1.3299864994612502e-10,2229.0,BID
393,1712603880.9384997,8309590.47584601,2220.0,0.0,2229.0,BID
394,1712603882.6084297,8309710.48284601,2219.0,-5.9021058960512345e-09,2229.0,ASK
395,1712603892.2697022,8309815.35054601,2219.0,-5.1575347311469635e-09,2229.0,ASK
396,1712603907.3490798,8309835.52155999,2220.0,9.920376356580699e-10,2229.0,BID
397,1712603910.9507246,8309835.52155999,2220.0,0.0,2229.0,BID
398,1712603930.2189236,8309838.22426269,2219.0,-1.3291900429246698e-10,2229.0,ASK
399,1712603940.5792603,8309838.22426269,2219.0,-0.0,2229.0,ASK
400,1712603944.2090874,8309840.92453271,2222.0,1.3279932581043666e-10,2229.0,BID
401,1712603970.6357875,8309840.92453271,2222.0,0.0,2229.0,BID
402,1712603975.608863,8309845.42498275,2222.0,2.213321447550364e-10,2229.0,BID
403,1712603980.669256,8309890.77991091,2222.0,2.2305554856033197e-09,2229.0,BID
404,1712603980.6740563,8310070.447485,2222.0,8.836051763919729e-09,2229.0,BID
405,1712604000.588884,8310073.14775502,2219.0,-1.3279928666981204e-10,2229.0,ASK
406,1712604000.6210556,8310073.14775502,2219.0,-0.0,2229.0,ASK
407,1712604008.693729,8310932.77177339,2222.0,4.22770573754412e-08,2229.0,BID
408,1712604008.7002094,8311052.4571133,2223.0,5.886229181929695e-09,2229.0,BID
409,1712604008.7033749,8311447.0326471,2224.0,1.9405568161120493e-08,2229.0,BID
410,1712604008.7065036,8311467.0326471,2223.0,9.836174064946036e-10,2229.0,BID
411,1712604013.0092924,8311469.73170243,2223.0,1.3274189017891207e-10,2229.0,BID
412,1712604026.8790126,8311537.20808569,2223.0,3.3185472550682442e-09,2229.0,BID
413,1712604030.6070468,8311537.20808569,2223.0,0.0,2229.0,BID
414,1712604060.949429,8311537.20808569,2223.0,0.0,2229.0,BID
415,1712604066.6691473,8311539.90714102,2219.0,-1.32720649368458e-10,2229.0,ASK
416,1712604080.6293588,8311542.60984372,2220.0,1.3290000150865106e-10,2229.0,BID
417,1712604088.8193374,8311735.60984372,2219.0,-9.490389116659776e-09,2229.0,ASK
418,1712604089.158799,8311893.64824372,2219.0,-7.771222338725164e-09,2229.0,ASK
419,1712604090.9392357,8311893.64824372,2219.0,-0.0,2229.0,ASK
420,1712604099.2790406,8311995.84824372,2219.0,-5.025285213060387e-09,2229.0,ASK
421,1712604099.4798155,8312226.24824372,2219.0,-1.1329018719069229e-08,2229.0,ASK
422,1712604100.348973,8312560.84824372,2219.0,-1.6452646108464473e-08,2229.0,ASK
423,1712604100.4893978,8312602.63311567,2219.0,-2.05460762366576e-09,2229.0,ASK
424,1712604100.4915457,8313913.04824372,2219.0,-6.443453782730106e-08,2229.0,ASK
425,1712604101.329502,8313983.44824372,2219.0,-3.461644608617207e-09,2229.0,ASK
426,1712604104.381637,8314032.74824372,2219.0,-2.4241346477738703e-09,2229.0,ASK
427,1712604120.599409,8314032.74824372,2219.0,-0.0,2229.0,ASK
428,1712604131.9737396,8314354.20973868,2221.0,1.5802923138645104e-08,2229.0,BID
429,1712604131.9761424,8315428.51591593,2220.0,5.281247742773482e-08,2229.0,BID
430,1712604132.9891603,8315431.21861863,2219.0,-1.3286382259428343e-10,2229.0,ASK
431,1712604148.0202322,8315512.60582404,2219.0,-4.000963635538809e-09,2229.0,ASK
432,1712604150.589623,8315512.60582404,2219.0,-0.0,2229.0,ASK
433,1712604180.9195046,8315512.60582404,2219.0,-0.0,2229.0,ASK
434,1712604187.279338,8315515.30852674,2220.0,1.3284236656538435e-10,2229.0,BID
435,1712604194.8698509,8315740.53375196,2220.0,1.1070197223913796e-08,2229.0,BID
436,1712604201.050993,8315805.87891447,2219.0,-3.2118242346466067e-09,2229.0,ASK
437,1712604204.7995176,8317209.7021506,2219.0,-6.900026440789753e-08,2229.0,ASK
438,1712604210.9594812,8317209.7021506,2219.0,-0.0,2229.0,ASK
439,1712604213.66967,8317692.5021506,2219.0,-2.372603710424415e-08,2229.0,ASK
440,1712604213.8985608,8317735.9073506,2219.0,-2.133043466685297e-09,2229.0,ASK
441,1712604220.4797747,8317814.2073506,2219.0,-3.8478639296988714e-09,2229.0,ASK
442,1712604220.5592456,8319162.95506922,2219.0,-6.628094121014462e-08,2229.0,ASK
443,1712604220.7447398,8319485.85506921,2219.0,-1.5868138733904657e-08,2229.0,ASK
444,1712604221.896655,8319933.95506921,2219.0,-2.2020789615636213e-08,2229.0,ASK
445,1712604222.092333,8320117.76536921,2219.0,-9.032912174698041e-09,2229.0,ASK
446,1712604223.2524242,8320439.3150692,2219.0,-1.5801781509536105e-08,2229.0,ASK
447,1712604223.7294064,8320572.3570692,2219.0,-6.538026985154785e-09,2229.0,ASK
448,1712604223.7498624,8321146.18109244,2219.0,-2.8199192350269228e-08,2229.0,ASK
449,1712604223.7590363,8321822.16126367,2219.0,-3.3219408915358614e-08,2229.0,ASK
450,1712604224.2740648,8321875.38824171,2218.0,-2.6157109692034816e-09,2229.0,ASK
451,1712604224.283343,8322126.30786366,2218.0,-1.2330837325126922e-08,2229.0,ASK
452,1712604226.0878882,8322283.10786366,2218.0,-7.705556375191588e-09,2229.0,ASK
453,1712604228.6736605,8322492.9843078,2218.0,-1.031386972035013e-08,2229.0,ASK
454,1712604228.6787305,8322500.15751407,2218.0,-3.5250985524510926e-10,2229.0,ASK
455,1712604229.8498237,8322502.86021677,2217.0,-1.3281778074932123e-10,2229.0,ASK
456,1712604232.1005614,8322525.38051658,2218.0,1.1067056107924803e-09,2229.0,BID
457,1712604232.3201149,8322736.46401386,2218.0,1.0373187424492096e-08,2229.0,BID
458,1712604232.325682,8322883.68550664,2219.0,7.234843828191131e-09,2229.0,BID
459,1712604232.3309865,8323921.77691297,2220.0,5.1014488865329414e-08,2229.0,BID
460,1712604240.5816855,8323921.77691297,2220.0,0.0,2229.0,BID
461,1712604249.9705362,8323924.47961567,2220.0,1.3272063718817564e-10,2229.0,BID
462,1712604270.6099122,8323924.47961567,2220.0,0.0,2229.0,BID
463,1712604296.970018,8323927.18231837,2217.0,-1.3272059808340323e-10,2229.0,ASK
464,1712604300.9396586,8323927.18231837,2217.0,-0.0,2229.0,ASK
465,1712604319.459545,8323929.88623905,2219.0,1.3282812878955087e-10,2229.0,BID
466,1712604322.729732,8324434.81618828,2219.0,2.4804315015458146e-08,2229.0,BID
467,1712604330.9200044,8324434.81618828,2219.0,0.0,2229.0,BID
468,1712604358.358507,8324634.81618828,2220.0,9.824310310594128e-09,2229.0,BID
469,1712604358.3628464,8325502.87010583,2220.0,4.2640155261714126e-08,2229.0,BID
470,1712604358.3673964,8325830.58386049,2221.0,1.6097808094125115e-08,2229.0,BID
471,1712604360.648778,8325830.58386049,2221.0,0.0,2229.0,BID
472,1712604368.0301893,8325833.28778117,2218.0,-1.3280056360373255e-10,2229.0,ASK
473,1712604389.8047438,8325900.09535234,2219.0,-3.281192074036564e-09,2229.0,ASK
474,1712604390.0629125,8325968.89659303,2219.0,-3.3791093087623715e-09,2229.0,ASK
475,1712604390.623084,8325968.89659303,2219.0,-0.0,2229.0,ASK
476,1712604391.3911316,8326048.84855108,2219.0,-3.926707289413392e-09,2229.0,ASK
477,1712604392.455,8326108.00771216,2219.0,-2.905503688921093e-09,2229.0,ASK
478,1712604392.6182485,8326166.85329744,2219.0,-2.890102935622855e-09,2229.0,ASK
479,1712604406.3098807,8326180.15729744,2219.0,-6.534038071195024e-10,2229.0,ASK
480,1712604413.8498156,8326283.94122866,2219.0,-5.097174968377837e-09,2229.0,ASK
481,1712604420.610051,8326283.94122866,2219.0,-0.0,2229.0,ASK
482,1712604450.5800903,8326283.94122866,2219.0,-0.0,2229.0,ASK
483,1712604459.289895,8326286.64514934,2219.0,1.3279400243441906e-10,2229.0,BID
484,1712604480.9300132,8326286.64514934,2219.0,0.0,2229.0,BID
485,1712604489.210728,8326996.46021539,2219.0,3.4860177862260994e-08,2229.0,BID
486,1712604489.215354,8328140.27190132,2219.0,5.617446109499e-08,2229.0,BID
487,1712604494.180301,8329536.66829772,2220.0,6.857930899613052e-08,2229.0,BID
488,1712604494.186108,8329932.92838258,2219.0,1.9460980329439613e-08,2229.0,BID
489,1712604494.1925375,8329946.92838258,2220.0,6.87562878578585e-10,2229.0,BID
490,1712604506.2701554,8330172.35669638,2221.0,1.107115288210976e-08,2229.0,BID
491,1712604506.5700111,8330175.06061706,2220.0,-1.3279396330403634e-10,2229.0,ASK
492,1712604510.9301646,8330175.06061706,2220.0,-0.0,2229.0,ASK
493,1712604516.1953833,8330246.58365883,2220.0,-3.511125286495016e-09,2229.0,ASK
494,1712604523.061951,8330302.61778268,2220.0,-2.7507614929126753e-09,2229.0,ASK
495,1712604524.655786,8330305.32048538,2220.0,1.326779112621623e-10,2229.0,BID
496,1712604530.579923,8330549.4340142,2220.0,1.1983735067864582e-08,2229.0,BID
497,1712604540.63176,8330549.4340142,2220.0,0.0,2229.0,BID
498,1712604559.020605,8330664.97165322,2220.0,5.671606875133577e-09,2229.0,BID
499,1712604559.026119,8330736.4946942,2220.0,3.5109820002721503e-09,2229.0,BID
500,1712604559.0599513,8330736.49469499,2220.0,3.876846572719659e-17,2229.0,BID
501,1712604570.580328,8330736.49469499,2220.0,0.0,2229.0,BID
502,1712604574.6000707,8330739.19739769,2219.0,-1.3266979377327333e-10,2229.0,ASK
503,1712604600.7002432,8330739.19739769,2219.0,-0.0,2229.0,ASK
504,1712604612.2912903,8331495.88558229,2219.0,-3.7152237723852897e-08,2229.0,ASK
505,1712604612.2971444,8332567.48905684,2219.0,-5.261409896767992e-08,2229.0,ASK
506,1712604627.9104514,8332994.61213353,2220.0,-2.097109272420439e-08,2229.0,ASK
507,1712604627.915647,8333067.48905684,2220.0,-3.5781459714692673e-09,2229.0,ASK
508,1712604630.5992343,8333067.48905684,2220.0,-0.0,2229.0,ASK
509,1712604656.9001722,8333070.18689856,2224.0,1.3242632538515279e-10,2229.0,BID
510,1712604658.5259106,8333170.18689856,2220.0,-4.908602471792673e-09,2229.0,ASK
511,1712604660.950171,8333170.18689856,2220.0,-0.0,2229.0,ASK
512,1712604663.545744,8333520.63734901,2220.0,-1.7202026954766772e-08,2229.0,ASK
513,1712604663.55015,8334079.27780765,2220.0,-2.74211324745027e-08,2229.0,ASK
514,1712604667.269235,8334092.02115101,2220.0,-6.2551306664715e-10,2229.0,ASK
515,1712604690.9306877,8334092.02115101,2220.0,-0.0,2229.0,ASK
516,1712604695.4507885,8334637.20789429,2225.0,2.6758062558227648e-08,2229.0,BID
517,1712604695.455971,8335291.02910915,2224.0,3.2089901643382175e-08,2229.0,BID
518,1712604695.4616392,8335724.93253133,2225.0,2.1296216494667106e-08,2229.0,BID
519,1712604709.660231,8335727.63037305,2220.0,-1.3241154232621076e-10,2229.0,ASK
520,1712604716.5705144,8336575.70205674,2225.0,4.1623820545441776e-08,2229.0,BID
521,1712604716.576247,8337120.88880001,2225.0,2.675806255772484e-08,2229.0,BID
522,1712604720.5704074,8337120.88880001,2225.0,0.0,2229.0,BID
523,1712604724.0802076,8337123.58542922,2225.0,1.3230827303386055e-10,2229.0,BID
524,1712604750.6305566,8337123.58542922,2225.0,0.0,2229.0,BID
525,1712604757.1005282,8337505.25518202,2225.0,1.8726360599377468e-08,2229.0,BID
526,1712604780.6403074,8337505.25518202,2225.0,0.0,2229.0,BID
527,1712604782.9710813,8337507.95181123,2220.0,-1.3230272149313842e-10,2229.0,ASK
528,1712604786.3408234,8337512.44619325,2225.0,2.2050453603513038e-10,2229.0,BID
529,1712604788.100283,8337821.62572554,2225.0,1.516904638158818e-08,2229.0,BID
530,1712604788.1102824,8337961.88439549,2225.0,6.881407233302363e-09,2229.0,BID
531,1712604810.6002924,8337961.88439549,2225.0,0.0,2229.0,BID
532,1712604828.6403165,8337964.58345082,2223.0,1.3241515199954964e-10,2229.0,BID
533,1712604840.9732468,8337964.58345082,2223.0,0.0,2229.0,BID
534,1712604870.9406376,8337964.58345082,2223.0,0.0,2229.0,BID
535,1712604877.6005611,8337967.28250615,2220.0,-1.3241511302198487e-10,2229.0,ASK
536,1712604892.0408683,8337969.98034787,2224.0,1.3235557355039788e-10,2229.0,BID
537,1712604900.583228,8337969.98034787,2224.0,0.0,2229.0,BID
538,1712604907.9760098,8338067.09900794,2224.0,4.764619176748659e-09,2229.0,BID
539,1712604912.2819238,8338154.50094139,2224.0,4.287918798527663e-09,2229.0,BID
540,1712604930.5737605,8338154.50094139,2224.0,0.0,2229.0,BID
541,1712604949.1406703,8338157.19878311,2220.0,-1.3235283104400598e-10,2229.0,ASK
542,1712604960.9206302,8338157.19878311,2220.0,-0.0,2229.0,ASK
543,1712604966.8207765,8338159.89783844,2223.0,1.324123303760647e-10,2229.0,BID
544,1712604975.381183,8338378.44192662,2225.0,1.0721503811097853e-08,2229.0,BID
545,1712604975.3867726,8339553.1562654,2225.0,5.763003870322745e-08,2229.0,BID
546,1712604990.9206464,8339553.1562654,2225.0,0.0,2229.0,BID
547,1712605014.6792555,8339555.85532073,2221.0,-1.3239215691797146e-10,2229.0,ASK
548,1712605020.6707726,8339555.85532073,2221.0,-0.0,2229.0,ASK
549,1712605029.980614,8339558.55194994,2225.0,1.3227311367602422e-10,2229.0,BID
550,1712605045.7808557,8340632.85812719,2221.0,-5.26960928141699e-08,2229.0,ASK
551,1712605045.7871287,8341565.6155285,2221.0,-4.5752944210324086e-08,2229.0,ASK
552,1712605050.6005354,8341565.6155285,2221.0,-0.0,2229.0,ASK
553,1712605080.800947,8341587.07475596,2221.0,-1.0523721524340443e-09,2229.0,ASK
554,1712605080.910709,8341587.07475596,2221.0,-0.0,2229.0,ASK
555,1712605086.4208214,8341589.77138517,2221.0,-1.3224384977183387e-10,2229.0,ASK
556,1712605097.241526,8341591.18814913,2221.0,-6.947871056317126e-11,2229.0,ASK
557,1712605097.2477417,8341617.98276223,2221.0,-1.314019286387594e-09,2229.0,ASK
558,1712605097.253753,8342020.93876867,2221.0,-1.97611348989809e-08,2229.0,ASK
559,1712605108.3808413,8342023.63539788,2225.0,1.3224384981750631e-10,2229.0,BID
560,1712605110.931012,8342023.63539788,2225.0,0.0,2229.0,BID
561,1712605140.5782616,8342023.63539788,2225.0,0.0,2229.0,BID
562,1712605159.311072,8342028.13382343,2223.0,2.2059422363113157e-10,2229.0,BID
563,1712605160.6213567,8342030.83045264,2221.0,-1.3223756185119572e-10,2229.0,ASK
564,1712605170.5935297,8342030.83045264,2221.0,-0.0,2229.0,ASK
565,1712605183.621003,8342033.52950797,2223.0,1.3235643044624196e-10,2229.0,BID
566,1712605200.6340408,8342033.52950797,2223.0,0.0,2229.0,BID
567,1712605230.5813909,8342033.52950797,2223.0,0.0,2229.0,BID
568,1712605236.4691331,8342036.2285633,2221.0,-1.323829953083972e-10,2229.0,ASK
569,1712605236.731319,8342041.72289215,2223.0,2.694852907641102e-10,2229.0,BID
570,1712605258.6811144,8342044.42194748,2223.0,1.323829953083972e-10,2229.0,BID
571,1712605260.931002,8342044.42194748,2223.0,0.0,2229.0,BID
572,1712605283.5314183,8342044.90952869,2223.0,2.391480593481772e-11,2229.0,BID
573,1712605283.536836,8342046.71614451,2223.0,8.861060641940135e-11,2229.0,BID
574,1712605290.9210734,8342046.71614451,2223.0,0.0,2229.0,BID
575,1712605309.4817731,8342049.41519984,2222.0,-1.3238280505113064e-10,2229.0,ASK
576,1712605320.5818489,8342049.41519984,2222.0,-0.0,2229.0,ASK
577,1712605330.641466,8342052.11425517,2223.0,1.3238276606445267e-10,2229.0,BID
578,1712605345.8912232,8342232.11425517,2222.0,-8.828606671251587e-09,2229.0,ASK
579,1712605350.6310604,8342232.11425517,2222.0,-0.0,2229.0,ASK
580,1712605362.0915198,8342341.14512245,2222.0,-5.347619311341715e-09,2229.0,ASK
581,1712605362.096383,8342427.11425517,2222.0,-4.216514146740299e-09,2229.0,ASK
582,1712605364.1811223,8343309.29606048,2222.0,-4.326822830910273e-08,2229.0,ASK
583,1712605380.9211235,8343309.29606048,2222.0,-0.0,2229.0,ASK
584,1712605381.2814922,8343311.99511581,2221.0,-1.3236459144028484e-10,2229.0,ASK
585,1712605384.0342684,8344730.93039657,2222.0,6.958612023903223e-08,2229.0,BID
586,1712605384.040808,8346944.24373969,2223.0,1.0854327925267745e-07,2229.0,BID
587,1712605395.0673006,8346946.94279502,2223.0,1.3236459144028484e-10,2229.0,BID
588,1712605410.9631815,8346946.94279502,2223.0,0.0,2229.0,BID
589,1712605415.55167,8346990.4231144,2223.0,2.1314767396725222e-09,2229.0,BID
590,1712605421.5786428,8347528.69895048,2221.0,-2.6387166434629854e-08,2229.0,ASK
591,1712605440.601257,8347528.69895048,2221.0,-0.0,2229.0,ASK
592,1712605451.301643,8347531.39800581,2221.0,-1.3230374897046674e-10,2229.0,ASK
593,1712605456.9412773,8347988.98587854,2221.0,-2.2430288988553745e-08,2229.0,ASK
594,1712605457.021133,8348095.42590295,2223.0,5.217534488415724e-09,2229.0,BID
595,1712605460.4712782,8348402.10207453,2223.0,1.5032817879114566e-08,2229.0,BID
596,1712605470.589898,8348402.10207453,2223.0,0.0,2229.0,BID
597,1712605500.6129858,8348402.10207453,2223.0,0.0,2229.0,BID
598,1712605504.0715294,8348404.79991625,2224.0,1.3223524166703776e-10,2229.0,BID
599,1712605530.6273444,8348404.79991625,2224.0,0.0,2229.0,BID
600,1712605532.4613152,8348444.19792349,2223.0,-1.9311004935366438e-09,2229.0,ASK
601,1712605560.9220445,8348444.19792349,2223.0,-0.0,2229.0,ASK
602,1712605567.9121962,8348830.50224553,2224.0,1.8934695351195152e-08,2229.0,BID
603,1712605567.9195845,8349930.33978149,2224.0,5.390850552555421e-08,2229.0,BID
604,1712605568.0014307,8350385.12859149,2224.0,2.22914605796051e-08,2229.0,BID
605,1712605568.0052574,8350385.12859188,2224.0,1.912682603667863e-17,2229.0,BID
606,1712605569.5414226,8350387.8264336,2224.0,-1.3223463511617668e-10,2229.0,ASK
607,1712605586.411727,8350390.52306281,2225.0,1.3217520400494202e-10,2229.0,BID
608,1712605590.961317,8350390.52306281,2225.0,0.0,2229.0,BID
609,1712605616.9514575,8350413.96908828,2225.0,1.1489624984521551e-09,2229.0,BID
610,1712605616.9612966,8350435.46688303,2225.0,1.0534902813118427e-09,2229.0,BID
611,1712605620.5842466,8350435.46688303,2225.0,0.0,2229.0,BID
612,1712605624.421537,8350846.19371468,2225.0,2.0127394927947985e-08,2229.0,BID
613,1712605624.434378,8351210.36949203,2225.0,1.7846191505082862e-08,2229.0,BID
614,1712605624.4375665,8351224.36949269,2225.0,6.86060711323138e-10,2229.0,BID
615,1712605637.4315865,8351227.0661219,2225.0,-1.3214651907053079e-10,2229.0,ASK
616,1712605639.5435133,8351766.58579303,2226.0,2.6438802277894605e-08,2229.0,BID
617,1712605639.5490158,8352094.3439929,2226.0,1.606157236707049e-08,2229.0,BID
618,1712605639.5614045,8352094.34399324,2226.0,1.6658177587489565e-17,2229.0,BID
619,1712605639.8013985,8353519.83460424,2227.0,6.98552183172262e-08,2229.0,BID
620,1712605650.6022682,8353519.83460424,2227.0,0.0,2229.0,BID
621,1712605669.1015124,8353529.93518798,2227.0,4.948058864775898e-10,2229.0,BID
622,1712605680.9316738,8353529.93518798,2227.0,0.0,2229.0,BID
623,1712605686.247625,8353532.62939543,2227.0,1.3198328643304132e-10,2229.0,BID
624,1712605698.8796966,8354384.8401437,2227.0,4.174792675100144e-08,2229.0,BID
625,1712605698.8828187,8354432.40824127,2227.0,2.330256285862373e-09,2229.0,BID
626,1712605710.931672,8354432.40824127,2227.0,0.0,2229.0,BID
627,1712605736.702086,8354438.60999171,2228.0,3.0378017977325127e-10,2229.0,BID
628,1712605740.601604,8354438.60999171,2228.0,0.0,2229.0,BID
629,1712605740.86155,8354441.30419916,2227.0,-1.31970203840157e-10,2229.0,ASK
630,1712605752.4017663,8359445.60839171,2227.0,-2.4512553562904137e-07,2229.0,ASK
631,1712605752.4085906,8359458.02329965,2227.0,-6.081186997527275e-10,2229.0,ASK
632,1712605755.3114371,8364253.33887674,2227.0,2.348886586659632e-07,2229.0,BID
633,1712605759.7819471,8364256.03187494,2228.0,1.3191097118718375e-10,2229.0,BID
634,1712605770.5989344,8364256.03187494,2228.0,0.0,2229.0,BID
635,1712605795.538668,8364263.60978243,2227.0,-3.7079110074168944e-10,2229.0,ASK
636,1712605800.631992,8364263.60978243,2227.0,-0.0,2229.0,ASK
637,1712605802.7019138,8364266.30278063,2226.0,-1.3192456681222747e-10,2229.0,ASK
638,1712605804.8318293,8364704.26774963,2227.0,2.145502318574309e-08,2229.0,BID
639,1712605804.8520093,8364704.2677497,2227.0,3.4217715193200735e-18,2229.0,BID
640,1712605805.2523327,8365003.97497869,2228.0,1.4682054506791678e-08,2229.0,BID
641,1712605805.258376,8365454.62842618,2228.0,2.207660623340938e-08,2229.0,BID
642,1712605808.781713,8365749.61080637,2228.0,-1.4450593664633697e-08,2229.0,ASK
643,1712605815.7419343,8368040.10695683,2228.0,-1.1220680075669178e-07,2229.0,ASK
644,1712605830.6074667,8368040.10695683,2228.0,-0.0,2229.0,ASK
645,1712605856.5120275,8368042.79874687,2229.0,1.3181105358044178e-10,2229.0,BID
646,1712605860.911673,8368042.79874687,2229.0,0.0,2229.0,BID
647,1712605865.6019886,8368045.50130407,2227.0,-1.3233825894990924e-10,2229.0,ASK
648,1712605866.4017682,8368059.48963964,2229.0,6.849779070253894e-10,2229.0,BID
649,1712605874.2729475,8368061.79004559,2227.0,-1.1264580016106363e-10,2229.0,ASK
650,1712605876.481805,8368064.07806712,2229.0,1.1203936244530564e-10,2229.0,BID
651,1712605880.2729018,8369754.43193058,2227.0,-8.277289644515446e-08,2229.0,ASK
652,1712605883.3080473,8370068.47410196,2227.0,-1.5377951737160616e-08,2229.0,ASK
653,1712605886.8518126,8370307.40982991,2227.0,-1.1700155035103496e-08,2229.0,ASK
654,1712605890.9418752,8370307.40982991,2227.0,-0.0,2229.0,ASK
655,1712605892.6321614,8370717.12969282,2227.0,-2.0058123477558995e-08,2229.0,ASK
656,1712605901.641866,8370719.82148286,2227.0,-1.3177847080078419e-10,2229.0,ASK
657,1712605915.4320166,8370722.5132729,2229.0,1.3177847084637776e-10,2229.0,BID
658,1712605920.3595636,8370763.38170576,2229.0,2.0007428168502e-09,2229.0,BID
659,1712605920.6231253,8370763.38170576,2229.0,0.0,2229.0,BID
660,1712605950.641738,8370763.38170576,2229.0,0.0,2229.0,BID
661,1712605952.7018063,8371660.64505255,2229.0,4.392397320784367e-08,2229.0,BID
662,1712605970.844847,8371663.33684259,2227.0,-1.3177191958828894e-10,2229.0,ASK
663,1712605980.9120045,8371663.33684259,2227.0,-0.0,2229.0,ASK
664,1712605988.8863237,8371666.02863263,2229.0,1.3175898085737736e-10,2229.0,BID
665,1712606010.9319396,8371666.02863263,2229.0,0.0,2229.0,BID
666,1712606012.5218782,8371683.3746864,2228.0,-8.49062394107481e-10,2229.0,ASK
667,1712606018.34216,8371773.10102108,2229.0,4.391964739915394e-09,2229.0,BID
668,1712606018.3552036,8371940.4486698,2229.0,8.191407518264581e-09,2229.0,BID
669,1712606018.359758,8372738.2015044,2229.0,3.904876236428368e-08,2229.0,BID
670,1712606018.4018295,8372738.20150447,2229.0,3.419009528076699e-18,2229.0,BID
671,1712606024.0020485,8374041.72150447,2229.0,-6.38052796673631e-08,2229.0,ASK
672,1712606025.1919289,8374057.37607167,2228.0,-7.66266753292464e-10,2229.0,ASK
673,1712606026.531907,8374214.39715735,2229.0,7.685938294350484e-09,2229.0,BID
674,1712606036.552351,8374217.08894739,2228.0,-1.3175894220657915e-10,2229.0,ASK
675,1712606040.596556,8374217.08894739,2228.0,-0.0,2229.0,ASK
676,1712606044.8619566,8375520.57894739,2229.0,6.378605735577944e-08,2229.0,BID
677,1712606048.252163,8377053.57894739,2229.0,7.501708944939593e-08,2229.0,BID
678,1712606050.822093,8378495.8038177,2228.0,-7.057502420230347e-08,2229.0,ASK
679,1712606054.4919176,8378554.32650914,2229.0,2.8637977681875606e-09,2229.0,BID
680,1712606054.6521823,8378557.01829918,2229.0,1.3172227931082794e-10,2229.0,BID
681,1712606054.752289,8379902.49829918,2229.0,6.584083073211799e-08,2229.0,BID
682,1712606056.162266,8379977.44149174,2229.0,3.667332146062463e-09,2229.0,BID
683,1712606061.117213,8381869.5492774,2229.0,9.258996673499205e-08,2229.0,BID
684,1712606061.1321068,8382531.59462058,2229.0,3.239707418715206e-08,2229.0,BID
685,1712606061.139249,8383716.80356212,2229.0,5.7997994248996246e-08,2229.0,BID
686,1712606061.3119817,8383733.59908964,2229.0,8.218862298511771e-10,2229.0,BID
687,1712606061.3220704,8383733.59909051,2229.0,4.256621767754975e-17,2229.0,BID
688,1712606061.3281455,8384027.60293799,2229.0,1.438702734824542e-08,2229.0,BID
689,1712606068.9295225,8384030.30564069,2230.0,1.3225628846253088e-10,2230.0,BID
690,1712606068.9354134,8384047.00712651,2230.0,8.172843155286074e-10,2230.0,BID
691,1712606068.940389,8389021.4681944,2230.0,2.4342439066699136e-07,2230.0,BID
692,1712606068.949077,8389030.42349519,2230.0,4.3822609286310924e-10,2230.0,BID
693,1712606069.0293968,8389039.75620634,2231.0,4.5669460343799007e-10,2231.0,BID
694,1712606069.0360427,8389042.07922727,2231.0,1.1367662687452668e-10,2231.0,BID
695,1712606069.0391982,8389126.78808485,2231.0,4.1452132721276854e-09,2231.0,BID
696,1712606069.7038157,8389173.17370547,2231.0,2.2698723099960286e-09,2231.0,BID
697,1712606069.712091,8389224.72009738,2231.0,2.522413759100939e-09,2231.0,BID
698,1712606069.7152846,8389672.72558799,2231.0,2.1923071078238147e-08,2231.0,BID
699,1712606070.5644925,8389672.72558799,2231.0,0.0,2231.0,BID
700,1712606071.872752,8389677.42558799,2232.0,2.2960655265262288e-10,2232.0,BID
701,1712606071.8801537,8389770.51564176,2232.0,4.5476779438136125e-09,2232.0,BID
702,1712606071.8834748,8389956.64633307,2231.0,-9.09294178327726e-09,2232.0,ASK
703,1712606071.886701,8390001.44920046,2231.0,-2.1887301983086603e-09,2232.0,ASK
704,1712606071.889961,8390632.31850915,2230.0,-3.0819516418197205e-08,2232.0,ASK
705,1712606071.8932464,8390713.34750099,2230.0,-3.9584654221277804e-09,2232.0,ASK
706,1712606074.5821614,8390724.56444406,2231.0,-5.479752404423096e-10,2232.0,ASK
707,1712606079.582727,8391344.04970718,2230.0,-3.026337780994088e-08,2232.0,ASK
708,1712606079.587443,8394869.78166584,2230.0,-1.7224067249644385e-07,2232.0,ASK
709,1712606100.6321323,8394869.78166584,2230.0,-0.0,2232.0,ASK
710,1712606102.6420922,8394872.47345588,2231.0,-1.3144867434152077e-10,2232.0,ASK
711,1712606104.2326193,8395259.2292549,2231.0,-1.8886516521933692e-08,2232.0,ASK
712,1712606104.9728627,8395350.38537441,2231.0,4.451443421339054e-09,2232.0,BID
713,1712606108.1820147,8395416.90661414,2231.0,3.248443840782704e-09,2232.0,BID
714,1712606118.752196,8395510.45807088,2231.0,4.568415361454775e-09,2232.0,BID
715,1712606119.4019115,8395513.14744784,2231.0,1.3133083591637164e-10,2232.0,BID
716,1712606123.795785,8395526.630191,2231.0,6.584052575626537e-10,2232.0,BID
717,1712606130.6496031,8395526.630191,2231.0,0.0,2232.0,BID
718,1712606137.7224555,8395616.31628965,2230.0,-4.3793442316361905e-09,2232.0,ASK
719,1712606137.730153,8395820.55530634,2230.0,-9.972927500204305e-09,2232.0,ASK
720,1712606150.5922673,8395825.03760127,2231.0,2.1886906379333127e-10,2232.0,BID
721,1712606160.9326055,8395825.03760127,2231.0,0.0,2232.0,BID
722,1712606163.612074,8395827.72697823,2229.0,-1.3131717134660602e-10,2232.0,ASK
723,1712606176.2224326,8395830.41635519,2231.0,1.3131717143755543e-10,2232.0,BID
724,1712606190.902428,8395830.41635519,2231.0,0.0,2232.0,BID
725,1712606219.4324012,8398071.56382269,2231.0,1.0943091208914189e-07,2232.0,BID
726,1712606220.6023977,8398071.56382269,2231.0,0.0,2232.0,BID
727,1712606228.482382,8398074.25319965,2230.0,-1.3128504245935318e-10,2232.0,ASK
728,1712606232.972601,8398081.63363644,2230.0,-3.6028454612656923e-10,2232.0,ASK
729,1712606240.422473,8398711.70885565,2231.0,3.0757849550256655e-08,2232.0,BID
730,1712606240.428785,8399426.32211694,2231.0,3.4884671714154126e-08,2232.0,BID
731,1712606247.284117,8399429.0114939,2231.0,1.312850425502804e-10,2232.0,BID
732,1712606250.602167,8399429.0114939,2231.0,0.0,2232.0,BID
733,1712606254.3127646,8399508.78059305,2231.0,3.893445109310663e-09,2232.0,BID
734,1712606254.3196614,8404508.78059305,2231.0,2.440446959289648e-07,2232.0,BID
735,1712606254.325083,8405583.0867703,2231.0,5.2435744872276863e-08,2232.0,BID
736,1712606254.8328464,8408393.60136391,2231.0,-1.3717823588032046e-07,2232.0,ASK
737,1712606274.102355,8408773.92084091,2231.0,-1.8562990224033487e-08,2232.0,ASK
738,1712606277.1537666,8408773.9208411,2231.0,-9.273200848979657e-18,2232.0,ASK
739,1712606277.162532,8408848.39017391,2230.0,-3.634769136353847e-09,2232.0,ASK
740,1712606280.9425328,8408848.39017391,2230.0,-0.0,2232.0,ASK
741,1712606284.4723728,8408893.33399413,2230.0,-2.191412459725821e-09,2232.0,ASK
742,1712606287.1227207,8409222.35133437,2230.0,-1.6042532551724588e-08,2232.0,ASK
743,1712606287.1313152,8409427.6417864,2230.0,-1.0009742212462295e-08,2232.0,ASK
744,1712606289.9123669,8410138.05146815,2231.0,3.46388139792089e-08,2232.0,BID
745,1712606292.942283,8410140.74084511,2229.0,-1.3113113547836951e-10,2232.0,ASK
746,1712606310.9722402,8410140.74084511,2229.0,-0.0,2232.0,ASK
747,1712606311.2522447,8410143.43022207,2231.0,1.311127069439339e-10,2232.0,BID
748,1712606340.580384,8410143.43022207,2231.0,0.0,2232.0,BID
749,1712606355.1325662,8410188.23308945,2232.0,2.184232106978467e-09,2232.0,BID
750,1712606363.0126393,8410190.92246641,2229.0,-1.3111266859184606e-10,2232.0,ASK
751,1712606370.6066592,8410190.92246641,2229.0,-0.0,2232.0,ASK
752,1712606381.2050817,8410204.35590433,2231.0,6.5490439572661e-10,2232.0,BID
753,1712606382.1031115,8410259.90378396,2231.0,2.7080596018777543e-09,2232.0,BID
754,1712606382.9667318,8410259.90378399,2231.0,1.4529171200920234e-18,2232.0,BID
755,1712606382.9745705,8410497.59863799,2231.0,1.1588054053056241e-08,2232.0,BID
756,1712606385.1223328,8410596.05250433,2232.0,4.799804058358133e-09,2232.0,BID
757,1712606385.1283152,8410665.90943799,2232.0,3.405651866651703e-09,2232.0,BID
758,1712606400.8074508,8410665.90943799,2232.0,0.0,2232.0,BID
759,1712606403.4943583,8411113.93811183,2232.0,2.184879489532388e-08,2232.0,BID
760,1712606403.5019977,8411494.22302826,2232.0,1.854516825812313e-08,2232.0,BID
761,1712606403.592466,8411516.61442996,2233.0,1.0919505195572087e-09,2233.0,BID
762,1712606413.5132303,8411519.302602,2232.0,1.3109276924822638e-10,2233.0,BID
763,1712606413.6726427,8411521.6323511,2232.0,1.1361373325762818e-10,2233.0,BID
764,1712606429.7526598,8413240.77322868,2232.0,8.383650115165328e-08,2233.0,BID
765,1712606430.6269698,8413240.77322868,2232.0,0.0,2233.0,BID
766,1712606431.3724256,8414703.49089117,2232.0,7.131164952048718e-08,2233.0,BID
767,1712606431.4990754,8416422.63176875,2232.0,8.381301113827594e-08,2233.0,BID
768,1712606433.883022,8417496.937946,2232.0,-5.237548404202833e-08,2233.0,ASK
769,1712606434.022329,8417659.90179181,2232.0,7.944951342921865e-09,2233.0,BID
770,1712606441.5136468,8418107.93046564,2232.0,2.184267311644015e-08,2233.0,BID
771,1712606449.5431175,8418259.98756125,2231.0,-7.413216225723e-09,2233.0,ASK
772,1712606449.549391,8418707.81559528,2231.0,-2.1832891355036146e-08,2233.0,ASK
773,1712606459.7509797,8418710.50376732,2229.0,-1.3105603857768294e-10,2233.0,ASK
774,1712606460.9480157,8418710.50376732,2229.0,-0.0,2233.0,ASK
775,1712606477.2625475,8418713.19193936,2232.0,1.3097808471983395e-10,2233.0,BID
776,1712606484.8024578,8419905.40868236,2230.0,-5.8089386886032894e-08,2233.0,ASK
777,1712606484.942047,8420694.31129136,2230.0,-3.843837048814739e-08,2233.0,ASK
778,1712606485.4937456,8421063.30278327,2230.0,-1.7978685215647237e-08,2233.0,ASK
779,1712606490.9327676,8421063.30278327,2230.0,-0.0,2233.0,ASK
780,1712606494.4428098,8421139.15690827,2230.0,-3.694960240017543e-09,2233.0,ASK
781,1712606494.4500604,8421928.05951727,2230.0,-3.842854654879252e-08,2233.0,ASK
782,1712606494.4622629,8421928.05951783,2230.0,-2.7310345087416117e-17,2233.0,ASK
783,1712606507.4224489,8421930.30167029,2230.0,1.0921837396979155e-10,2233.0,BID
784,1712606520.6625028,8421930.30167029,2230.0,0.0,2233.0,BID
785,1712606524.0330448,8422145.79232567,2230.0,1.0495861928501056e-08,2233.0,BID
786,1712606525.2325735,8422148.48049771,2230.0,-1.3093227883848943e-10,2233.0,ASK
787,1712606542.892642,8422151.16866975,2232.0,1.3093227883848943e-10,2233.0,BID
788,1712606549.1528382,8422154.77215474,2232.0,1.7551425063476988e-10,2233.0,BID
789,1712606549.2399957,8422209.12526145,2230.0,-2.6473663204561557e-09,2233.0,ASK
790,1712606549.244033,8423075.51280174,2230.0,-4.2198971382076194e-08,2233.0,ASK
791,1712606549.2526908,8423075.51280216,2230.0,-2.041278732752048e-17,2233.0,ASK
792,1712606550.6255467,8423075.51280216,2230.0,-0.0,2233.0,ASK
793,1712606578.4126682,8423145.40303513,2232.0,3.4037067586172382e-09,2233.0,BID
794,1712606580.6154137,8423145.40303513,2232.0,0.0,2233.0,BID
795,1712606588.9950943,8423148.09120717,2230.0,-1.3091499974846028e-10,2233.0,ASK
796,1712606608.00282,8423150.77937921,2232.0,1.3091499965774878e-10,2233.0,BID
797,1712606610.6018689,8423150.77937921,2232.0,0.0,2233.0,BID
798,1712606638.6117198,8423164.18439713,2232.0,6.528290846112284e-10,2233.0,BID
799,1712606640.942306,8423164.18439713,2232.0,0.0,2233.0,BID
800,1712606653.9612544,8423166.87256917,2230.0,-1.3091473251770255e-10,2233.0,ASK
801,1712606654.93147,8423176.87256836,2230.0,-4.870027659599768e-10,2233.0,ASK
1002,1712606654.9395516,8424161.93882598,2230.0,-4.797300309850517e-08,2233.0,ASK
802,1712606654.9395516,8424161.93882598,2230.0,-4.7973003098505174e-08,2233.0,ASK
803,1712606669.4215896,8424204.11382127,2229.0,-2.053934102483665e-09,2233.0,ASK
804,1712606669.427802,8424658.78004229,2229.0,-2.2142372516654364e-08,2233.0,ASK
805,1712606669.434121,8424727.83522398,2229.0,-3.3630067211563003e-09,2233.0,ASK
806,1712606669.4925234,8424727.83522468,2229.0,-3.4107464335430085e-17,2233.0,ASK
807,1712606670.9113188,8424727.83522468,2229.0,-0.0,2233.0,ASK
808,1712606673.0108624,8424730.52580763,2230.0,1.3100990063161988e-10,2233.0,BID
809,1712606700.5962222,8424730.52580763,2230.0,0.0,2233.0,BID
810,1712606721.1393926,8424733.21639058,2228.0,-1.3105189095906422e-10,2233.0,ASK
811,1712606730.589481,8424733.21639058,2228.0,-0.0,2233.0,ASK
812,1712606731.119202,8424747.22853443,2228.0,-6.824979739158744e-10,2233.0,ASK
813,1712606739.1493163,8424775.40911104,2228.0,-1.372608406334685e-09,2233.0,ASK
814,1712606739.1557026,8426466.36941201,2228.0,-8.23626271405906e-08,2233.0,ASK
815,1712606760.9487617,8426466.36941201,2228.0,-0.0,2233.0,ASK
816,1712606771.9131036,8426469.05999496,2230.0,1.3102720874152968e-10,2233.0,BID
817,1712606790.9177685,8426469.05999496,2230.0,0.0,2233.0,BID
818,1712606810.557157,8427469.05999496,2230.0,4.869843186688293e-08,2233.0,BID
819,1712606820.5549204,8427469.05999496,2230.0,0.0,2233.0,BID
820,1712606822.2569845,8427471.75057791,2228.0,-1.3101294277815755e-10,2233.0,ASK
821,1712606830.287279,8427579.43533091,2230.0,-5.243509175104765e-09,2233.0,ASK
822,1712606830.2962627,8427579.43533127,2230.0,-1.7504723323911938e-17,2233.0,ASK
823,1712606838.5226383,8427582.12591422,2230.0,1.3101294277815755e-10,2233.0,BID
824,1712606850.5766842,8427582.12591422,2230.0,0.0,2233.0,BID
825,1712606880.895758,8427582.12591422,2230.0,0.0,2233.0,BID
826,1712606880.9565506,8427584.43533127,2228.0,-1.1245139621210864e-10,2233.0,ASK
827,1712606880.9646337,8427673.02591422,2228.0,-4.313701045268235e-09,2233.0,ASK
828,1712606884.3355403,8427675.71649717,2228.0,-1.3101133434136788e-10,2233.0,ASK
829,1712606903.615189,8427678.40708012,2230.0,1.3101133434136788e-10,2233.0,BID
830,1712606910.9549222,8427678.40708012,2230.0,0.0,2233.0,BID
831,1712606935.734494,8427790.96385577,2228.0,-5.4806187405176106e-09,2233.0,ASK
1031,1712606935.734494,8427790.96385577,2228.0,-5.48061874051761e-09,2233.0,ASK
832,1712606937.8346353,8427974.59715122,2229.0,8.941479307808894e-09,2233.0,BID
833,1712606939.769181,8428621.99715122,2228.0,-3.1523225075725096e-08,2233.0,ASK
834,1712606940.65704,8428621.99715122,2228.0,-0.0,2233.0,ASK
835,1712606945.5046556,8428831.7964816,2228.0,-1.0214511149928712e-08,2233.0,ASK
836,1712606945.525142,8429056.4088816,2228.0,-1.0935715857858225e-08,2233.0,ASK
837,1712606948.4543154,8429079.05493699,2228.0,-1.102569702558617e-09,2233.0,ASK
838,1712606949.4572296,8429081.74551994,2228.0,-1.3099655508642132e-10,2233.0,ASK
839,1712606951.784929,8429259.64551994,2228.0,-8.661426756159768e-09,2233.0,ASK
840,1712606952.0244422,8429405.84551993,2228.0,-7.118047170662099e-09,2233.0,ASK
841,1712606955.2742815,8429554.84851993,2228.0,-7.254516981167121e-09,2233.0,ASK
842,1712606956.8642695,8429843.09051993,2228.0,-1.4033653575224386e-08,2233.0,ASK
843,1712606962.5447946,8430031.00351993,2228.0,-9.148930219406364e-09,2233.0,ASK
844,1712606964.5642078,8430367.20351993,2228.0,-1.6368587270423626e-08,2233.0,ASK
845,1712606964.7941933,8430545.10351993,2228.0,-8.661426756159768e-09,2233.0,ASK
846,1712606966.3360405,8430649.07042511,2228.0,-5.061842238799618e-09,2233.0,ASK
847,1712606966.6540306,8430985.27042511,2228.0,-1.6368587270423626e-08,2233.0,ASK
848,1712606968.0840566,8430987.96221515,2229.0,1.310553247859254e-10,2233.0,BID
849,1712606970.7202682,8430987.96221515,2229.0,0.0,2233.0,BID
850,1712606976.9937243,8431436.64721515,2228.0,-2.183954537740922e-08,2233.0,ASK
851,1712606977.19421,8432261.78134082,2228.0,-4.0163041287333054e-08,2233.0,ASK
852,1712606977.20274,8432392.1120462,2228.0,-6.343789861962003e-09,2233.0,ASK
853,1712606977.413936,8432840.74371959,2228.0,2.1836949728057653e-08,2233.0,BID
854,1712606998.383531,8433466.41822345,2228.0,3.045443176951233e-08,2233.0,BID
855,1712606998.5035236,8433752.04045845,2228.0,-1.3902536884618841e-08,2233.0,ASK
1055,1712606998.5035236,8433752.04045845,2228.0,-1.390253688461884e-08,2233.0,ASK
856,1712606999.4334855,8435043.44263845,2228.0,-6.285843411423742e-08,2233.0,ASK
857,1712606999.456962,8435043.44263942,2228.0,-4.7235649548630207e-17,2233.0,ASK
1057,1712606999.456962,8435043.44263942,2228.0,-4.723564954863021e-17,2233.0,ASK
858,1712607000.731072,8435043.44263942,2228.0,-0.0,2233.0,ASK
859,1712607000.8534014,8435077.15463942,2228.0,-1.6402020455406391e-09,2233.0,ASK
860,1712607001.543749,8435079.45628991,2229.0,1.1198302808770852e-10,2233.0,BID
861,1712607001.7235842,8435081.74131244,2229.0,1.1117402198147816e-10,2233.0,BID
862,1712607004.77354,8435395.75021244,2228.0,-1.5277587805748644e-08,2233.0,ASK
863,1712607004.8331494,8439536.35965355,2228.0,-2.014545584723822e-07,2233.0,ASK
864,1712607009.993681,8439581.26311111,2227.0,-2.184704050356913e-09,2233.0,ASK
865,1712607010.002987,8441013.88244203,2227.0,-6.970174291344655e-08,2233.0,ASK
866,1712607010.7174568,8441464.65391446,2228.0,2.193154636829392e-08,2233.0,BID
867,1712607017.5333612,8441704.90623117,2228.0,1.1689082265082644e-08,2233.0,BID
868,1712607017.5424056,8442464.65391446,2228.0,3.696427694148516e-08,2233.0,BID
869,1712607019.5831227,8442467.3457045,2226.0,-1.309646276624942e-10,2233.0,ASK
870,1712607019.8032277,8442468.16176911,2226.0,-3.9704284658512353e-11,2233.0,ASK
871,1712607019.8100858,8442786.8457045,2226.0,-1.55050439818399e-08,2233.0,ASK
872,1712607024.703053,8442917.3457045,2226.0,-6.349263376457099e-09,2233.0,ASK
873,1712607027.3752642,8443055.6457045,2226.0,-6.728759578304577e-09,2233.0,ASK
874,1712607030.5854287,8443055.6457045,2226.0,-0.0,2233.0,ASK
875,1712607060.9329011,8443055.6457045,2226.0,-0.0,2233.0,ASK
876,1712607067.774585,8443058.33749454,2229.0,1.3085099781897368e-10,2233.0,BID
877,1712607090.932583,8443058.33749454,2229.0,0.0,2233.0,BID
878,1712607114.8337705,8443061.02928458,2225.0,-1.3085095974462864e-10,2233.0,ASK
879,1712607120.571652,8443061.02928458,2225.0,-0.0,2233.0,ASK
880,1712607129.3817554,8443105.9731048,2225.0,-2.184769320582149e-09,2233.0,ASK
881,1712607129.3897152,8443265.9015908,2225.0,-7.774302406765262e-09,2233.0,ASK
882,1712607133.093309,8443268.594589,2228.0,1.3090965165936001e-10,2233.0,BID
1082,1712607133.093309,8443268.594589,2228.0,1.3090965165936e-10,2233.0,BID
883,1712607137.9314766,8443313.53840923,2225.0,-2.1847693210348753e-09,2233.0,ASK
884,1712607150.612003,8443313.53840923,2225.0,-0.0,2233.0,ASK
885,1712607174.8609726,8443317.52671373,2228.0,1.9387064335967766e-10,2233.0,BID
886,1712607178.261102,8443320.21971193,2225.0,-1.3090607629962408e-10,2233.0,ASK
887,1712607180.9106448,8443320.21971193,2225.0,-0.0,2233.0,ASK
888,1712607210.920704,8443320.21971193,2225.0,-0.0,2233.0,ASK
889,1712607213.2007997,8443340.60116178,2227.0,9.907372759592131e-10,2233.0,BID
890,1712607213.2080915,8443565.62366403,2227.0,1.0938288617707498e-08,2233.0,BID
891,1712607231.8403363,8443568.17669993,2228.0,1.2410244862705875e-10,2233.0,BID
892,1712607231.8499374,8443568.31666223,2228.0,6.803533000074807e-12,2233.0,BID
893,1712607240.609914,8443568.31666223,2228.0,0.0,2233.0,BID
894,1712607251.0107129,8443709.25433688,2225.0,-6.850761786048029e-09,2233.0,ASK
895,1712607251.0202866,8444783.56051413,2225.0,-5.2220357146114174e-08,2233.0,ASK
896,1712607264.5198264,8444788.04280907,2228.0,2.1787740546375527e-10,2233.0,BID
897,1712607268.0097544,8447051.19364876,2225.0,-1.100082524208874e-07,2233.0,ASK
898,1712607270.6448576,8447051.19364876,2225.0,-0.0,2233.0,ASK
899,1712607280.5897737,8447053.88664696,2225.0,-1.3085317529746518e-10,2233.0,ASK
900,1712607284.9298563,8447368.75123713,2225.0,-1.529931635395845e-08,2233.0,ASK
901,1712607284.9392557,8449762.77517915,2225.0,-1.1632597247010885e-07,2233.0,ASK
902,1712607285.08963,8450081.51931113,2225.0,1.548782385630029e-08,2233.0,BID
903,1712607285.0969958,8450350.64365955,2225.0,1.3076791336933793e-08,2233.0,BID
904,1712607300.6228707,8450350.64365955,2225.0,0.0,2233.0,BID
905,1712607320.0894616,8450380.84192744,2225.0,-1.4711969506882003e-09,2233.0,ASK
906,1712607320.0939925,8450385.64192744,2225.0,-2.3384604002287156e-10,2233.0,ASK
1106,1712607320.0939925,8450385.64192744,2225.0,-2.338460400228716e-10,2233.0,ASK
907,1712607330.5794094,8450385.64192744,2225.0,-0.0,2233.0,ASK
908,1712607332.4293718,8450388.33492564,2228.0,1.3119678668406362e-10,2233.0,BID
909,1712607358.1594849,8450397.31158632,2227.0,4.3732262282467526e-10,2233.0,BID
910,1712607360.9324265,8450397.31158632,2227.0,0.0,2233.0,BID
911,1712607376.5886564,8450400.00458452,2224.0,-1.311966204690205e-10,2233.0,ASK
912,1712607387.6188457,8450407.58532652,2224.0,-3.693161516761368e-10,2233.0,ASK
913,1712607387.6317625,8452663.15542422,2224.0,-1.09886138870012e-07,2233.0,ASK
914,1712607390.928571,8452663.15542422,2224.0,-0.0,2233.0,ASK
915,1712607420.5786457,8452663.15542422,2224.0,-0.0,2233.0,ASK
916,1712607429.0882092,8452665.850842,2226.0,1.3128226708414247e-10,2233.0,BID
917,1712607436.028598,8452687.93754167,2226.0,1.075748637527255e-09,2233.0,BID
918,1712607436.036434,8452733.24212389,2226.0,2.206592353331892e-09,2233.0,BID
919,1712607436.0477154,8453730.46338735,2224.0,-4.8570380889363074e-08,2233.0,ASK
920,1712607436.1680226,8453864.81754335,2224.0,6.543816071851866e-09,2233.0,BID
921,1712607436.1882167,8453864.81754373,2224.0,1.8507180989501218e-17,2233.0,BID
922,1712607450.5679195,8453864.81754373,2224.0,0.0,2233.0,BID
923,1712607476.6780198,8453867.51296151,2223.0,-1.3126517994132507e-10,2233.0,ASK
924,1712607480.9300992,8453867.51296151,2223.0,-0.0,2233.0,ASK
925,1712607486.5678637,8453870.66334422,2223.0,-1.5342164598048508e-10,2233.0,ASK
926,1712607494.7379558,8453873.35997343,2225.0,1.3132413755559268e-10,2233.0,BID
927,1712607510.9187074,8453873.35997343,2225.0,0.0,2233.0,BID
928,1712607512.1174903,8453877.84986331,2225.0,2.1865465974819887e-10,2233.0,BID
929,1712607515.0493414,8453922.83411882,2224.0,-2.190703413315285e-09,2233.0,ASK
930,1712607515.058679,8453970.2655338,2223.0,-2.309878456603841e-09,2233.0,ASK
931,1712607515.0645092,8456614.2655338,2222.0,-1.287610467033039e-07,2233.0,ASK
932,1712607515.0687869,8456991.31911326,2221.0,-1.836225928691519e-08,2233.0,ASK
933,1712607515.0731246,8461426.91545818,2222.0,-2.160106006525084e-07,2233.0,ASK
934,1712607515.0774553,8461470.69296605,2223.0,-2.131935603382143e-09,2233.0,ASK
1134,1712607515.0774553,8461470.69296605,2223.0,-2.1319356033821432e-09,2233.0,ASK
935,1712607515.081758,8461695.91819127,2220.0,-1.0968319116297429e-08,2233.0,ASK
936,1712607515.0860715,8465466.50749353,2221.0,-1.8362519865623802e-07,2233.0,ASK
937,1712607515.0904045,8465726.17419353,2220.0,-1.2645596099086802e-08,2233.0,ASK
938,1712607515.0947237,8465737.18387385,2221.0,-5.36164130884037e-10,2233.0,ASK
939,1712607515.0992267,8467408.18387385,2220.0,-8.137659192179304e-08,2233.0,ASK
940,1712607515.103526,8467453.20863747,2221.0,-2.192676131323435e-09,2233.0,ASK
941,1712607515.1078749,8467593.74917747,2220.0,-6.844231102383553e-09,2233.0,ASK
942,1712607515.112215,8468494.24444986,2221.0,-4.3853522626378e-08,2233.0,ASK
943,1712607515.116565,8474372.28455078,2220.0,-2.862566550524111e-07,2233.0,ASK
944,1712607515.1271024,8477433.88455078,2220.0,1.4909788978320242e-07,2233.0,BID
945,1712607515.1930804,8479462.57605439,2220.0,9.879593095422936e-08,2233.0,BID
1146,1712607515.1992946,8480294.07605439,2225.0,4.049349861338773e-08,2233.0,BID
946,1712607515.1992946,8480294.07605439,2225.0,4.0493498613387734e-08,2233.0,BID
947,1712607515.2035308,8484571.75626653,2225.0,2.0832018970392138e-07,2233.0,BID
948,1712607515.2340343,8484639.14754842,2225.0,3.281910739335029e-09,2233.0,BID
949,1712607515.2424064,8484786.44030506,2225.0,7.173059575153881e-09,2233.0,BID
950,1712607515.2492666,8485035.79436577,2226.0,1.2143377404187356e-08,2233.0,BID
951,1712607515.2535715,8485328.68326653,2225.0,1.4263495245729938e-08,2233.0,BID
952,1712607540.5923662,8485328.68326653,2225.0,0.0,2233.0,BID
953,1712607541.0171044,8485331.37989574,2222.0,-1.3087879486278963e-10,2233.0,ASK
954,1712607544.7561357,8485556.09899686,2224.0,1.0906566254808032e-08,2233.0,BID
955,1712607570.633887,8485556.09899686,2224.0,0.0,2233.0,BID
956,1712607590.607325,8485558.79683858,2224.0,1.3093442900855646e-10,2233.0,BID
957,1712607600.618357,8485558.79683858,2224.0,0.0,2233.0,BID
958,1712607630.5462785,8485558.79683858,2224.0,0.0,2233.0,BID
959,1712607636.2266705,8485561.4946803,2222.0,-1.3106422661247612e-10,2233.0,ASK
960,1712607642.086842,8485626.52182179,2222.0,-3.1590926713137462e-09,2233.0,ASK
961,1712607642.0967112,8487325.78781677,2222.0,-8.255227937795309e-08,2233.0,ASK
962,1712607656.8964736,8487328.48444598,2225.0,1.3100532143542475e-10,2233.0,BID
963,1712607660.6218004,8487328.48444598,2225.0,0.0,2233.0,BID
964,1712607690.625851,8487328.48444598,2225.0,0.0,2233.0,BID
965,1712607703.7061083,8487331.18107519,2222.0,-1.3098029982600343e-10,2233.0,ASK
966,1712607720.9259677,8487331.18107519,2222.0,-0.0,2233.0,ASK
967,1712607721.5858457,8487333.8777044,2225.0,1.3098026179621248e-10,2233.0,BID
968,1712607750.909309,8487333.8777044,2225.0,0.0,2233.0,BID
969,1712607769.5956092,8487336.57433361,2222.0,-1.3098022353403212e-10,2233.0,ASK
970,1712607778.6659825,8487754.38007512,2222.0,-2.0293590689092528e-08,2233.0,ASK
971,1712607778.6766417,8489279.76009311,2222.0,-7.40905034444495e-08,2233.0,ASK
972,1712607778.682829,8490279.76009311,2222.0,-4.8571832966624886e-08,2233.0,ASK
973,1712607779.9254994,8491541.6640085,2222.0,6.12929861982711e-08,2233.0,BID
974,1712607780.5869138,8491541.6640085,2222.0,0.0,2233.0,BID
975,1712607781.7769272,8496964.63964625,2222.0,2.632843010002304e-07,2233.0,BID
976,1712607782.4666994,8496967.33991627,2222.0,1.3109752875145648e-10,2233.0,BID
977,1712607782.4751844,8499452.51928427,2222.0,1.206549238778416e-07,2233.0,BID
978,1712607782.595554,8499546.4035994,2222.0,4.558063309680265e-09,2233.0,BID
979,1712607782.6955438,8500176.4035994,2222.0,3.058636451830771e-08,2233.0,BID
980,1712607782.8004355,8501535.6065654,2222.0,6.598901170223983e-08,2233.0,BID
981,1712607782.8957143,8502066.97176987,2222.0,2.5797666406780373e-08,2233.0,BID
982,1712607782.9042056,8505401.79251387,2222.0,1.6190482996699937e-07,2233.0,BID
983,1712607810.614288,8505401.79251387,2222.0,0.0,2233.0,BID
984,1712607821.005793,8506767.29091987,2221.0,6.619567833408213e-08,2233.0,BID
985,1712607821.015784,8506767.29092078,2221.0,4.406445338956174e-17,2233.0,BID
986,1712607833.105139,8506769.9911908,2220.0,-1.3090180476369795e-10,2233.0,ASK
987,1712607840.895646,8506769.9911908,2220.0,-0.0,2233.0,ASK
988,1712607852.155285,8507619.40839542,2221.0,-4.1171389174960274e-08,2233.0,ASK
989,1712607870.9052567,8507619.40839542,2221.0,-0.0,2233.0,ASK
990,1712607880.8354087,8507650.74805497,2221.0,-1.5188994722053211e-09,2233.0,ASK
991,1712607884.2650473,8507653.44589669,2224.0,1.3075286791650195e-10,2233.0,BID
992,1712607900.6096,8507653.44589669,2224.0,0.0,2233.0,BID
993,1712607929.044707,8507656.14373841,2221.0,-1.3075511240778796e-10,2233.0,ASK
994,1712607930.6294212,8507656.14373841,2221.0,-0.0,2233.0,ASK
995,1712607948.0347302,8507658.84158013,2224.0,1.3075507452586134e-10,2233.0,BID
996,1712607960.8945177,8507658.84158013,2224.0,0.0,2233.0,BID
997,1712607972.3745725,8507741.64553696,2223.0,4.0132207589586904e-09,2233.0,BID
1197,1712607972.3745725,8507741.64553696,2223.0,4.01322075895869e-09,2233.0,BID
998,1712607990.9146369,8507741.64553696,2223.0,0.0,2233.0,BID
999,1712607991.8057756,8507744.34337868,2222.0,-1.3075386999615491e-10,2233.0,ASK
1000,1712607999.187635,8507757.83865533,2223.0,6.540634445676755e-10,2233.0,BID
1201,1712608020.5938227,8507757.83865533,2223.0,0.0,2233.0,BID
1202,1712608039.3843882,8507760.53771066,2223.0,1.3081246065465988e-10,2233.0,BID
1203,1712608050.606606,8507760.53771066,2223.0,0.0,2233.0,BID
1204,1712608080.9691024,8507760.53771066,2223.0,0.0,2233.0,BID
1205,1712608090.5839193,8507763.23676599,2222.0,-1.3081242270519254e-10,2233.0,ASK
1206,1712608101.303871,8508085.53974887,2222.0,-1.562073720907597e-08,2233.0,ASK
1207,1712608105.8936636,8508117.38688262,2222.0,-1.543503267414897e-09,2233.0,ASK
1208,1712608106.1939564,8508207.88487344,2222.0,-4.38607585920011e-09,2233.0,ASK
1209,1712608106.2047298,8508514.83895649,2222.0,-1.4876837389866577e-08,2233.0,ASK
1210,1712608106.207204,8508528.34030662,2222.0,-6.543564705755368e-10,2233.0,ASK
1211,1712608110.9342074,8508528.34030662,2222.0,-0.0,2233.0,ASK
1212,1712608133.1535892,8508707.03908138,2223.0,8.660099216669712e-09,2233.0,BID
1213,1712608140.6221397,8508707.03908138,2223.0,0.0,2233.0,BID
1214,1712608143.793783,8508709.73813671,2223.0,1.3079908920649862e-10,2233.0,BID
1215,1712608156.2534208,8510305.49612141,2223.0,7.733212750725569e-08,2233.0,BID
1216,1712608170.6153605,8510305.49612141,2223.0,0.0,2233.0,BID
1217,1712608174.5735154,8511156.14597464,2223.0,4.12162982933018e-08,2233.0,BID
1218,1712608174.5768957,8511502.11510476,2223.0,1.6763145039212807e-08,2233.0,BID
1219,1712608181.6436267,8511502.11510541,2222.0,-3.149732747268405e-17,2233.0,ASK
1220,1712608181.6466174,8513035.11510476,2222.0,-7.427801817276041e-08,2233.0,ASK
1221,1712608190.8983052,8514167.79486676,2222.0,-5.488141420837999e-08,2233.0,ASK
1222,1712608193.1036837,8514167.79486678,2222.0,-9.927524418324484e-19,2233.0,ASK
1223,1712608193.1058953,8514170.49392209,2221.0,-1.3077656847725969e-10,2233.0,ASK
1224,1712608200.99342,8514170.49392209,2221.0,-0.0,2233.0,ASK
1225,1712608210.0234368,8514173.19297742,2223.0,1.3078053783604978e-10,2233.0,BID
1226,1712608230.933396,8514173.19297742,2223.0,0.0,2233.0,BID
1227,1712608244.9631882,8514255.98828691,2223.0,4.011778432778904e-09,2233.0,BID
1228,1712608253.1533427,8514258.68734224,2221.0,-1.3078049981487118e-10,2233.0,ASK
1229,1712608260.6157515,8514258.68734224,2221.0,-0.0,2233.0,ASK
1230,1712608267.1831117,8514261.38761226,2222.0,1.3083815188940384e-10,2233.0,BID
1231,1712608267.2629924,8515794.38761226,2221.0,-7.427956658473199e-08,2233.0,ASK
1232,1712608275.0173984,8516212.9391181,2221.0,-2.028038124405833e-08,2233.0,ASK
1233,1712608275.0190456,8516304.73301628,2221.0,-4.447756667934026e-09,2233.0,ASK
1234,1712608284.4030402,8516389.30410639,2221.0,-4.097784682937274e-09,2233.0,ASK
1235,1712608288.552652,8516443.40445755,2221.0,-2.621363754909152e-09,2233.0,ASK
1236,1712608290.6438725,8516443.40445755,2221.0,-0.0,2233.0,ASK
1237,1712608291.763135,8516495.34526809,2221.0,-2.516134390313972e-09,2233.0,ASK
1238,1712608317.4151478,8516498.04553811,2221.0,-1.3080739775391092e-10,2233.0,ASK
1239,1712608320.9025495,8516498.04553811,2221.0,-0.0,2233.0,ASK
1240,1712608324.1623917,8516979.09967078,2221.0,-2.3303250729986752e-08,2233.0,ASK
1241,1712608327.7528589,8517206.57919762,2221.0,-1.1019575739693353e-08,2233.0,ASK
1242,1712608337.7831788,8517209.27946764,2222.0,1.3080662876035275e-10,2233.0,BID
1243,1712608350.9326005,8517209.27946764,2222.0,0.0,2233.0,BID
1244,1712608380.5878818,8517209.27946764,2222.0,0.0,2233.0,BID
1245,1712608381.4527092,8517934.47065236,2221.0,-3.5127063240517584e-08,2233.0,ASK
1246,1712608381.4654107,8518729.0156771,2221.0,-3.8486448704200735e-08,2233.0,ASK
1247,1712608383.8225927,8518731.71594712,2220.0,-1.3079661989696412e-10,2233.0,ASK
1248,1712608408.5327652,8518775.47692019,2221.0,2.1197092585778043e-09,2233.0,BID
1249,1712608408.5365326,8518776.74071073,2221.0,6.121592646281015e-11,2233.0,BID
1250,1712608410.6065865,8518776.74071073,2221.0,0.0,2233.0,BID
1251,1712608439.7023692,8518779.44219654,2221.0,1.3083344840095443e-10,2233.0,BID
1252,1712608440.631297,8518779.44219654,2221.0,0.0,2233.0,BID
1253,1712608441.3021686,8519679.93746893,2221.0,4.3611136897160353e-08,2233.0,BID
1254,1712608457.3424122,8520609.93746893,2221.0,4.5040055798152905e-08,2233.0,BID
1255,1712608457.3461094,8521225.97973766,2221.0,2.9835030277044564e-08,2233.0,BID
1256,1712608457.4622393,8522797.97973766,2221.0,-7.613222334913587e-08,2233.0,ASK
1257,1712608457.4819934,8524330.97973766,2221.0,-7.424344681566495e-08,2233.0,ASK
1258,1712608465.1937497,8524747.75025321,2221.0,-2.0184265887520115e-08,2233.0,ASK
1259,1712608470.631077,8524747.75025321,2221.0,-0.0,2233.0,ASK
1260,1712608489.292245,8524750.45173902,2220.0,-1.3074947294545898e-10,2233.0,ASK
1261,1712608500.6556616,8524750.45173902,2220.0,-0.0,2233.0,ASK
1262,1712608508.0223982,8524753.15322483,2221.0,1.3075619587047874e-10,2233.0,BID
1263,1712608508.1022215,8524757.65772933,2220.0,-2.1802515887625807e-10,2233.0,ASK
1264,1712608508.1051872,8525781.19204112,2220.0,-4.9540683319431134e-08,2233.0,ASK
1265,1712608514.1621048,8526445.10517157,2219.0,-3.2134448028189275e-08,2233.0,ASK
1266,1712608514.1640944,8526453.03480061,2219.0,-3.838066164832336e-10,2233.0,ASK
1267,1712608514.1664815,8526498.10014535,2219.0,-2.1812341283667194e-09,2233.0,ASK
1268,1712608514.2018795,8527966.05483493,2219.0,-7.105133415275573e-08,2233.0,ASK
1269,1712608520.5025034,8528031.10014493,2219.0,3.1482961215893383e-09,2233.0,BID
1270,1712608530.6136732,8528031.10014493,2219.0,0.0,2233.0,BID
1271,1712608556.7324004,8528033.35487892,2218.0,-1.0909425452064788e-10,2233.0,ASK
1272,1712608556.7363172,8528033.80163074,2218.0,-2.161587885211505e-11,2233.0,ASK
1273,1712608556.7514677,8528043.12998894,2218.0,-4.5134826938851815e-10,2233.0,ASK
1274,1712608560.9135509,8528043.12998894,2218.0,-0.0,2233.0,ASK
1275,1712608569.611951,8528043.12998936,2219.0,2.02776979879168e-17,2233.0,BID
1276,1712608569.6217327,8528045.83390962,2219.0,1.3082775425828563e-10,2233.0,BID
1277,1712608580.7323017,8528050.34044409,2219.0,2.1804629113363439e-10,2233.0,BID
1278,1712608590.9122145,8528050.34044409,2219.0,0.0,2233.0,BID
1279,1712608611.6815424,8528275.66716783,2219.0,1.0902306127639528e-08,2233.0,BID
1280,1712608620.5735395,8528275.66716783,2219.0,0.0,2233.0,BID
1281,1712608623.6315677,8528278.37108851,2218.0,-1.3082450841072512e-10,2233.0,ASK
1282,1712608634.1413586,8528287.38415745,2219.0,4.3608169488265875e-10,2233.0,BID
1283,1712608636.9715931,8528290.08807811,2219.0,1.308245073292749e-10,2233.0,BID
1284,1712608636.9756527,8528290.08807813,2219.0,9.913293739403433e-19,2233.0,BID
1285,1712608641.3719478,8528324.76570215,2219.0,1.677816641291399e-09,2233.0,BID
1286,1712608641.3761077,8529771.51134513,2219.0,6.999827652709817e-08,2233.0,BID
1287,1712608641.4247594,8530721.30979216,2219.0,4.59543491026569e-08,2233.0,BID
1288,1712608650.5919511,8530721.30979216,2219.0,0.0,2233.0,BID
1289,1712608662.4618096,8531171.96323965,2219.0,-2.17983611691176e-08,2233.0,ASK
1290,1712608662.5816522,8532616.7725715,2219.0,6.988624143807801e-08,2233.0,BID
1291,1712608664.8515832,8538456.8598685,2219.0,2.824883130666697e-07,2233.0,BID
1292,1712608664.9147408,8538576.1086845,2219.0,5.768132418915421e-09,2233.0,BID
1293,1712608664.9180174,8538576.10868514,2219.0,3.090333800441609e-17,2233.0,BID
1294,1712608680.9418335,8538576.10868514,2219.0,0.0,2233.0,BID
1295,1712608693.192121,8538578.81260582,2219.0,-1.3067999193750028e-10,2233.0,ASK
1296,1712608706.012008,8538581.51044754,2224.0,1.3038619680451202e-10,2233.0,BID
1297,1712608710.953538,8538581.51044754,2224.0,0.0,2233.0,BID
1298,1712608730.4073198,8538583.26404467,2224.0,8.475097943709852e-11,2233.0,BID
1299,1712608730.4116518,8538657.00110005,2225.0,3.563696332403242e-09,2233.0,BID
1300,1712608730.4150844,8541301.00110005,2224.0,1.2778396227418337e-07,2233.0,BID
1301,1712608730.418394,8541330.62823448,2225.0,1.4318731574147756e-09,2233.0,BID
1302,1712608730.4210715,8541680.04208792,2223.0,1.6887097831357572e-08,2233.0,BID
1303,1712608730.4230292,8543218.04208792,2225.0,7.433121557401438e-08,2233.0,BID
1304,1712608730.424991,8544835.04208792,2226.0,7.814926890974074e-08,2233.0,BID
1305,1712608730.4269283,8545455.54203909,2225.0,2.998863175171584e-08,2233.0,BID
1306,1712608730.4288874,8547912.79688639,2226.0,1.1875860843621369e-07,2233.0,BID
1307,1712608740.577737,8547912.79688639,2226.0,0.0,2233.0,BID
1308,1712608741.602481,8547957.72051621,2225.0,2.1689730671191864e-09,2233.0,BID
1309,1712608760.7025902,8547960.41835793,2221.0,-1.3025541459613048e-10,2233.0,ASK
1310,1712608770.5921223,8547960.41835793,2221.0,-0.0,2233.0,ASK
1311,1712608778.142646,8547963.11498714,2225.0,1.3019620712158688e-10,2233.0,BID
1312,1712608800.68352,8547963.11498714,2225.0,0.0,2233.0,BID
1313,1712608825.6130695,8547965.81161635,2222.0,-1.3031404154646704e-10,2233.0,ASK
1314,1712608830.5956905,8547965.81161635,2222.0,-0.0,2233.0,ASK
1315,1712608843.1931057,8547968.50824556,2225.0,1.3031400381303068e-10,2233.0,BID
1316,1712608852.7830913,8548246.38368986,2225.0,1.3428268736874844e-08,2233.0,BID
1317,1712608860.9033885,8548246.38368986,2225.0,0.0,2233.0,BID
1318,1712608890.9000664,8548246.38368986,2225.0,0.0,2233.0,BID
1319,1712608895.555677,8548249.08031907,2222.0,-1.3031007263874916e-10,2233.0,ASK
1320,1712608920.6167235,8548249.08031907,2222.0,-0.0,2233.0,ASK
1321,1712608923.436219,8548288.6915611,2222.0,-1.914146117516674e-09,2233.0,ASK
1322,1712608923.4382155,8548568.75744284,2222.0,-1.3533708934917086e-08,2233.0,ASK
1323,1712608938.2839808,8548571.45165029,2227.0,1.3019300750625049e-10,2233.0,BID
1324,1712608950.6011877,8548571.45165029,2227.0,0.0,2233.0,BID
1325,1712608960.1237051,8548738.49385954,2227.0,8.071752168413258e-09,2233.0,BID
1326,1712608977.0582955,8549046.92608258,2226.0,1.4903948386978304e-08,2233.0,BID
1327,1712608980.9239402,8549046.92608258,2226.0,0.0,2233.0,BID
1328,1712608988.5941913,8549049.62029003,2223.0,-1.3018184196255454e-10,2233.0,ASK
1329,1712609000.9541366,8549325.69151623,2223.0,-1.3339529862329946e-08,2233.0,ASK
1330,1712609000.9564257,8549327.49573433,2223.0,-8.71783038004241e-11,2233.0,ASK
1331,1712609003.5441792,8549330.19236354,2225.0,1.3029885932747336e-10,2233.0,BID
1332,1712609010.9350903,8549330.19236354,2225.0,0.0,2233.0,BID
1333,1712609012.5150945,8549375.13618376,2225.0,2.1715815840025223e-09,2233.0,BID
1334,1712609040.615523,8549375.13618376,2225.0,0.0,2233.0,BID
1335,1712609057.354558,8549377.83281297,2223.0,-1.3029426539835702e-10,2233.0,ASK
1336,1712609070.601123,8549377.83281297,2223.0,-0.0,2233.0,ASK
1337,1712609071.3885682,8549727.24666597,2225.0,1.6882783854417318e-08,2233.0,BID
1338,1712609071.3921633,8549727.24666641,2225.0,2.1239587105553522e-17,2233.0,BID
1339,1712609075.858443,8549729.94087386,2227.0,1.3017721436411714e-10,2233.0,BID
1340,1712609100.640291,8549729.94087386,2227.0,0.0,2233.0,BID
1341,1712609104.0944,8550172.86624548,2227.0,2.1626945031452472e-08,2233.0,BID
1342,1712609127.099444,8550175.56045293,2224.0,-1.3155145350867995e-10,2233.0,ASK
1343,1712609130.6255865,8550175.56045293,2224.0,-0.0,2233.0,ASK
1344,1712609133.8245003,8550183.54787996,2227.0,3.89987312447813e-10,2233.0,BID
1345,1712609141.244628,8550638.97791784,2223.0,-2.2236439321351293e-08,2233.0,ASK
1346,1712609143.214732,8550640.23021093,2227.0,6.114339630451224e-11,2233.0,BID
1347,1712609143.2183163,8550641.67212529,2227.0,7.040168299418913e-11,2233.0,BID
1348,1712609160.6247995,8550641.67212529,2227.0,0.0,2233.0,BID
1349,1712609183.8548176,8550644.36633274,2224.0,-1.3153842445860634e-10,2233.0,ASK
1350,1712609190.582526,8550644.36633274,2224.0,-0.0,2233.0,ASK
1351,1712609200.294687,8550647.06054019,2227.0,1.3153838597817544e-10,2233.0,BID
1352,1712609220.9353397,8550647.06054019,2227.0,0.0,2233.0,BID
1353,1712609222.2447653,8550709.58547086,2227.0,3.0526328080144435e-09,2233.0,BID
1354,1712609224.1548688,8550747.06054019,2227.0,-1.8296321945395875e-09,2233.0,ASK
1355,1712609225.1753252,8550753.44054019,2225.0,-3.1148850720296047e-10,2233.0,ASK
1356,1712609250.92559,8550753.44054019,2225.0,-0.0,2233.0,ASK
1357,1712609251.5947998,8550756.13474764,2226.0,-1.3153682601760518e-10,2233.0,ASK
1358,1712609268.035298,8550758.55556764,2227.0,1.181894807449783e-10,2233.0,BID
1359,1712609268.039399,8550758.82870979,2229.0,1.333536934555942e-11,2233.0,BID
1360,1712609278.2850916,8551538.67688248,2225.0,-3.8073814051610354e-08,2233.0,ASK
1361,1712609280.5980566,8551538.67688248,2225.0,-0.0,2233.0,ASK
1362,1712609310.606343,8551538.67688248,2225.0,-0.0,2233.0,ASK
1363,1712609320.0751886,8551541.37084463,2225.0,-1.3151363198170772e-10,2233.0,ASK
1364,1712609320.4850492,8551681.8427007,2225.0,-6.857543998789366e-09,2233.0,ASK
1365,1712609335.6950915,8551684.53811848,2226.0,1.3158469277544302e-10,2233.0,BID
1366,1712609340.9155266,8551684.53811848,2226.0,0.0,2233.0,BID
1367,1712609347.0854716,8552102.78491391,2225.0,-2.0417615609006893e-08,2233.0,ASK
1368,1712609361.8449554,8552107.27929593,2225.0,2.19402911124841e-10,2233.0,BID
1369,1712609370.9255831,8552107.27929593,2225.0,0.0,2233.0,BID
1370,1712609378.7850542,8552152.22311615,2225.0,2.193928372745177e-09,2233.0,BID
1371,1712609389.3458683,8552154.91853393,2224.0,-1.3157656638901515e-10,2233.0,ASK
1372,1712609400.62499,8552154.91853393,2224.0,-0.0,2233.0,ASK
1373,1712609403.4960248,8552157.61516314,2225.0,1.3186114806361168e-10,2233.0,BID
1374,1712609406.8851404,8552491.44132089,2224.0,-1.6323601428218062e-08,2233.0,ASK
1375,1712609414.5521097,8552729.90208488,2224.0,-1.1660375849077776e-08,2233.0,ASK
1376,1712609430.5239687,8553628.77848937,2225.0,4.395371608684264e-08,2233.0,BID
1377,1712609430.6080472,8553628.77848937,2225.0,0.0,2233.0,BID
1378,1712609455.9755154,8553631.47511858,2224.0,-1.3184001057992418e-10,2233.0,ASK
1379,1712609460.91177,8553631.47511858,2224.0,-0.0,2233.0,ASK
1380,1712609468.5324323,8556626.16376793,2224.0,-1.4641229356462568e-07,2233.0,ASK
1381,1712609468.5352092,8556630.6601708,2224.0,-2.1983208738034382e-10,2233.0,ASK
1382,1712609468.8256102,8556633.35680001,2225.0,1.318399720139041e-10,2233.0,BID
1383,1712609471.8550787,8557127.73882248,2225.0,2.4170661555309817e-08,2233.0,BID
1384,1712609486.5252173,8557578.18927293,2223.0,-2.202281816573072e-08,2233.0,ASK
1385,1712609490.9256847,8557578.18927293,2223.0,-0.0,2233.0,ASK
1386,1712609507.8153706,8558501.57295628,2225.0,4.512546919397924e-08,2233.0,BID
1387,1712609507.8184972,8558578.18927293,2225.0,3.7442152152891435e-09,2233.0,BID
1388,1712609508.5588655,8560144.18927293,2224.0,-7.65299257849143e-08,2233.0,ASK
1389,1712609508.565441,8560153.18207868,2224.0,-4.3947557891617985e-10,2233.0,ASK
1390,1712609508.568735,8560392.63365079,2223.0,-1.1701922760361705e-08,2233.0,ASK
1391,1712609508.5718057,8566502.23507581,2223.0,-2.9857429350714495e-07,2233.0,ASK
1392,1712609512.3557756,8566831.62125081,2225.0,1.609699842098585e-08,2233.0,BID
1393,1712609512.3753607,8566831.62125157,2225.0,3.713896728862357e-17,2233.0,BID
1394,1712609513.7157085,8568364.62125157,2226.0,7.491722619940845e-08,2233.0,BID
1395,1712609514.5450275,8569731.84999857,2226.0,6.681603738112329e-08,2233.0,BID
1396,1712609514.6270723,8569790.9842345,2226.0,2.8898714477585756e-09,2233.0,BID
1397,1712609514.6305993,8571323.9842345,2226.0,7.491722619940845e-08,2233.0,BID
1398,1712609520.6018004,8571323.9842345,2226.0,0.0,2233.0,BID
1399,1712609521.448588,8571326.68086371,2225.0,-1.315868051551849e-10,2233.0,ASK
1400,1712609535.5014577,8571327.07265375,2229.0,1.911808989284512e-11,2233.0,BID
1401,1712609535.5047529,8571329.37265375,2229.0,1.1223257943474348e-10,2233.0,BID
1402,1712609546.4954534,8571374.13729479,2229.0,2.1843700563730908e-09,2233.0,BID
1403,1712609550.6115985,8571374.13729479,2229.0,0.0,2233.0,BID
1404,1712609554.9455774,8571424.19672635,2229.0,-2.442725427071254e-09,2233.0,ASK
1405,1712609554.9495566,8571828.0637587,2229.0,-1.9707300668923675e-08,2233.0,ASK
1406,1712609580.8960876,8571828.0637587,2229.0,-0.0,2233.0,ASK
1407,1712609590.4552436,8571830.75554874,2228.0,-1.3134346813304378e-10,2233.0,ASK
1408,1712609601.2353303,8571835.23985368,2230.0,2.1880761654849727e-10,2233.0,BID
1409,1712609601.245304,8572777.84075055,2230.0,4.599336092109553e-08,2233.0,BID
1410,1712609601.2492852,8573363.75554874,2230.0,2.8589184321359213e-08,2233.0,BID
1411,1712609601.3252783,8573401.23061807,2230.0,1.8285622207724278e-09,2233.0,BID
1412,1712609602.8752778,8573403.92120102,2230.0,1.3128456922018682e-10,2233.0,BID
1413,1712609610.895377,8573403.92120102,2230.0,0.0,2233.0,BID
1414,1712609640.5845256,8573403.92120102,2230.0,0.0,2233.0,BID
1415,1712609658.4352918,8573406.61178397,2229.0,-1.3126206170022988e-10,2233.0,ASK
1416,1712609670.3363736,8574349.63556145,2229.0,-4.6006106327083793e-08,2233.0,ASK
1417,1712609670.6257076,8574349.63556145,2229.0,-0.0,2233.0,ASK
1418,1712609676.5801165,8574352.3261444,2230.0,1.3124856407242027e-10,2233.0,BID
1419,1712609700.9106903,8574352.3261444,2230.0,0.0,2233.0,BID
1420,1712609718.427025,8574355.01672735,2229.0,-1.3160640626377123e-10,2233.0,ASK
1421,1712609723.245707,8574441.76398376,2230.0,4.243130531539472e-09,2233.0,BID
1422,1712609723.250559,8574803.22311742,2230.0,1.7680308858420014e-08,2233.0,BID
1423,1712609723.3256545,8575393.36488063,2230.0,2.88660257057245e-08,2233.0,BID
1424,1712609723.3306668,8575438.20792996,2230.0,2.193440111077506e-09,2233.0,BID
1425,1712609730.9386744,8575438.20792996,2230.0,0.0,2233.0,BID
1426,1712609738.618052,8575440.89730692,2231.0,1.3153183739905282e-10,2233.0,BID
1427,1712609756.6254692,8575467.22720783,2229.0,-1.2877407285862663e-09,2233.0,ASK
1428,1712609760.5964017,8575467.22720783,2229.0,-0.0,2233.0,ASK
1429,1712609760.8752484,8575490.92411865,2229.0,-1.158962988929937e-09,2233.0,ASK
1430,1712609772.6838794,8575507.15972021,2231.0,7.940470154979581e-10,2233.0,BID
1431,1712609772.6886866,8575547.6259673,2231.0,1.979113777125965e-09,2233.0,BID
1432,1712609785.5252316,8575550.31534426,2230.0,-1.3153142125709944e-10,2233.0,ASK
1433,1712609790.6092029,8575550.31534426,2230.0,-0.0,2233.0,ASK
1434,1712609790.9653633,8575998.54483776,2231.0,2.192170486567652e-08,2233.0,BID
1435,1712609796.5461097,8576043.36778711,2231.0,2.192170486558542e-09,2233.0,BID
1436,1712609799.975962,8576052.33237698,2231.0,4.3843409729348894e-10,2233.0,BID
1437,1712609800.035691,8576054.776976,2232.0,1.1955879529413928e-10,2233.0,BID
1438,1712609800.0401392,8576055.02065819,2231.0,1.1917843657849014e-11,2233.0,BID
1439,1712609803.2258418,8576071.50103769,2232.0,8.06011252587447e-10,2233.0,BID
1440,1712609803.2304072,8576076.52905152,2232.0,2.4590669918248997e-10,2233.0,BID
1441,1712609803.2338753,8576951.07800586,2232.0,4.277184867486289e-08,2233.0,BID
1442,1712609808.545236,8580630.59100995,2231.0,1.7995513301708717e-07,2233.0,BID
1443,1712609815.166659,8580927.99100994,2231.0,-1.4545038024825332e-08,2233.0,ASK
1444,1712609816.189708,8580970.22370994,2231.0,-2.0654883235858164e-09,2233.0,ASK
1445,1712609820.739113,8581125.73895869,2231.0,-7.60583458837403e-09,2233.0,ASK
1446,1712609820.930403,8581125.73895869,2231.0,-0.0,2233.0,ASK
1447,1712609823.9156935,8581143.40497652,2231.0,-8.6347232126455e-10,2233.0,ASK
1448,1712609823.9192884,8581451.03895869,2231.0,-1.5036406689583297e-08,2233.0,ASK
1449,1712609825.7054305,8581776.33895869,2231.0,-1.5899879010938892e-08,2233.0,ASK
1450,1712609826.119605,8581880.58640127,2231.0,-5.0953634313866565e-09,2233.0,ASK
1451,1712609826.121634,8582005.57555869,2231.0,-6.109168400390735e-09,2233.0,ASK
1452,1712609826.1975994,8582198.82957796,2231.0,-9.44579011607488e-09,2233.0,ASK
1453,1712609826.3129053,8582415.10819101,2231.0,-1.0571176698842391e-08,2233.0,ASK
1454,1712609826.3519447,8582770.20819101,2231.0,-1.735643109980186e-08,2233.0,ASK
1455,1712609826.999863,8582906.10819101,2231.0,-6.642464056524959e-09,2233.0,ASK
1456,1712609827.209553,8583068.41923772,2231.0,-7.933372286583835e-09,2233.0,ASK
1457,1712609827.4588597,8583269.96106646,2231.0,-9.850878243492772e-09,2233.0,ASK
1458,1712609827.5851643,8583658.36106646,2231.0,-1.898405474282337e-08,2233.0,ASK
1459,1712609828.022323,8583880.96106646,2231.0,-1.0880150838674967e-08,2233.0,ASK
1460,1712609829.3388224,8584142.47558361,2231.0,-1.2782198531395609e-08,2233.0,ASK
1461,1712609829.34307,8584198.5074079,2231.0,-2.738700359616076e-09,2233.0,ASK
1462,1712609829.3464863,8584199.16106646,2230.0,-3.194925303172517e-11,2233.0,ASK
1463,1712609842.5475464,8584238.16006646,2231.0,-1.906177010585857e-09,2233.0,ASK
1464,1712609842.7057655,8584296.94734888,2231.0,-2.873380503728492e-09,2233.0,ASK
1465,1712609843.0690742,8584359.32154176,2231.0,-3.0487000313621675e-09,2233.0,ASK
1466,1712609847.282263,8584483.72154176,2231.0,-6.080371807446022e-09,2233.0,ASK
1467,1712609850.9226086,8584483.72154176,2231.0,-0.0,2233.0,ASK
1468,1712609854.6452262,8584486.40982297,2231.0,-1.313486019291188e-10,2233.0,ASK
1469,1712609861.1657014,8585095.62005297,2231.0,-2.976582646540342e-08,2233.0,ASK
1470,1712609872.2302103,8585098.30822501,2232.0,1.3134326793410814e-10,2233.0,BID
1471,1712609874.67565,8585098.3082255,2231.0,-2.3935176382901135e-17,2233.0,ASK
1472,1712609874.679958,8585114.89271675,2231.0,-8.10313196146766e-10,2233.0,ASK
1473,1712609880.6599643,8585114.89271675,2231.0,-0.0,2233.0,ASK
1474,1712609881.6252708,8586010.95006442,2232.0,4.377807735192658e-08,2233.0,BID
1475,1712609888.3960173,8586300.25889454,2231.0,1.4134568927429736e-08,2233.0,BID
1476,1712609906.0178158,8588252.09753193,2231.0,9.535968101625916e-08,2233.0,BID
