,time,acc_trade_volume,trade_price,dev,high,ask_bid
0,1712601588.4300673,15262605.36225234,921.0,0.0,931.6,ASK
1,1712601600.4465144,15262605.36225234,921.0,-0.0,931.6,ASK
2,1712601602.5065086,15262611.87125646,921.8,4.32741071179453e-10,931.6,BID
3,1712601603.0663676,15265202.16728906,920.6,-1.7221182521797457e-07,931.6,ASK
4,1712601604.6963158,15265210.8582179,920.6,-5.778029614041739e-10,931.6,ASK
5,1712601608.266496,15265753.74638294,921.0,3.609307994689688e-08,931.6,BID
6,1712601630.457662,15265753.74638294,921.0,0.0,931.6,BID
7,1712601643.9363875,15265760.25538706,921.0,-4.3265769338695045e-10,931.6,ASK
8,1712601660.7064843,15265760.25538706,921.0,-0.0,931.6,ASK
9,1712601662.6964767,15266408.37508706,921.8,4.308091645687085e-08,931.6,BID
10,1712601666.296048,15266414.88409118,921.8,4.3265752098256116e-10,931.6,BID
11,1712601666.3860662,15266612.64609118,921.8,1.3145362192126332e-08,931.6,BID
12,1712601666.716347,15267907.42286559,921.8,8.606461128814237e-08,931.6,BID
13,1712601690.7062726,15267907.42286559,921.8,0.0,931.6,BID
14,1712601699.1173532,15267961.65280052,922.0,3.604223062925169e-09,931.6,BID
15,1712601706.8662188,15268091.71191642,922.0,-8.643972478809048e-09,931.6,ASK
16,1712601712.365786,15269032.50991642,922.0,6.252719745054937e-08,931.6,BID
17,1712601713.085894,15269530.27191642,922.0,3.3082194963674136e-08,931.6,BID
18,1712601713.3059142,15269536.78092054,921.1,-4.3260060706043405e-10,931.6,ASK
19,1712601713.8160484,15270347.96432054,922.0,5.391276833119919e-08,931.6,BID
20,1712601715.3198977,15272516.04192054,922.0,1.4409449869530777e-07,931.6,BID
21,1712601720.4459743,15272516.04192054,922.0,0.0,931.6,BID
22,1712601724.2760663,15272713.80392054,922.0,1.313992219083168e-08,931.6,BID
23,1712601730.1957943,15272911.56592054,922.0,1.313992219095544e-08,931.6,BID
24,1712601736.5158648,15272918.07351273,922.0,4.3238465947843216e-10,931.6,BID
25,1712601742.3579009,15273123.07351273,922.0,1.3620837416411872e-08,931.6,BID
26,1712601742.4358728,15273329.93138254,922.0,1.37442800634428e-08,931.6,BID
27,1712601750.43588,15273329.93138254,922.0,0.0,931.6,BID
28,1712601770.0959413,15273466.23755424,921.6,-9.05615433738006e-09,931.6,ASK
29,1712601779.8163214,15273472.74514643,921.7,-4.3236310215097927e-10,931.6,ASK
30,1712601780.696015,15273472.74514643,921.7,-0.0,931.6,ASK
31,1712601795.1260135,15273542.34793491,922.8,4.624354678347248e-09,931.6,BID
32,1712601795.127785,15275142.34793491,922.8,1.063027451476573e-07,931.6,BID
33,1712601795.6856222,15275425.24105243,922.9,1.8795196859910426e-08,931.6,BID
34,1712601795.7656157,15275516.13818345,922.9,6.039134095933672e-09,931.6,BID
35,1712601795.7672758,15275746.60624381,922.9,1.531211717815988e-08,931.6,BID
36,1712601795.7854812,15275951.75672241,922.9,1.3630036902182785e-08,931.6,BID
37,1712601796.3656578,15276538.37306756,922.9,3.8974329898732944e-08,931.6,BID
38,1712601797.4756746,15276676.83666756,922.9,9.199412989416326e-09,931.6,BID
39,1712601798.9555514,15277086.83666756,922.9,2.724007844408717e-08,931.6,BID
40,1712601799.0756364,15277327.29316756,922.9,1.5975741274082938e-08,931.6,BID
41,1712601800.485908,15278726.22491131,922.9,9.294392789678817e-08,931.6,BID
42,1712601800.9055846,15279052.36326948,922.9,2.166837673214912e-08,931.6,BID
43,1712601801.045516,15279181.14542972,922.9,8.55618572467653e-09,931.6,BID
44,1712601801.0854592,15279310.45595508,922.9,8.591289889004833e-09,931.6,BID
45,1712601801.1054788,15279439.42958921,922.9,8.568907099764841e-09,931.6,BID
46,1712601801.945893,15279747.57958921,922.9,2.0473244323306364e-08,931.6,BID
47,1712601803.0057309,15279754.08083528,922.9,4.319376899846416e-10,931.6,BID
48,1712601803.1552362,15280527.86495604,922.9,5.1409610117840974e-08,931.6,BID
49,1712601803.215321,15282509.85374013,922.9,1.316817803753755e-07,931.6,BID
50,1712601803.2605507,15283247.36673024,922.9,4.899978464419366e-08,931.6,BID
51,1712601803.2622497,15283725.04293727,922.9,3.173643256189379e-08,931.6,BID
52,1712601803.4556088,15284563.49333727,922.9,5.5705986993873664e-08,931.6,BID
53,1712601804.1157122,15286546.83553727,922.9,1.317717002669855e-07,931.6,BID
54,1712601804.9556162,15286846.83553727,922.9,1.993176471518573e-08,931.6,BID
55,1712601805.475385,15286998.22129529,922.9,1.0057951033614528e-08,931.6,BID
56,1712601808.0256376,15287305.22129529,922.9,2.0396839225206733e-08,931.6,BID
57,1712601810.725735,15287305.22129529,922.9,0.0,931.6,BID
58,1712601813.047377,15287666.22129529,922.9,2.3964231576912893e-08,931.6,BID
59,1712601821.1156,15288007.51999529,922.9,2.265640189397632e-08,931.6,BID
60,1712601821.2153122,15308007.51999529,922.9,1.3276582591087462e-06,931.6,BID
61,1712601828.61594,15309308.89350629,922.9,8.638896450319863e-08,931.6,BID
62,1712601840.4356496,15309308.89350629,922.9,0.0,931.6,BID
63,1712601848.625399,15309315.39475236,921.8,-4.30990654889404e-10,931.6,ASK
64,1712601851.9256291,15311155.39475236,922.8,1.219801244866309e-07,931.6,BID
65,1712601862.4779248,15312155.39475236,922.8,-6.629354591664725e-08,931.6,ASK
66,1712601870.465455,15312155.39475236,922.8,-0.0,931.6,ASK
67,1712601872.7558124,15312177.0655726,922.9,1.4363853898903384e-09,931.6,BID
68,1712601900.4469402,15312177.0655726,922.9,0.0,931.6,BID
69,1712601901.935209,15312183.56681867,922.9,4.3102816289706204e-10,931.6,BID
70,1712601923.0055635,15320875.43991732,922.8,-5.762652350485991e-07,931.6,ASK
71,1712601925.8750472,15324477.82549432,922.8,-2.388356971740772e-07,931.6,ASK
72,1712601925.8951712,15329343.56681867,922.8,-3.2259531819413815e-07,931.6,ASK
73,1712601930.4580257,15329343.56681867,922.8,-0.0,931.6,ASK
74,1712601951.6451542,15329350.06806474,921.5,-4.305759446514971e-10,931.6,ASK
75,1712601960.694928,15329350.06806474,921.5,-0.0,931.6,ASK
76,1712601971.7786071,15329356.5714248,922.6,4.3071578282918414e-10,931.6,BID
77,1712601984.725176,15330729.3824338,921.5,-9.092090286769949e-08,931.6,ASK
78,1712601990.714982,15330729.3824338,921.5,-0.0,931.6,ASK
79,1712601999.0351603,15330729.38243427,921.5,-3.108472969414378e-17,931.6,ASK
80,1712602011.955322,15331516.37646574,921.5,5.21180150994471e-08,931.6,BID
81,1712602012.8247252,15331522.8798258,920.0,-4.306795278000001e-10,931.6,ASK
82,1712602020.6243818,15331522.8798258,920.0,-0.0,931.6,ASK
83,1712602025.9649663,15332281.17365442,921.2,5.021493684696271e-08,931.6,BID
84,1712602025.9671175,15332926.03695321,921.2,4.27034595318235e-08,931.6,BID
85,1712602047.884903,15333243.32034102,921.2,2.1010806998748112e-08,931.6,BID
86,1712602047.8870306,15333955.89989507,921.3,4.7187694208402266e-08,931.6,BID
87,1712602050.4149983,15333955.89989507,921.3,0.0,931.6,BID
88,1712602080.6952996,15333955.89989507,921.3,0.0,931.6,BID
89,1712602093.086133,15333975.89989507,920.8,-1.3242224287137814e-09,931.6,ASK
90,1712602095.335185,15335056.35305674,920.0,-7.153801549289963e-08,931.6,ASK
91,1712602095.3380444,15335064.44904307,920.0,-5.36044334095688e-10,931.6,ASK
92,1712602095.4148078,15335111.7601358,920.0,-3.1325205059183404e-09,931.6,ASK
93,1712602095.4170885,15339004.22107924,920.0,-2.5772420420978106e-07,931.6,ASK
94,1712602096.1553328,15343875.16053524,919.8,-3.225103638271665e-07,931.6,ASK
95,1712602096.1577506,15343875.16053594,919.8,-4.637126188691536e-17,931.6,ASK
96,1712602106.0547664,15343881.67802453,920.6,4.315302284557858e-10,931.6,BID
97,1712602110.7043955,15343881.67802453,920.6,0.0,931.6,BID
98,1712602140.4444067,15343881.67802453,920.6,0.0,931.6,BID
99,1712602148.6144364,15343888.19551312,919.1,-4.312695010437773e-10,931.6,ASK
100,1712602154.834409,15344154.96500707,919.1,-1.7652435438845998e-08,931.6,ASK
101,1712602170.4572537,15344154.96500707,919.1,-0.0,931.6,ASK
102,1712602174.2045395,15344161.48249566,920.6,4.312623331475944e-10,931.6,BID
103,1712602200.4756083,15344161.48249566,920.6,0.0,931.6,BID
104,1712602214.744076,15344167.99998425,919.1,-4.3219414115575326e-10,931.6,ASK
105,1712602230.4641662,15344167.99998425,919.1,-0.0,931.6,ASK
106,1712602238.8242474,15344174.52172338,920.0,4.324758354587448e-10,931.6,BID
107,1712602260.4944198,15344174.52172338,920.0,0.0,931.6,BID
108,1712602282.6840026,15344181.04346251,919.1,-4.3247566326277535e-10,931.6,ASK
109,1712602290.4761488,15344181.04346251,919.1,-0.0,931.6,ASK
110,1712602290.8944256,15344197.36410226,919.1,-1.0822690935007362e-09,931.6,ASK
111,1712602290.8972442,15344410.82227341,919.1,-1.415503221267419e-08,931.6,ASK
112,1712602290.8996887,15344789.12256717,919.1,-2.508619283734664e-08,931.6,ASK
113,1712602290.974286,15344800.00395998,919.0,-7.21576807860516e-10,931.6,ASK
114,1712602290.97673,15347868.56761612,919.0,-2.034853815385717e-07,931.6,ASK
115,1712602290.979135,15347902.97490665,919.0,-2.281647515144751e-09,931.6,ASK
116,1712602291.0769064,15347939.70224368,918.9,-2.435496546937268e-09,931.6,ASK
117,1712602291.0793858,15348114.02208261,918.9,-1.1559655561786949e-08,931.6,ASK
118,1712602301.4944465,15348124.90702872,918.7,-7.21812437468123e-10,931.6,ASK
119,1712602301.497573,15348247.49111492,918.7,-8.128907315022438e-09,931.6,ASK
120,1712602307.3940306,15348254.01782002,919.3,4.3280479929336734e-10,931.6,BID
121,1712602320.6940143,15348254.01782002,919.3,0.0,931.6,BID
122,1712602327.2540357,15348510.73380002,919.3,-1.7019358905841594e-08,931.6,ASK
123,1712602327.2736938,15348510.73380011,919.3,-5.927364797573753e-18,931.6,ASK
124,1712602347.3839147,15348517.26050521,918.5,-4.3269739806776276e-10,931.6,ASK
125,1712602350.7339237,15348517.26050521,918.5,-0.0,931.6,ASK
126,1712602373.693745,15348523.78579069,919.5,4.3259634184911285e-10,931.6,BID
127,1712602380.434379,15348523.78579069,919.5,0.0,931.6,BID
128,1712602410.435191,15348523.78579069,919.5,0.0,931.6,BID
129,1712602421.723937,15348528.14640186,918.5,-2.890883006436309e-10,931.6,ASK
130,1712602421.7269502,15348530.31107617,918.5,-1.4350786925417751e-10,931.6,ASK
131,1712602438.6836414,15348639.06583419,919.5,7.209936165745544e-09,931.6,BID
132,1712602440.683803,15348639.06583419,919.5,0.0,931.6,BID
133,1712602445.8142614,15348645.59111967,919.5,4.3259312999608996e-10,931.6,BID
134,1712602470.7420528,15348645.59111967,919.5,0.0,931.6,BID
135,1712602494.8534224,15348652.11640515,918.5,-4.3259295804733967e-10,931.6,ASK
136,1712602500.5278351,15348652.11640515,918.5,-0.0,931.6,ASK
137,1712602520.4839082,15349364.54435603,918.5,-4.7244277471899977e-08,931.6,ASK
138,1712602522.1540446,15349433.48991944,918.5,-4.572088060610769e-09,931.6,ASK
139,1712602522.1555483,15351997.12011403,918.5,-1.7000576142330885e-07,931.6,ASK
140,1712602522.2137234,15351997.12011431,918.5,-1.8528047114093254e-17,931.6,ASK
141,1712602530.5167124,15351997.12011431,918.5,-0.0,931.6,ASK
142,1712602546.4443717,15352089.07296709,918.4,-6.096561980151871e-09,931.6,ASK
143,1712602546.446571,15352896.21623131,918.4,-5.3514369466696023e-08,931.6,ASK
144,1712602546.518502,15352896.21623203,918.4,-4.766912895919741e-17,931.6,ASK
145,1712602546.5211945,15353309.88796785,918.3,-2.7426831257689e-08,931.6,ASK
146,1712602546.5239716,15354031.25848401,918.3,-4.7827554333183606e-08,931.6,ASK
147,1712602546.6545591,15354337.9479852,918.2,-2.033380690366996e-08,931.6,ASK
148,1712602546.6641386,15354359.71077083,918.2,-1.4428934768704111e-09,931.6,ASK
149,1712602547.4729054,15354794.43759692,919.1,2.8822803856185442e-08,931.6,BID
150,1712602547.474171,15355076.30891998,919.1,1.8688337985165955e-08,931.6,BID
151,1712602547.7644496,15355417.13116098,918.1,-2.2596840159458067e-08,931.6,ASK
152,1712602547.7673223,15355423.18287098,918.2,-4.012341541025584e-10,931.6,ASK
153,1712602547.784304,15355429.71099632,919.1,4.328209462457505e-10,931.6,BID
154,1712602560.746171,15355429.71099632,919.1,0.0,931.6,BID
155,1712602590.740348,15355429.71099632,919.1,0.0,931.6,BID
156,1712602592.4859908,15355436.23912108,918.0,-4.32730454926629e-10,931.6,ASK
157,1712602592.4909844,15355436.23912166,918.1,-3.852243538788239e-17,931.6,ASK
158,1712602620.5388677,15355436.23912166,918.1,-0.0,931.6,ASK
159,1712602625.5765347,15359032.51599266,919.0,2.3838666779280602e-07,931.6,BID
160,1712602625.6170814,15359602.04986646,919.0,3.775273351871322e-08,931.6,BID
161,1712602625.676985,15359782.04986646,919.1,1.1931673155848966e-08,931.6,BID
162,1712602625.6802676,15360922.82769391,919.1,7.561882322534801e-08,931.6,BID
163,1712602641.8966258,15364966.83310891,919.5,2.680652825125756e-07,931.6,BID
164,1712602641.916836,15364966.83310973,919.5,5.444995915858069e-17,931.6,BID
165,1712602650.4937696,15364966.83310973,919.5,0.0,931.6,BID
166,1712602653.797357,15364973.35059832,920.6,4.3177449989224446e-10,931.6,BID
167,1712602680.7496889,15364973.35059832,920.6,0.0,931.6,BID
168,1712602685.9778569,15365016.80052228,920.6,2.878495523785986e-09,931.6,BID
169,1712602697.4083047,15365023.31801087,919.1,-4.3177432826557374e-10,931.6,ASK
170,1712602710.7085848,15365023.31801087,919.1,-0.0,931.6,ASK
171,1712602740.4865906,15365023.31801087,919.1,-0.0,931.6,ASK
172,1712602749.9890811,15365029.83549946,920.6,4.3177301274527345e-10,931.6,BID
173,1712602770.515499,15365029.83549946,920.6,0.0,931.6,BID
174,1712602795.719966,15365036.35298805,919.2,-4.317728411197849e-10,931.6,ASK
175,1712602800.634174,15365036.35298805,919.2,-0.0,931.6,ASK
176,1712602816.0303612,15365047.21546904,920.6,7.197837922407503e-10,931.6,BID
177,1712602817.0301704,15365053.73295763,920.6,4.3187027502354545e-10,931.6,BID
178,1712602830.509744,15365053.73295763,920.6,0.0,931.6,BID
179,1712602860.742964,15365053.73295763,920.6,0.0,931.6,BID
180,1712602869.661163,15365060.25044622,919.2,-4.3186981727309055e-10,931.6,ASK
181,1712602887.7013795,15365066.76864285,920.5,4.3191673415402303e-10,931.6,BID
182,1712602890.7316916,15365066.76864285,920.5,0.0,931.6,BID
183,1712602920.4947722,15365066.76864285,920.5,0.0,931.6,BID
184,1712602924.4022858,15365116.75987879,920.4,3.312577916127613e-09,931.6,BID
185,1712602924.412594,15365460.97116349,920.4,2.280853191057566e-08,931.6,BID
186,1712602937.3727696,15365467.48936012,919.2,-4.319163909730881e-10,931.6,ASK
187,1712602950.54506,15365467.48936012,919.2,-0.0,931.6,ASK
188,1712602961.8025131,15365474.00826494,920.4,4.319527614928335e-10,931.6,BID
189,1712602980.7344012,15365474.00826494,920.4,0.0,931.6,BID
190,1712603009.223315,15365480.52716976,919.3,-4.319525897617354e-10,931.6,ASK
191,1712603010.755817,15365480.52716976,919.3,-0.0,931.6,ASK
192,1712603031.9335225,15365487.04465835,920.6,4.3185857667240716e-10,931.6,BID
193,1712603040.5187645,15365487.04465835,920.6,0.0,931.6,BID
194,1712603053.4835494,15366029.89728157,920.6,3.59702153341614e-08,931.6,BID
195,1712603070.6039588,15366029.89728157,920.6,0.0,931.6,BID
196,1712603078.9038143,15366036.41477016,919.4,-4.318441048153696e-10,931.6,ASK
197,1712603092.2240713,15366436.41477016,919.4,-2.6503712212732253e-08,931.6,ASK
198,1712603096.3942788,15367117.56315061,919.4,-4.5132401624098576e-08,931.6,ASK
199,1712603096.4540708,15367312.29865061,919.4,1.2903034123910532e-08,931.6,BID
200,1712603096.4567091,15367730.49603468,919.4,2.7709457788811946e-08,931.6,BID
201,1712603100.7217126,15367730.49603468,919.4,0.0,931.6,BID
202,1712603130.7561424,15367730.49603468,919.4,0.0,931.6,BID
203,1712603136.364323,15367737.01352327,920.6,4.3208438363931727e-10,931.6,BID
204,1712603160.5032425,15367737.01352327,920.6,0.0,931.6,BID
205,1712603181.234959,15367743.53101186,920.3,-4.3208421188969236e-10,931.6,ASK
206,1712603190.4891798,15367743.53101186,920.3,-0.0,931.6,ASK
207,1712603206.877066,15367750.04850045,920.6,4.3208403994924076e-10,931.6,BID
208,1712603220.7340996,15367750.04850045,920.6,0.0,931.6,BID
209,1712603242.8260992,15369916.73540145,920.3,-1.4364282257448993e-07,931.6,ASK
210,1712603242.836728,15369916.73540173,920.3,-1.8522907479165894e-17,931.6,ASK
211,1712603242.985769,15370069.73142866,920.2,-1.0143035037024538e-08,931.6,ASK
212,1712603242.9953735,15370224.13521073,920.2,-1.0236363667697214e-08,931.6,ASK
213,1712603243.0656335,15370224.13521165,920.2,-6.100210863138635e-17,931.6,ASK
214,1712603247.8456233,15370230.65270024,919.4,-4.3208386807640296e-10,931.6,ASK
215,1712603250.7713628,15370230.65270024,919.4,-0.0,931.6,ASK
216,1712603274.3858304,15370237.17018883,920.6,4.320184842949367e-10,931.6,BID
217,1712603280.5180042,15370237.17018883,920.6,0.0,931.6,BID
218,1712603310.507069,15370237.17018883,920.6,0.0,931.6,BID
219,1712603340.7901134,15370237.17018883,920.6,0.0,931.6,BID
220,1712603351.9280784,15370243.68767742,919.5,-4.3201831259771516e-10,931.6,ASK
221,1712603354.716539,15370330.08536011,919.5,-5.726957640879887e-09,931.6,ASK
222,1712603354.7204232,15370422.90773439,919.5,-6.152824810629357e-09,931.6,ASK
223,1712603354.856111,15371202.24941909,919.5,5.165945054455725e-08,931.6,BID
224,1712603357.246544,15372349.02311909,920.5,7.601505270934164e-08,931.6,BID
225,1712603358.1060765,15373130.61871909,920.5,5.1808853596246384e-08,931.6,BID
226,1712603360.7960916,15373630.61871909,920.5,3.314300489682228e-08,931.6,BID
227,1712603370.7372437,15373630.61871909,920.5,0.0,931.6,BID
228,1712603399.4365103,15374325.35421909,920.5,4.6041713908653576e-08,931.6,BID
229,1712603400.5526166,15374325.35421909,920.5,0.0,931.6,BID
230,1712603400.9363914,15374520.08971909,920.5,1.291743865397222e-08,931.6,BID
231,1712603402.0365307,15375231.67131911,920.5,4.7201520346984936e-08,931.6,BID
232,1712603402.4465122,15375944.06881911,920.5,4.725564164449188e-08,931.6,BID
233,1712603406.2564664,15376599.09017253,920.5,4.3449695355109366e-08,931.6,BID
234,1712603406.2591105,15376645.81911911,920.5,3.099682907480951e-09,931.6,BID
235,1712603407.7266662,15377151.17309373,920.6,3.352177166299597e-08,931.6,BID
236,1712603407.7295923,15377151.17311911,920.5,1.6834410552834172e-15,931.6,BID
237,1712603409.2463498,15378023.53071911,920.6,5.7866314987884585e-08,931.6,BID
238,1712603410.7567208,15379002.18231911,920.6,6.49171414897563e-08,931.6,BID
239,1712603412.2366405,15379431.60315626,920.6,2.84848798529186e-08,931.6,BID
240,1712603412.24676,15379732.31551911,920.6,1.9947228418026932e-08,931.6,BID
241,1712603413.7495296,15379880.94251911,920.6,9.858911984841236e-09,931.6,BID
242,1712603430.5139203,15379880.94251911,920.6,0.0,931.6,BID
243,1712603441.0167534,15379887.45642868,921.1,4.3194225970408166e-10,931.6,BID
244,1712603441.026509,15379887.45646984,920.6,2.7292757232607384e-15,931.6,BID
245,1712603460.72974,15379887.45646984,920.6,0.0,931.6,BID
246,1712603479.6375437,15379893.97042057,919.9,-4.3194481712428414e-10,931.6,ASK
247,1712603490.784855,15379893.97042057,919.9,-0.0,931.6,ASK
248,1712603520.5112684,15379893.97042057,919.9,-0.0,931.6,ASK
249,1712603550.5253706,15379893.97042057,919.9,-0.0,931.6,ASK
250,1712603569.4675367,15380002.65425928,920.1,-7.2069016377596895e-09,931.6,ASK
251,1712603569.470578,15380893.97042057,920.1,-5.9103800333094224e-08,931.6,ASK
252,1712603580.5707855,15380893.97042057,920.1,-0.0,931.6,ASK
253,1712603589.759072,15380912.73709333,921.1,1.2443553231889687e-09,931.6,BID
254,1712603604.6876798,15380919.25104404,921.1,4.319182918528607e-10,931.6,BID
255,1712603607.4374485,15381213.97042057,921.1,1.9541856444961628e-08,931.6,BID
256,1712603610.4990215,15381213.97042057,921.1,0.0,931.6,BID
257,1712603627.8983445,15381224.8246483,921.2,7.19693483350665e-10,931.6,BID
258,1712603627.9073892,15381324.82462057,921.2,6.630534217706449e-09,931.6,BID
259,1712603631.0475185,15381324.8246483,921.2,1.8387179972240174e-15,931.6,BID
260,1712603640.748171,15381324.8246483,921.2,0.0,931.6,BID
261,1712603648.2531664,15381331.33859901,921.2,-4.3190692601939207e-10,931.6,ASK
262,1712603667.7477877,15381337.84901567,921.6,4.316726012263622e-10,931.6,BID
263,1712603670.7491212,15381337.84901567,921.6,0.0,931.6,BID
264,1712603700.5692973,15381337.84901567,921.6,0.0,931.6,BID
265,1712603719.5579426,15381344.35943233,921.2,-4.3212974514350176e-10,931.6,ASK
266,1712603720.8381765,15381353.03998788,921.6,5.76172993730724e-10,931.6,BID
267,1712603730.5024197,15381353.03998788,921.6,0.0,931.6,BID
268,1712603735.1690073,15381458.86845466,921.2,-7.024371599359828e-09,931.6,ASK
269,1712603735.1728144,15381813.91296182,921.2,-2.3566103039420844e-08,931.6,ASK
270,1712603739.2880194,15381820.42620541,921.2,4.3231698126984254e-10,931.6,BID
271,1712603760.7575514,15381820.42620541,921.2,0.0,931.6,BID
272,1712603782.4188588,15381826.939449,920.5,-4.323046267836421e-10,931.6,ASK
273,1712603790.7911887,15381826.939449,920.5,-0.0,931.6,ASK
274,1712603820.532466,15381826.939449,920.5,-0.0,931.6,ASK
275,1712603850.534341,15381826.939449,920.5,-0.0,931.6,ASK
276,1712603872.5413268,15381834.66207041,920.6,-5.125746630675204e-10,931.6,ASK
277,1712603872.5450294,15382492.20210293,920.5,-4.364299927199058e-08,931.6,ASK
278,1712603880.7806582,15382492.20210293,920.5,-0.0,931.6,ASK
279,1712603899.120575,15382635.70415423,920.5,-9.524295199600973e-09,931.6,ASK
280,1712603908.148754,15382642.21457089,921.6,4.3209925967308126e-10,931.6,BID
281,1712603910.7428308,15382642.21457089,921.6,0.0,931.6,BID
282,1712603940.4959943,15382642.21457089,921.6,0.0,931.6,BID
283,1712603955.439056,15382648.72498755,920.5,-4.3209529949792524e-10,931.6,ASK
284,1712603970.4928548,15382648.72498755,920.5,-0.0,931.6,ASK
285,1712603981.5893338,15382655.23257974,922.0,4.3190766806623694e-10,931.6,BID
286,1712604000.5497465,15382655.23257974,922.0,0.0,931.6,BID
287,1712604025.8689504,15382661.74017193,920.6,-4.3200534776908206e-10,931.6,ASK
288,1712604026.9095104,15383318.9968352,922.0,4.3631866456453773e-08,931.6,BID
289,1712604026.9136422,15388088.14711707,922.0,3.165991915151839e-07,931.6,BID
290,1712604026.9171202,15388093.57069881,921.9,3.6004350722438967e-10,931.6,BID
291,1712604030.5129514,15388093.57069881,921.9,0.0,931.6,BID
292,1712604044.3191147,15388419.48053043,920.8,-2.162826684661896e-08,931.6,ASK
293,1712604050.8790894,15388425.9867113,922.2,4.317679381974597e-10,931.6,BID
294,1712604060.7839322,15388425.9867113,922.2,0.0,931.6,BID
295,1712604067.3993168,15388436.83034608,922.2,7.195986123206001e-10,931.6,BID
296,1712604090.7986486,15388436.83034608,922.2,0.0,931.6,BID
297,1712604091.4590807,15388453.39599278,921.6,1.0993185136338835e-09,931.6,BID
298,1712604093.8492315,15388459.90217365,920.8,-4.3175888101952046e-10,931.6,ASK
299,1712604117.5736508,15388466.41259031,921.6,4.3203997378921534e-10,931.6,BID
300,1712604120.2537184,15388798.84839868,921.6,2.206088571981248e-08,931.6,BID
301,1712604120.3901453,15388798.84839929,921.6,-4.054330202236375e-17,931.6,ASK
302,1712604120.393279,15389127.48179529,921.6,-2.1808552539550253e-08,931.6,ASK
303,1712604120.5353646,15389127.48179529,921.6,-0.0,931.6,ASK
304,1712604150.5368092,15389127.48179529,921.6,-0.0,931.6,ASK
305,1712604156.1394367,15389133.99221195,920.8,-4.320217255267732e-10,931.6,ASK
306,1712604180.7438884,15389133.99221195,920.8,-0.0,931.6,ASK
307,1712604183.8392189,15389140.50192226,921.7,4.3197468142713877e-10,931.6,BID
308,1712604210.7893312,15389140.50192226,921.7,0.0,931.6,BID
309,1712604222.8194723,15389147.01163257,920.8,-4.3197450943602835e-10,931.6,ASK
310,1712604231.2503407,15389165.43496011,920.8,-1.2225440914682686e-09,931.6,ASK
311,1712604231.2548606,15389176.29508174,920.8,-7.20661210740189e-10,931.6,ASK
312,1712604231.2586837,15389256.7687739,920.8,-5.340112238146715e-09,931.6,ASK
313,1712604233.699846,15389505.8851739,920.8,1.6530986719422368e-08,931.6,BID
314,1712604240.4949868,15389505.8851739,920.8,0.0,931.6,BID
315,1712604247.309679,15389512.40124688,920.8,4.3238707305594445e-10,931.6,BID
316,1712604270.532416,15389512.40124688,920.8,0.0,931.6,BID
317,1712604290.6897268,15389518.91731986,920.5,-4.3238690102815116e-10,931.6,ASK
318,1712604290.7497103,15389695.5331256,920.8,1.1719690853415012e-08,931.6,BID
319,1712604300.7519283,15389695.5331256,920.8,0.0,931.6,BID
320,1712604316.0896988,15389702.04424876,921.5,4.3208214362023054e-10,931.6,BID
321,1712604324.0995967,15389707.55085668,920.8,-3.6542189353342416e-10,931.6,ASK
322,1712604328.1102877,15389712.97679265,921.5,3.600684532846724e-10,931.6,BID
323,1712604330.746136,15389712.97679265,921.5,0.0,931.6,BID
324,1712604360.6053064,15389712.97679265,921.5,0.0,931.6,BID
325,1712604360.6297638,15389719.48791581,920.8,-4.3208168282790615e-10,931.6,ASK
326,1712604385.670078,15389725.99903897,921.5,4.3208168282790615e-10,931.6,BID
327,1712604390.5268795,15389725.99903897,921.5,0.0,931.6,BID
328,1712604420.51771,15389725.99903897,921.5,0.0,931.6,BID
329,1712604431.2801116,15389732.51016213,920.8,-4.3208133888075406e-10,931.6,ASK
330,1712604436.1399426,15389806.68259294,920.8,-4.922119030034941e-09,931.6,ASK
331,1712604450.5240626,15389806.68259294,920.8,-0.0,931.6,ASK
332,1712604455.6300738,15389813.19230325,921.7,4.31985451715412e-10,931.6,BID
333,1712604480.740188,15389813.19230325,921.7,0.0,931.6,BID
334,1712604497.8799884,15389819.70201356,920.9,-4.31985279715725e-10,931.6,ASK
335,1712604510.7467706,15389819.70201356,920.9,-0.0,931.6,ASK
336,1712604521.7459922,15389826.20960575,922.0,4.3184454918618015e-10,931.6,BID
337,1712604534.1902874,15393084.24609575,922.2,2.1620366768007042e-07,931.6,BID
338,1712604540.5535145,15393084.24609575,922.2,0.0,931.6,BID
339,1712604566.0703757,15393090.75368794,921.0,-4.317582920038297e-10,931.6,ASK
340,1712604570.5222335,15393090.75368794,921.0,-0.0,931.6,ASK
341,1712604571.470858,15393114.40712347,922.2,1.569330493558095e-09,931.6,BID
342,1712604571.474977,15393155.81549665,922.2,2.747314344062045e-09,931.6,BID
343,1712604590.9204595,15393162.32167752,922.2,4.3166448378673016e-10,931.6,BID
344,1712604600.6391888,15393162.32167752,922.2,0.0,931.6,BID
345,1712604630.557803,15393162.32167752,922.2,0.0,931.6,BID
346,1712604635.6502802,15393168.82785839,920.8,-4.3188200248829295e-10,931.6,ASK
347,1712604660.7879596,15393168.82785839,920.8,-0.0,931.6,ASK
348,1712604670.8803663,15402168.82785839,921.2,-5.974221366825994e-07,931.6,ASK
349,1712604670.9803088,15402952.33553449,921.2,5.20094255514549e-08,931.6,BID
350,1712604671.0300424,15405190.51088465,921.2,1.4857061110695089e-07,931.6,BID
351,1712604674.100526,15406861.94708465,921.2,1.1095033177031678e-07,931.6,BID
352,1712604680.4002838,15406894.30474247,921.1,-2.147909008095629e-09,931.6,ASK
353,1712604690.784792,15406894.30474247,921.1,-0.0,931.6,ASK
354,1712604694.4003134,15406902.11185982,921.1,-5.178037077079181e-10,931.6,ASK
355,1712604695.0602517,15406908.62510341,921.2,4.319880858075453e-10,931.6,BID
356,1712604699.420389,15406919.92510341,921.1,-7.49467650338492e-10,931.6,ASK
357,1712604700.3600278,15407419.92510341,921.2,3.316228541648742e-08,931.6,BID
358,1712604704.3826864,15407962.42415349,921.2,3.5981016673904013e-08,931.6,BID
359,1712604710.1405237,15408282.62335349,921.2,2.12370745211026e-08,931.6,BID
360,1712604720.5049438,15408282.62335349,921.2,0.0,931.6,BID
361,1712604736.6402907,15408289.13659708,921.1,-4.3195144611617117e-10,931.6,ASK
362,1712604744.230306,15408321.4942549,921.1,-2.145925742851029e-09,931.6,ASK
363,1712604750.5487764,15408321.4942549,921.1,-0.0,931.6,ASK
364,1712604759.475206,15408328.00749849,921.2,4.3195042045737965e-10,931.6,BID
365,1712604759.6304543,15411495.70831191,921.1,-2.1007807852223814e-07,931.6,ASK
366,1712604759.6403177,15411517.42148094,921.1,-1.439991052596783e-09,931.6,ASK
367,1712604759.6438298,15411947.16211041,921.0,-2.8499877677689112e-08,931.6,ASK
368,1712604780.571524,15411947.16211041,921.0,-0.0,931.6,ASK
369,1712604781.281197,15414775.45797094,921.0,-1.875276206323937e-07,931.6,ASK
370,1712604795.1312082,15415095.65717094,921.0,2.1230520803181207e-08,931.6,BID
371,1712604797.2007253,15415382.98527094,921.0,1.905103199623188e-08,931.6,BID
372,1712604804.1344628,15415382.98530443,921.0,2.220548271455101e-15,931.6,BID
373,1712604804.1367793,15416499.01537094,921.2,7.399737271044057e-08,931.6,BID
374,1712604804.2143211,15416782.88961366,921.2,1.8822027086660642e-08,931.6,BID
375,1712604808.4204066,15416789.40285725,920.9,-4.318547751645483e-10,931.6,ASK
376,1712604810.522235,15416789.40285725,920.9,-0.0,931.6,ASK
377,1712604840.8036168,15416789.40285725,920.9,-0.0,931.6,ASK
378,1712604870.739953,15416789.40285725,920.9,-0.0,931.6,ASK
379,1712604880.5327086,15416794.83232842,920.9,-3.5988979196895407e-10,931.6,ASK
380,1712604892.200715,15416801.34557201,921.2,4.317271069067433e-10,931.6,BID
381,1712604900.5097532,15416801.34557201,921.2,0.0,931.6,BID
382,1712604930.5051377,15416801.34557201,921.2,0.0,931.6,BID
383,1712604940.8208566,15416905.6865843,921.1,6.916186981688618e-09,931.6,BID
384,1712604943.0905266,15416912.19982789,920.9,-4.3172679224545884e-10,931.6,ASK
385,1712604956.1310568,15416939.97760566,920.9,-1.8412348200191118e-09,931.6,ASK
386,1712604960.751364,15416939.97760566,920.9,-0.0,931.6,ASK
387,1712604963.9205692,15416946.49155637,921.1,4.3177000892963247e-10,931.6,BID
388,1712604972.6907885,15417212.67965637,921.1,1.7643983415070655e-08,931.6,BID
389,1712604974.7827983,15417939.24965637,921.1,4.8159887800928106e-08,931.6,BID
390,1712604974.8806384,15418376.26547938,921.1,2.89671098495676e-08,931.6,BID
391,1712604990.7439797,15418376.26547938,921.1,0.0,931.6,BID
392,1712604992.550738,15418399.21891612,921.2,1.521309728663571e-09,931.6,BID
393,1712605006.6808114,15418405.73286683,921.1,-4.3173214967256596e-10,931.6,ASK
394,1712605020.6163943,15418405.73286683,921.1,-0.0,931.6,ASK
395,1712605050.538929,15418405.73286683,921.1,-0.0,931.6,ASK
396,1712605064.171114,15418412.2390477,922.2,4.3121640392452174e-10,931.6,BID
397,1712605078.851028,15418480.57828366,922.2,4.529385235435108e-09,931.6,BID
398,1712605080.7293887,15418480.57828366,922.2,0.0,931.6,BID
399,1712605110.7574835,15418480.57828366,922.2,0.0,931.6,BID
400,1712605115.3008244,15418487.08446453,922.2,-4.312144311387139e-10,931.6,ASK
401,1712605116.2409177,15418492.50569407,922.3,3.5930639796905365e-10,931.6,BID
402,1712605116.2457294,15418497.92574826,922.5,3.5922849842811716e-10,931.6,BID
403,1712605136.820955,15418538.68152213,922.5,2.701197245668389e-09,931.6,BID
404,1712605140.512792,15418538.68152213,922.5,0.0,931.6,BID
405,1712605145.2910497,15419436.23253233,922.5,5.948736765616087e-08,931.6,BID
406,1712605145.2951405,15419867.02735202,922.5,2.8551970341556093e-08,931.6,BID
407,1712605145.3907328,15421536.44629177,922.5,-1.10644784655629e-07,931.6,ASK
408,1712605170.5212574,15421536.44629177,922.5,-0.0,931.6,ASK
409,1712605200.5662973,15421536.44629177,922.5,-0.0,931.6,ASK
410,1712605208.4015288,15421789.39105745,922.9,1.6764488247006696e-08,931.6,BID
411,1712605208.405983,15421873.91272313,922.9,5.601865162503836e-09,931.6,BID
412,1712605208.411739,15421884.74813326,922.9,7.18141390698539e-10,931.6,BID
413,1712605208.415263,15427732.74813326,922.4,3.875894684166058e-07,931.6,BID
414,1712605208.4170723,15427754.42835007,922.5,1.436905558899082e-09,931.6,BID
415,1712605208.4189253,15429575.84605514,922.9,1.2071859098371474e-07,931.6,BID
416,1712605208.4809282,15430719.73173894,922.9,-7.581361903438493e-08,931.6,ASK
417,1712605208.5010738,15433424.38605916,922.9,-1.792571016115877e-07,931.6,ASK
418,1712605208.5608084,15434331.95855353,922.9,-6.01514262384979e-08,931.6,ASK
419,1712605208.6608489,15435699.09841461,922.9,-9.061029617078249e-08,931.6,ASK
420,1712605208.720968,15435847.11736244,922.1,-9.81029160485281e-09,931.6,ASK
421,1712605208.730853,15435873.14208592,922.2,-1.7248475956084075e-09,931.6,ASK
422,1712605213.861441,15435879.6440365,922.8,4.3093152688374735e-10,931.6,BID
423,1712605219.0121744,15435966.34610651,922.7,5.7463764066544785e-09,931.6,BID
424,1712605227.697025,15435971.84640651,922.6,3.645448619928751e-10,931.6,BID
425,1712605227.699324,15437049.5817736,922.7,7.142935670725012e-08,931.6,BID
426,1712605230.5227664,15437049.5817736,922.7,0.0,931.6,BID
427,1712605241.9131408,15437060.41953235,922.7,-7.176162643441414e-10,931.6,ASK
428,1712605260.7907438,15437060.41953235,922.7,-0.0,931.6,ASK
429,1712605287.0911093,15437114.6083261,922.7,-3.588078946017204e-09,931.6,ASK
430,1712605290.7518842,15437114.6083261,922.7,-0.0,931.6,ASK
431,1712605293.2711952,15437120.1083261,922.7,3.6417804313906567e-10,931.6,BID
432,1712605300.071144,15437126.61027668,921.4,-4.3052138891628237e-10,931.6,ASK
433,1712605320.522827,15437126.61027668,921.4,-0.0,931.6,ASK
434,1712605327.0612488,15437133.11575212,922.3,4.307544689479456e-10,931.6,BID
435,1712605350.533989,15437133.11575212,922.3,0.0,931.6,BID
436,1712605370.401297,15437139.62122756,921.4,-4.3075429793912367e-10,931.6,ASK
437,1712605380.7343936,15437139.62122756,921.4,-0.0,931.6,ASK
438,1712605389.2313447,15437350.17674625,921.4,-1.3941741761220809e-08,931.6,ASK
439,1712605389.2373672,15437709.15510256,921.4,-2.37694246758634e-08,931.6,ASK
440,1712605395.2314477,15437715.660578,922.3,4.3075412685076524e-10,931.6,BID
441,1712605410.7892723,15437715.660578,922.3,0.0,931.6,BID
442,1712605440.0319142,15437722.16605344,921.4,-4.3073898893089744e-10,931.6,ASK
443,1712605440.518588,15437722.16605344,921.4,-0.0,931.6,ASK
444,1712605470.5180647,15437722.16605344,921.4,-0.0,931.6,ASK
445,1712605470.8613763,15437743.85097157,922.3,1.435796059474542e-09,931.6,BID
446,1712605477.1214674,15441975.89689675,921.4,-2.802111046263558e-07,931.6,ASK
447,1712605477.2011943,15442894.30714987,921.4,6.080953658747817e-08,931.6,BID
448,1712605500.5358872,15442894.30714987,921.4,0.0,931.6,BID
449,1712605504.2412624,15442900.81333074,922.2,4.3075708034312976e-10,931.6,BID
450,1712605530.5497577,15442900.81333074,922.2,0.0,931.6,BID
451,1712605531.2014036,15445418.4082015,922.3,1.666832519695015e-07,931.6,BID
452,1712605531.205729,15445472.24182472,922.3,3.564180832946414e-09,931.6,BID
453,1712605560.7709136,15445472.24182472,922.3,0.0,931.6,BID
454,1712605563.0414011,15445478.74800559,921.0,-4.3068928273769805e-10,931.6,ASK
455,1712605583.4315329,15445485.25348103,922.3,4.3064258553284386e-10,931.6,BID
456,1712605590.7631798,15445485.25348103,922.3,0.0,931.6,BID
457,1712605592.4715123,15447653.74529497,922.3,1.4354741457450372e-07,931.6,BID
458,1712605620.525354,15447653.74529497,922.3,0.0,931.6,BID
459,1712605628.8924782,15447660.25077041,921.1,-4.305852368616927e-10,931.6,ASK
460,1712605637.0830564,15450911.42729124,921.0,-2.1518928554849649e-07,931.6,ASK
461,1712605637.0876186,15453062.58173409,921.1,-1.4238088418001164e-07,931.6,ASK
462,1712605637.0910656,15457360.27872187,920.9,-2.844565154735305e-07,931.6,ASK
463,1712605637.0944626,15457381.99660654,920.9,-1.437466115918838e-09,931.6,ASK
464,1712605637.0978794,15458393.5037154,921.1,-6.694976132122726e-08,931.6,ASK
465,1712605637.100772,15459961.5037154,921.0,-1.0378298366091192e-07,931.6,ASK
466,1712605637.1027212,15461822.90289325,920.9,-1.2320252580443962e-07,931.6,ASK
467,1712605649.9750535,15461829.40836869,922.3,4.3058523673840767e-10,931.6,BID
468,1712605650.5392375,15461829.40836869,922.3,0.0,931.6,BID
469,1712605665.88178,15461926.14629485,922.3,6.397374084697426e-09,931.6,BID
470,1712605680.7699082,15461926.14629485,922.3,0.0,931.6,BID
471,1712605698.8916605,15461932.65177029,921.0,-4.302109428807033e-10,931.6,ASK
472,1712605710.7886682,15461932.65177029,921.0,-0.0,931.6,ASK
473,1712605723.5215745,15461939.15795116,922.2,4.302574229246635e-10,931.6,BID
474,1712605740.5210822,15461939.15795116,922.2,0.0,931.6,BID
475,1712605765.5116768,15461945.66413203,921.0,-4.3025725232890776e-10,931.6,ASK
476,1712605770.5254035,15461945.66413203,921.0,-0.0,931.6,ASK
477,1712605789.9015522,15461952.17101848,922.1,4.3030374203020885e-10,931.6,BID
478,1712605800.555705,15461952.17101848,922.1,0.0,931.6,BID
479,1712605830.555889,15461952.17101848,922.1,0.0,931.6,BID
480,1712605830.8519068,15461958.67790493,921.0,-4.3184416713832126e-10,931.6,ASK
481,1712605835.852363,15462893.10893422,922.1,6.201561878436387e-08,931.6,BID
482,1712605843.6617851,15463886.60275335,922.2,6.593545379014312e-08,931.6,BID
483,1712605843.6652684,15464049.22789497,922.2,1.0792983613832342e-08,931.6,BID
484,1712605853.4832342,15464055.73337041,922.3,4.3175052231118567e-10,931.6,BID
485,1712605860.739149,15464055.73337041,922.3,0.0,931.6,BID
486,1712605873.291698,15468208.39509208,922.3,2.755652672046686e-07,931.6,BID
487,1712605890.7870724,15468208.39509208,922.3,0.0,931.6,BID
488,1712605894.6918714,15468214.90056752,922.3,-4.315852570671484e-10,931.6,ASK
489,1712605899.4919374,15469280.50321719,922.3,-7.069404806161852e-08,931.6,ASK
490,1712605915.6139522,15469287.0037589,923.0,4.3125794419765266e-10,931.6,BID
491,1712605920.5406284,15469287.0037589,923.0,0.0,931.6,BID
492,1712605950.5703578,15469287.0037589,923.0,0.0,931.6,BID
493,1712605963.6419904,15469293.50430061,922.3,-4.3122948424934916e-10,931.6,ASK
494,1712605980.7251856,15469505.91779499,922.3,-1.4090973602589381e-08,931.6,ASK
495,1712605980.752785,15469505.91779499,922.3,-0.0,931.6,ASK
496,1712605985.7820826,15469512.42327043,922.3,4.3155099539876466e-10,931.6,BID
497,1712606007.70853,15469577.47802485,922.3,4.315509954605454e-09,931.6,BID
498,1712606007.7145813,15470157.76104229,922.3,3.849399110956772e-08,931.6,BID
499,1712606010.7529593,15470157.76104229,922.3,0.0,931.6,BID
500,1712606019.7321289,15470371.19704229,922.3,1.415804975913568e-08,931.6,BID
501,1712606019.8219454,15470371.19706441,922.3,1.4673579717596501e-15,931.6,BID
502,1712606029.5020945,15470377.70253985,922.2,-4.3153378518038014e-10,931.6,ASK
503,1712606040.5237105,15470377.70253985,922.2,-0.0,931.6,ASK
504,1712606051.7502382,15470382.06920148,923.0,2.8965395137814256e-10,931.6,BID
505,1712606051.7547555,15470384.20308156,923.0,1.4154675788528258e-10,931.6,BID
506,1712606070.5093343,15470384.20308156,923.0,0.0,931.6,BID
507,1712606095.1526651,15470390.70362327,922.2,-4.312005377699185e-10,931.6,ASK
508,1712606100.532452,15470390.70362327,922.2,-0.0,931.6,ASK
509,1712606115.7020926,15470397.20416498,923.0,4.312372491045233e-10,931.6,BID
510,1712606129.4922054,15470496.91210506,923.0,6.614491486414014e-09,931.6,BID
511,1712606130.550915,15470496.91210506,923.0,0.0,931.6,BID
512,1712606138.5020616,15470503.68180373,923.0,-4.4908984163256327e-10,931.6,ASK
513,1712606155.5546052,15470510.18234544,922.3,-4.312344448209599e-10,931.6,ASK
514,1712606160.7576847,15470510.18234544,922.3,-0.0,931.6,ASK
515,1712606189.7620835,15471753.67150339,922.3,-8.249080537283983e-08,931.6,ASK
516,1712606189.9120934,15472705.42764953,922.3,6.313776884326816e-08,931.6,BID
517,1712606190.7472374,15472705.42764953,922.3,0.0,931.6,BID
518,1712606215.5722225,15472813.77001139,923.0,7.186269698562901e-09,931.6,BID
519,1712606220.549982,15472813.77001139,923.0,0.0,931.6,BID
520,1712606224.9222562,15474813.77001139,922.3,1.3265765873121334e-07,931.6,BID
521,1712606236.3386505,15475572.10113128,923.0,5.029921545389653e-08,931.6,BID
522,1712606236.3436103,15476813.77001139,922.3,8.235844327731678e-08,931.6,BID
523,1712606243.9224622,15476820.27125746,922.9,4.3122004127330477e-10,931.6,BID
524,1712606250.5172572,15476820.27125746,922.9,0.0,931.6,BID
525,1712606280.782255,15476820.27125746,922.9,0.0,931.6,BID
526,1712606287.8527925,15476826.77250353,922.2,-4.3111436070128544e-10,931.6,ASK
527,1712606301.2026064,15476933.25014228,922.2,-7.0608062917048945e-09,931.6,ASK
528,1712606301.4025126,15477692.52378441,922.2,-5.0349389528592464e-08,931.6,ASK
529,1712606308.0424469,15477699.02503048,922.9,4.3111436070128544e-10,931.6,BID
530,1712606310.7902064,15477699.02503048,922.9,0.0,931.6,BID
531,1712606340.5127077,15477699.02503048,922.9,0.0,931.6,BID
532,1712606350.1825604,15477799.02503048,922.9,6.630901054363304e-09,931.6,BID
533,1712606351.8726027,15477842.36667096,922.9,2.8739412955575675e-09,931.6,BID
534,1712606355.84244,15477848.86791703,922.2,-4.3109119411131686e-10,931.6,ASK
535,1712606370.514269,15477848.86791703,922.2,-0.0,931.6,ASK
536,1712606371.9625533,15477870.53873727,922.9,1.436957471494788e-09,931.6,BID
537,1712606375.9553745,15477877.03998334,922.9,4.310872413496292e-10,931.6,BID
538,1712606400.6629777,15477877.03998334,922.9,0.0,931.6,BID
539,1712606408.832668,15478639.95730584,922.9,5.0710093296279593e-08,931.6,BID
540,1712606408.8362994,15478650.3544778,922.9,6.910861041135651e-10,931.6,BID
541,1712606408.8413956,15478656.35447734,922.9,3.98811938691356e-10,931.6,BID
542,1712606408.8565133,15478656.3544778,922.9,3.0580459910798363e-17,931.6,BID
543,1712606420.3325906,15478662.85572387,922.2,-4.3212912468208126e-10,931.6,ASK
544,1712606430.5344312,15478662.85572387,922.2,-0.0,931.6,ASK
545,1712606460.7866695,15478662.85572387,922.2,-0.0,931.6,ASK
546,1712606461.272497,15481060.46168565,922.2,-1.5935797738557613e-07,931.6,ASK
547,1712606473.932978,15481066.96293172,922.9,4.3210829502205597e-10,931.6,BID
548,1712606490.7528472,15481066.96293172,922.9,0.0,931.6,BID
549,1712606500.0724611,15482225.14864436,922.2,-7.696800146607561e-08,931.6,ASK
550,1712606500.392788,15483498.02294996,922.2,-8.458970815338515e-08,931.6,ASK
551,1712606500.3988588,15484451.80964436,922.2,-6.33845288296783e-08,931.6,ASK
552,1712606513.593224,15484498.02294996,922.2,-3.071135945086532e-09,931.6,ASK
553,1712606513.5997891,15485661.17356804,922.2,-7.729794755768832e-08,931.6,ASK
554,1712606516.9430234,15485667.67481411,921.1,-4.3204462947869324e-10,931.6,ASK
555,1712606520.5560048,15485667.67481411,921.1,-0.0,931.6,ASK
556,1712606533.5088222,15487571.44771632,921.1,1.2648083175984197e-07,931.6,BID
557,1712606538.4225814,15487698.05161632,921.1,8.411174755935564e-09,931.6,BID
558,1712606539.6025703,15487704.55911376,922.0,4.3233816797420924e-10,931.6,BID
559,1712606539.6123793,15487704.5592086,921.1,6.30089881093104e-15,931.6,BID
560,1712606550.5764158,15487704.5592086,921.1,0.0,931.6,BID
561,1712606576.9726722,15488087.78200877,922.8,2.5456974147484208e-08,931.6,BID
562,1712606580.5329,15488087.78200877,922.8,0.0,931.6,BID
563,1712606580.6476538,15488094.28960105,921.1,-4.322804298676855e-10,931.6,ASK
564,1712606604.292797,15488100.79155163,922.8,4.3190566809727687e-10,931.6,BID
565,1712606610.5345263,15488100.79155163,922.8,0.0,931.6,BID
566,1712606640.7760148,15488100.79155163,922.8,0.0,931.6,BID
567,1712606645.081982,15488107.29350221,921.1,-4.319053241064632e-10,931.6,ASK
568,1712606657.331433,15488675.15267313,921.1,-3.7721203233120334e-08,931.6,ASK
569,1712606662.6317449,15488833.6834088,922.6,1.0530727344230237e-08,931.6,BID
570,1712606662.6389942,15489756.37517414,922.6,6.129168178346009e-08,931.6,BID
571,1712606663.8908813,15490807.50646036,921.1,-6.982353883240341e-08,931.6,ASK
572,1712606664.0107732,15492421.22123316,921.1,1.071942939766828e-07,931.6,BID
573,1712606669.551464,15492427.73518387,921.1,4.3270245724122074e-10,931.6,BID
574,1712606670.744347,15492427.73518387,921.1,0.0,931.6,BID
575,1712606672.670966,15492630.26788387,921.1,1.3450085206206196e-08,931.6,BID
576,1712606687.6703396,15492788.39738387,921.1,1.050129311764818e-08,931.6,BID
577,1712606700.5362325,15492788.39738387,921.1,0.0,931.6,BID
578,1712606708.550366,15492788.39744186,921.1,3.8536995552878675e-15,931.6,BID
579,1712606711.5399451,15492794.91139257,921.0,-4.328836904734293e-10,931.6,ASK
580,1712606730.5205274,15492794.91139257,921.0,-0.0,931.6,ASK
581,1712606754.121443,15492903.48902558,921.0,-7.215508658144712e-09,931.6,ASK
582,1712606760.7766385,15492903.48902558,921.0,-0.0,931.6,ASK
583,1712606768.7582712,15492909.99661777,922.0,4.324580896518641e-10,931.6,BID
584,1712606776.4484797,15493292.75692145,922.0,2.5436103690834705e-08,931.6,BID
585,1712606782.1681013,15493618.13653099,922.0,2.1622904485068843e-08,931.6,BID
586,1712606790.771418,15493618.13653099,922.0,0.0,931.6,BID
587,1712606815.2272687,15493624.64412318,921.0,-4.3243915438157374e-10,931.6,ASK
588,1712606820.479627,15493624.64412318,921.0,-0.0,931.6,ASK
589,1712606835.2468934,15493631.15171537,922.0,4.324389821513064e-10,931.6,BID
590,1712606850.5013485,15493631.15171537,922.0,0.0,931.6,BID
591,1712606856.2767248,15493879.86646591,922.0,1.6527450944293936e-08,931.6,BID
592,1712606876.8357136,15493886.3740581,921.0,-4.324388097341729e-10,931.6,ASK
593,1712606880.7708142,15493886.3740581,921.0,-0.0,931.6,ASK
594,1712606900.2253633,15493892.88165029,922.0,4.3243204797330256e-10,931.6,BID
595,1712606906.4250703,15493910.25407157,922.0,1.154404193251201e-09,931.6,BID
596,1712606910.7520683,15493910.25407157,922.0,0.0,931.6,BID
597,1712606929.224872,15494347.16034728,922.0,2.9032550541036106e-08,931.6,BID
598,1712606940.578419,15494347.16034728,922.0,0.0,931.6,BID
599,1712606943.7245765,15494353.66793947,921.0,-4.324198402795924e-10,931.6,ASK
600,1712606962.7680306,15494561.89359556,922.0,1.3836285728883923e-08,931.6,BID
601,1712606965.0275178,15494568.40118775,922.0,4.324198402795924e-10,931.6,BID
602,1712606970.6400874,15494568.40118775,922.0,0.0,931.6,BID
603,1712607000.6430132,15494568.40118775,922.0,0.0,931.6,BID
604,1712607008.1336496,15495109.78158775,922.0,3.598030374396011e-08,931.6,BID
605,1712607010.282998,15495116.28917994,921.0,-4.3249652857771407e-10,931.6,ASK
606,1712607013.1733031,15495124.96973549,921.0,-5.76912325176467e-10,931.6,ASK
607,1712607030.3961608,15495131.47732768,922.0,4.3249652857771407e-10,931.6,BID
608,1712607030.5187564,15495131.47732768,922.0,0.0,931.6,BID
609,1712607046.9534564,15495189.03546008,922.0,3.825198762879135e-09,931.6,BID
610,1712607046.9589665,15495321.28332768,922.0,8.78892970388698e-09,931.6,BID
611,1712607060.7481756,15495321.28332768,922.0,0.0,931.6,BID
612,1712607074.552138,15495327.79091987,921.4,-4.324765771811367e-10,931.6,ASK
613,1712607090.7370088,15495327.79091987,921.4,-0.0,931.6,ASK
614,1712607095.2323277,15495334.2977625,922.1,4.324265911768982e-10,931.6,BID
615,1712607095.2391462,15495334.29780632,922.0,2.9121940301670304e-15,931.6,BID
616,1712607120.4976735,15495334.29780632,922.0,0.0,931.6,BID
617,1712607128.474043,15496334.29780632,922.0,6.64571810538542e-08,931.6,BID
618,1712607138.5613277,15496340.80469277,921.2,-4.3242933081886764e-10,931.6,ASK
619,1712607144.5754511,15496886.13216181,922.4,3.624092634361197e-08,931.6,BID
620,1712607144.5788612,15496988.07342677,922.1,6.774729102366441e-09,931.6,BID
621,1712607148.721432,15497301.55979965,922.6,2.0833420640444583e-08,931.6,BID
622,1712607148.7259262,15498505.07342677,922.7,7.998212301825224e-08,931.6,BID
623,1712607150.5328646,15498505.07342677,922.7,0.0,931.6,BID
624,1712607157.651252,15498511.57608202,922.7,4.3206415781571087e-10,931.6,BID
625,1712607180.7608242,15498511.57608202,922.7,0.0,931.6,BID
626,1712607201.1705313,15498559.91449749,922.7,3.211809275427957e-09,931.6,BID
627,1712607201.1807494,15498581.59236439,922.6,1.440369389543849e-09,931.6,BID
628,1712607201.1865852,15499011.57608202,922.7,2.856994130111389e-08,931.6,BID
629,1712607207.6006794,15499018.07873727,921.5,-4.3206398569042555e-10,931.6,ASK
630,1712607210.7476823,15499018.07873727,921.5,-0.0,931.6,ASK
631,1712607214.5803044,15499454.14533727,922.7,2.897321411905755e-08,931.6,BID
632,1712607228.5904758,15499460.64799252,922.7,4.3205056950947236e-10,931.6,BID
633,1712607231.6645498,15499559.7951903,921.5,-6.5875556408448764e-09,931.6,ASK
634,1712607240.4981031,15499559.7951903,921.5,-0.0,931.6,ASK
635,1712607242.4404995,15499668.31390978,921.5,-7.209980551485338e-09,931.6,ASK
636,1712607245.4706874,15499887.15354208,922.7,1.4539698775941356e-08,931.6,BID
637,1712607270.552309,15499887.15354208,922.7,0.0,931.6,BID
638,1712607271.399934,15499908.82905958,922.7,1.440091861420424e-09,931.6,BID
639,1712607271.661806,15499915.33171483,921.5,-4.3202755837662645e-10,931.6,ASK
640,1712607293.089455,15499921.83437008,922.7,4.3202755850037805e-10,931.6,BID
641,1712607300.5183952,15499921.83437008,922.7,0.0,931.6,BID
642,1712607330.4998434,15499921.83437008,922.7,0.0,931.6,BID
643,1712607360.7884085,15499921.83437008,922.7,0.0,931.6,BID
644,1712607369.1891017,15499928.33702533,921.8,-4.3210482624822074e-10,931.6,ASK
645,1712607390.751267,15499928.33702533,921.8,-0.0,931.6,ASK
646,1712607391.0110304,15499934.83968058,922.7,4.3210465425856234e-10,931.6,BID
647,1712607420.5171692,15499934.83968058,922.7,0.0,931.6,BID
648,1712607434.2883403,15499941.34233583,921.8,-4.3210448185345076e-10,931.6,ASK
649,1712607450.511836,15499941.34233583,921.8,-0.0,931.6,ASK
650,1712607455.4379666,15499947.84499108,922.7,4.3210430986406647e-10,931.6,BID
651,1712607480.7723625,15499947.84499108,922.7,0.0,931.6,BID
652,1712607485.7928329,15500111.30958395,922.7,1.0862289972584877e-08,931.6,BID
653,1712607486.3922176,15500364.08542652,922.7,1.6797059545705106e-08,931.6,BID
654,1712607488.997546,15500494.35098205,922.7,8.656200176129411e-09,931.6,BID
655,1712607500.557723,15500500.8536373,921.8,-4.3210413758300335e-10,931.6,ASK
656,1712607510.7229924,15500500.8536373,921.8,-0.0,931.6,ASK
657,1712607540.536878,15500500.8536373,921.8,-0.0,931.6,ASK
658,1712607543.8824298,15505931.9666633,922.7,3.608874759546786e-07,931.6,BID
659,1712607543.8915613,15506885.36539626,922.7,6.335159306561013e-08,931.6,BID
660,1712607556.3283837,15506891.86805151,922.7,4.3208948686680125e-10,931.6,BID
661,1712607570.5478425,15506891.86805151,922.7,0.0,931.6,BID
662,1712607597.8267412,15506898.37070676,921.8,-4.3192024135430847e-10,931.6,ASK
663,1712607600.5597746,15506898.37070676,921.8,-0.0,931.6,ASK
664,1712607618.5867386,15507006.8541088,921.8,-7.207143494080124e-09,931.6,ASK
665,1712607621.1967225,15507013.35676405,922.7,4.3200681952179354e-10,931.6,BID
666,1712607630.4737277,15507013.35676405,922.7,0.0,931.6,BID
667,1712607660.537966,15507013.35676405,922.7,0.0,931.6,BID
668,1712607660.5921369,15507019.8594193,921.7,-4.3200377715938045e-10,931.6,ASK
669,1712607673.1066182,15508464.5180828,922.7,9.597587069151476e-08,931.6,BID
670,1712607673.1149266,15508536.8594193,922.7,4.805995307392722e-09,931.6,BID
671,1712607684.1060638,15508786.88381758,922.7,1.6610366119936347e-08,931.6,BID
672,1712607690.543636,15508786.88381758,922.7,0.0,931.6,BID
673,1712607718.1059048,15508793.38647283,922.7,4.3195681666996604e-10,931.6,BID
674,1712607720.76202,15508793.38647283,922.7,0.0,931.6,BID
675,1712607745.3061273,15509226.46331253,922.7,2.8768312523266425e-08,931.6,BID
676,1712607750.7360754,15509226.46331253,922.7,0.0,931.6,BID
677,1712607757.635885,15509400.0929932,922.7,1.1533519855306704e-08,931.6,BID
678,1712607760.765697,15509406.59564845,921.7,-4.3194517872821004e-10,931.6,ASK
679,1712607780.5095177,15509406.59564845,921.7,-0.0,931.6,ASK
680,1712607810.5218754,15509406.59564845,921.7,-0.0,931.6,ASK
681,1712607840.718968,15509406.59564845,921.7,-0.0,931.6,ASK
682,1712607846.8553462,15509413.0983037,922.7,4.3194040993802124e-10,931.6,BID
683,1712607851.7952998,15509484.51091083,921.8,-4.743599286253258e-09,931.6,ASK
684,1712607870.7454906,15509484.51091083,921.8,-0.0,931.6,ASK
685,1712607890.4858186,15509491.01356608,921.8,-4.3193834919696117e-10,931.6,ASK
686,1712607900.543515,15509491.01356608,921.8,-0.0,931.6,ASK
687,1712607909.25493,15509505.73994232,922.7,9.787883737723792e-10,931.6,BID
688,1712607912.0649507,15509512.24259757,922.7,4.3219888280014936e-10,931.6,BID
689,1712607930.555158,15509512.24259757,922.7,0.0,931.6,BID
690,1712607938.814466,15509517.66256072,922.7,3.602372996606985e-10,931.6,BID
691,1712607951.4097054,15509524.16521597,922.0,-4.3219831998960154e-10,931.6,ASK
692,1712607956.9719143,15510108.77389063,922.7,3.885595612268353e-08,931.6,BID
693,1712607956.9754653,15510301.91115916,922.7,1.2836848916114604e-08,931.6,BID
694,1712607960.7296233,15510301.91115916,922.7,0.0,931.6,BID
695,1712607973.324407,15510308.41381441,922.7,4.321773907006203e-10,931.6,BID
696,1712607978.045099,15510325.52906567,922.7,1.1375083477779621e-09,931.6,BID
697,1712607978.0531142,15510433.90665319,922.7,7.202956511924594e-09,931.6,BID
698,1712607978.0570753,15510535.76811575,922.8,6.769883901732778e-09,931.6,BID
699,1712607990.761351,15510535.76811575,922.8,0.0,931.6,BID
700,1712608020.178085,15510542.270771,922.0,-4.321711926025607e-10,931.6,ASK
701,1712608020.5257494,15510542.270771,922.0,-0.0,931.6,ASK
702,1712608039.5342472,15510548.77272158,922.8,4.3212418739198375e-10,931.6,BID
703,1712608050.5273278,15510548.77272158,922.8,0.0,931.6,BID
704,1712608070.6446755,15510548.77515153,922.8,1.6149617906259648e-13,931.6,BID
705,1712608070.6537113,15510648.77515153,922.8,6.646067358428561e-09,931.6,BID
706,1712608080.7858083,15510648.77515153,922.8,0.0,931.6,BID
707,1712608084.374093,15510655.27710211,922.8,-4.3212136493936656e-10,931.6,ASK
708,1712608105.2636864,15510655.77764382,923.0,3.32661351354617e-11,931.6,BID
709,1712608105.2824402,15510661.77764382,923.0,3.9876159584502496e-10,931.6,BID
710,1712608110.7446716,15510661.77764382,923.0,0.0,931.6,BID
711,1712608124.923869,15510711.57710211,923.0,3.3096826037424233e-09,931.6,BID
712,1712608124.9320707,15510767.00740361,923.0,3.683909642747295e-09,931.6,BID
713,1712608140.530841,15510767.00740361,923.0,0.0,931.6,BID
714,1712608150.7735608,15510773.50794532,923.0,-4.3202459767284847e-10,931.6,ASK
715,1712608166.293686,15512781.314813,923.0,-1.3343841067346868e-07,931.6,ASK
716,1712608170.5226426,15512781.314813,923.0,-0.0,931.6,ASK
717,1712608170.9234924,15512792.14670209,923.2,7.197960692081729e-10,931.6,BID
718,1712608170.9310136,15512802.97624507,923.4,7.196401664110034e-10,931.6,BID
719,1712608177.223388,15515802.97624507,923.0,-1.9935471915114388e-07,931.6,ASK
720,1712608200.83711,15515802.97624507,923.0,-0.0,931.6,ASK
721,1712608206.6232655,15515802.97624509,923.4,1.3732228545644877e-18,931.6,BID
722,1712608206.631445,15515809.47326726,923.5,4.3544425041157034e-10,931.6,BID
723,1712608230.746158,15515809.47326726,923.5,0.0,931.6,BID
724,1712608260.5369177,15515809.47326726,923.5,0.0,931.6,BID
725,1712608281.3830004,15515815.97028945,923.0,-4.354440768033005e-10,931.6,ASK
726,1712608290.544165,15515815.97028945,923.0,-0.0,931.6,ASK
727,1712608302.4330888,15515822.46731164,923.5,4.3544390166707727e-10,931.6,BID
728,1712608320.7572446,15515822.46731164,923.5,0.0,931.6,BID
729,1712608344.669971,15515828.96433383,923.0,-4.35443726685866e-10,931.6,ASK
730,1712608348.2328362,15517516.6331007,923.0,-1.1311101542300413e-07,931.6,ASK
731,1712608350.7813003,15517516.6331007,923.0,-0.0,931.6,ASK
732,1712608368.4725437,15517523.13012289,923.5,4.3539809549303114e-10,931.6,BID
733,1712608380.4996617,15517523.13012289,923.5,0.0,931.6,BID
734,1712608410.5182014,15517523.13012289,923.5,0.0,931.6,BID
735,1712608414.6424158,15517529.62714508,923.1,-4.3539792029899447e-10,931.6,ASK
736,1712608422.2925072,15517848.12199809,923.1,-2.134393151021998e-08,931.6,ASK
737,1712608428.1724527,15518931.42824876,923.1,7.259776476864623e-08,931.6,BID
738,1712608436.004224,15518937.92808626,923.1,4.3558658840816277e-10,931.6,BID
739,1712608440.5587626,15518937.92808626,923.1,0.0,931.6,BID
740,1712608453.3825748,15518947.92808626,923.0,-6.70091319129554e-10,931.6,ASK
741,1712608470.5346072,15518947.92808626,923.0,-0.0,931.6,ASK
742,1712608480.302448,15518954.42792376,923.0,-4.3554819900669004e-10,931.6,ASK
743,1712608490.902161,15518965.26215994,923.1,7.259923123670962e-10,931.6,BID
744,1712608500.5743191,15518965.26215994,923.1,0.0,931.6,BID
745,1712608504.6521938,15518971.76199744,923.1,4.3596338614291447e-10,931.6,BID
746,1712608529.1019156,15518992.31720569,923.1,1.378698804357938e-09,931.6,BID
747,1712608530.533879,15518992.31720569,923.1,0.0,931.6,BID
748,1712608543.9724038,15519196.58813532,923.0,-1.3701034369332809e-08,931.6,ASK
749,1712608543.9822311,15520363.56375829,923.0,-7.827238632223866e-08,931.6,ASK
750,1712608547.9120045,15520370.06359579,922.8,-4.3596265585547505e-10,931.6,ASK
751,1712608553.171935,15521773.29004024,922.8,-9.411840332885549e-08,931.6,ASK
752,1712608560.7526934,15521773.29004024,922.8,-0.0,931.6,ASK
753,1712608568.201869,15523363.61334394,922.8,-1.066491645197842e-07,931.6,ASK
754,1712608569.74154,15523370.11388565,923.0,4.359348447045543e-10,931.6,BID
755,1712608584.5616877,15523380.94812183,922.9,7.26558074174493e-10,931.6,BID
756,1712608590.713092,15523380.94812183,922.9,0.0,931.6,BID
757,1712608602.8616734,15523413.43809907,922.9,2.178603698119602e-09,931.6,BID
758,1712608613.282203,15523419.93864078,922.0,-4.3589147840303845e-10,931.6,ASK
759,1712608620.4973238,15523419.93864078,922.0,-0.0,931.6,ASK
760,1712608636.8415167,15523426.43988685,922.9,4.3593765712370376e-10,931.6,BID
761,1712608644.2916005,15523432.76668281,922.9,4.24239996259249e-10,931.6,BID
762,1712608650.503451,15523432.76668281,922.9,0.0,931.6,BID
763,1712608680.7707517,15523432.76668281,922.9,0.0,931.6,BID
764,1712608683.5063777,15523439.26792888,922.0,-4.359373111762993e-10,931.6,ASK
765,1712608705.8519783,15523445.76987946,922.8,4.359845516978367e-10,931.6,BID
766,1712608710.7605717,15523445.76987946,922.8,0.0,931.6,BID
767,1712608739.4827266,15523486.9980266,922.0,-2.7645274396857867e-09,931.6,ASK
768,1712608739.4949243,15523497.84401358,922.0,-7.27270825741814e-10,931.6,ASK
769,1712608739.562245,15523782.23647383,922.0,1.9069757302913312e-08,931.6,BID
770,1712608740.4940002,15523782.23647383,922.0,0.0,931.6,BID
771,1712608749.93254,15523788.73842441,922.0,-4.359751318804143e-10,931.6,ASK
772,1712608770.5001311,15524323.75279141,922.7,3.587430516206296e-08,931.6,BID
773,1712608770.5032525,15524323.75279205,922.7,4.2839293451643303e-17,931.6,BID
774,1712608770.5106728,15524323.75279205,922.7,0.0,931.6,BID
775,1712608770.5319738,15525268.89772565,922.9,6.337265674803325e-08,931.6,BID
776,1712608770.5376968,15525306.81344443,923.1,2.542276582386562e-09,931.6,BID
777,1712608770.5408804,15525395.60608119,923.5,5.953611018878064e-09,931.6,BID
778,1712608770.5439188,15525759.22783219,923.1,2.438110346160389e-08,931.6,BID
779,1712608770.5469978,15525784.5703205,923.5,1.699232314194876e-09,931.6,BID
780,1712608770.5500522,15525892.92442171,922.9,7.265221469389995e-09,931.6,BID
781,1712608770.5531957,15525903.75279205,923.5,7.260501243722219e-10,931.6,BID
782,1712608770.588979,15526030.7321102,923.6,8.514055841835901e-09,931.6,BID
783,1712608774.8125448,15526037.22842895,923.6,4.355829075936125e-10,931.6,BID
784,1712608800.570458,15526037.22842895,923.6,0.0,931.6,BID
785,1712608815.923047,15526043.7247477,922.2,-4.3586281854882166e-10,931.6,ASK
786,1712608830.5162113,15526043.7247477,922.2,-0.0,931.6,ASK
787,1712608839.5339327,15526050.22106645,923.6,4.358626433526592e-10,931.6,BID
788,1712608860.7730832,15526050.22106645,923.6,0.0,931.6,BID
789,1712608884.9340131,15526056.7173852,922.4,-4.35862467890671e-10,931.6,ASK
790,1712608890.7274003,15526056.7173852,922.4,-0.0,931.6,ASK
791,1712608905.494535,15526091.3996236,923.6,2.326960933573605e-09,931.6,BID
792,1712608905.497993,15528386.59032557,923.6,1.5399291813258137e-07,931.6,BID
793,1712608905.590139,15528955.34270657,923.7,3.8159721878452754e-08,931.6,BID
794,1712608905.5965967,15528955.34270751,923.7,6.298579787364576e-17,931.6,BID
795,1712608909.2874966,15528961.83691684,923.9,4.3572076381891675e-10,931.6,BID
796,1712608920.5344222,15528961.83691684,923.9,0.0,931.6,BID
797,1712608926.4039323,15529015.95532792,923.8,-3.6303528004970405e-09,931.6,ASK
798,1712608950.514118,15529015.95532792,923.8,-0.0,931.6,ASK
799,1712608950.5764902,15529022.44953725,923.6,-4.3564087497219435e-10,931.6,ASK
800,1712608973.6240437,15529028.94374658,923.9,4.3564087509714314e-10,931.6,BID
801,1712608980.7954135,15529028.94374658,923.9,0.0,931.6,BID
802,1712608986.1343532,15530157.34364658,923.9,7.569462258339469e-08,931.6,BID
803,1712609010.768458,15530157.34364658,923.9,0.0,931.6,BID
804,1712609012.3246713,15530183.44469226,924.0,1.7507717269836863e-09,931.6,BID
805,1712609012.3331237,15530196.6445325,923.9,8.85401580348808e-10,931.6,BID
806,1712609012.3397186,15530207.46821472,923.9,7.260167675505251e-10,931.6,BID
807,1712609012.3432517,15530307.46821472,924.0,6.707668912943611e-09,931.6,BID
808,1712609012.3468435,15530318.33541806,923.9,7.289360201391462e-10,931.6,BID
809,1712609012.3504424,15530418.33541806,924.0,6.707668912943611e-09,931.6,BID
810,1712609012.3540685,15530526.53710601,924.2,7.257810985820454e-09,931.6,BID
811,1712609012.357719,15530580.64966013,924.0,3.629690970700311e-09,931.6,BID
812,1712609012.361398,15530743.00489339,923.9,1.0890251510009446e-08,931.6,BID
813,1712609012.365059,15532309.43039614,924.3,1.0507063649232609e-07,931.6,BID
814,1712609012.3689058,15532320.25056494,924.2,7.25781098969359e-10,931.6,BID
815,1712609018.694592,15532326.74477427,923.7,-4.356100604053753e-10,931.6,ASK
816,1712609040.532367,15532326.74477427,923.7,-0.0,931.6,ASK
817,1712609066.6743455,15533408.64459034,924.3,7.256049906635842e-08,931.6,BID
818,1712609070.5318289,15533408.64459034,924.3,0.0,931.6,BID
819,1712609070.9545755,15533430.28258666,924.3,1.451112658468362e-09,931.6,BID
820,1712609072.2741292,15533436.77398555,924.3,4.353337971157982e-10,931.6,BID
821,1712609083.964571,15533536.77398555,924.3,6.706317151687771e-09,931.6,BID
822,1712609100.563445,15533536.77398555,924.3,0.0,931.6,BID
823,1712609113.044717,15533696.13063741,924.3,1.0702686518205204e-08,931.6,BID
824,1712609120.5384092,15533702.6220363,923.7,-4.3597431666021687e-10,931.6,ASK
825,1712609130.5535362,15533702.6220363,923.7,-0.0,931.6,ASK
826,1712609140.0648737,15533709.11343519,924.3,4.3596982813739917e-10,931.6,BID
827,1712609156.8648086,15533817.30341679,924.3,7.266163809503936e-09,931.6,BID
828,1712609160.5583472,15533817.30341679,924.3,0.0,931.6,BID
1029,1712609176.854999,15533823.79481568,923.7,-4.3596672445448554e-10,931.6,ASK
829,1712609176.854999,15533823.79481568,923.7,-4.359667244544856e-10,931.6,ASK
830,1712609190.519315,15533823.79481568,923.7,-0.0,931.6,ASK
1031,1712609190.9452634,15533904.31780857,923.7,-5.407976295072896e-09,931.6,ASK
831,1712609190.9452634,15533904.31780857,923.7,-5.4079762950728964e-09,931.6,ASK
832,1712609190.9509077,15534094.44545983,923.7,-1.2769096057428064e-08,931.6,ASK
833,1712609200.445353,15534100.93685872,924.3,4.3596654888968237e-10,931.6,BID
834,1712609205.2150912,15535615.93685872,924.3,1.0174838009553828e-07,931.6,BID
835,1712609220.7536733,15535615.93685872,924.3,0.0,931.6,BID
836,1712609236.8650286,15535621.35717679,924.3,3.6399157807406536e-10,931.6,BID
837,1712609245.8448858,15535627.84857568,923.9,-4.3591805773401644e-10,931.6,ASK
838,1712609250.754298,15535627.84857568,923.9,-0.0,931.6,ASK
839,1712609255.7450342,15535638.6722579,923.9,-7.26844109226155e-10,931.6,ASK
840,1712609268.165454,15535645.16365679,924.3,4.3591773551142527e-10,931.6,BID
841,1712609269.4021084,15535727.84857568,923.9,-5.552550877944375e-09,931.6,ASK
842,1712609280.528756,15535727.84857568,923.9,-0.0,931.6,ASK
843,1712609283.3851748,15536398.72678395,923.9,4.505129015511805e-08,931.6,BID
1043,1712609283.3851748,15536398.72678395,923.9,4.5051290155118054e-08,931.6,BID
844,1712609283.3904097,15536516.53538892,923.9,7.911167153547889e-09,931.6,BID
845,1712609310.522068,15536516.53538892,923.9,0.0,931.6,BID
1046,1712609315.9953022,15536523.02678781,923.9,-4.358937017407808e-10,931.6,ASK
846,1712609315.9953022,15536523.02678781,923.9,-4.3589370174078074e-10,931.6,ASK
1047,1712609328.415106,15537246.85100235,923.9,-4.860437968039706e-08,931.6,ASK
847,1712609328.415106,15537246.85100235,923.9,-4.8604379680397063e-08,931.6,ASK
1048,1712609335.8450208,15537253.34240124,924.3,4.358937017407808e-10,931.6,BID
848,1712609335.8450208,15537253.34240124,924.3,4.3589370174078074e-10,931.6,BID
849,1712609340.7784405,15537253.34240124,924.3,0.0,931.6,BID
850,1712609353.9090235,15537469.72236445,924.3,1.4529125929221126e-08,931.6,BID
851,1712609370.7593312,15537469.72236445,924.3,0.0,931.6,BID
852,1712609385.295195,15537476.21376334,923.9,-4.3586792403661756e-10,931.6,ASK
853,1712609400.5397987,15537476.21376334,923.9,-0.0,931.6,ASK
854,1712609403.6354086,15537482.70516223,924.3,4.3616090071736277e-10,931.6,BID
1055,1712609419.1950767,15537502.42819587,924.3,1.3252022038074402e-09,931.6,BID
855,1712609419.1950767,15537502.42819587,924.3,1.32520220380744e-09,931.6,BID
856,1712609423.835665,15537950.34661467,924.3,3.0095901401114654e-08,931.6,BID
857,1712609430.5157504,15537950.34661467,924.3,0.0,931.6,BID
858,1712609444.3559053,15538721.70832734,924.3,5.182672004270036e-08,931.6,BID
859,1712609444.3651989,15539032.24643074,924.3,2.0864623020741985e-08,931.6,BID
860,1712609449.9753575,15539038.73782963,923.9,-4.36148057920608e-10,931.6,ASK
861,1712609460.746546,15539038.73782963,923.9,-0.0,931.6,ASK
862,1712609468.965435,15539045.22922852,924.3,4.3611858010814655e-10,931.6,BID
863,1712609478.155857,15539694.36911816,924.3,4.361185804410192e-08,931.6,BID
864,1712609490.7765963,15539694.36911816,924.3,0.0,931.6,BID
865,1712609502.554855,15539925.31600037,924.3,1.5515319197611456e-08,931.6,BID
866,1712609502.5596783,15539936.13382816,924.4,7.2675608159876e-10,931.6,BID
1066,1712609502.5596783,15539936.13382816,924.4,7.267560815987601e-10,931.6,BID
867,1712609502.5629416,15542034.26446565,924.3,1.4095521120422605e-07,931.6,BID
868,1712609502.568355,15542628.02952592,924.5,3.988992771973232e-08,931.6,BID
869,1712609502.5716672,15542708.16277903,924.3,5.383458691555244e-09,931.6,BID
870,1712609502.5749834,15547688.63404399,924.5,3.3459469420288685e-07,931.6,BID
871,1712609502.5803802,15547807.21706183,924.5,7.966565106259155e-09,931.6,BID
872,1712609516.1622016,15547813.70846072,923.9,-4.3610082477254247e-10,931.6,ASK
873,1712609520.5278113,15547813.70846072,923.9,-0.0,931.6,ASK
874,1712609535.6751766,15547820.19845531,924.5,4.357867354584526e-10,931.6,BID
875,1712609548.9755616,15548744.54938332,924.5,6.206782883972527e-08,931.6,BID
876,1712609550.5063946,15548744.54938332,924.5,0.0,931.6,BID
877,1712609580.746244,15548744.54938332,924.5,0.0,931.6,BID
878,1712609582.8555136,15548751.03937791,924.5,-4.357615551545176e-10,931.6,ASK
1078,1712609582.8555136,15548751.03937791,924.5,-4.3576155515451755e-10,931.6,ASK
879,1712609603.035298,15548757.52726718,924.8,4.3562019653896656e-10,931.6,BID
880,1712609610.7510304,15548757.52726718,924.8,0.0,931.6,BID
881,1712609640.491984,15548757.52726718,924.8,0.0,931.6,BID
882,1712609651.065359,15548764.01515645,924.5,-4.3561984542492286e-10,931.6,ASK
883,1712609670.5181916,15548764.01515645,924.5,-0.0,931.6,ASK
884,1712609676.5255806,15548768.34041597,924.8,2.9041311378361985e-10,931.6,BID
885,1712609676.5354595,15548783.06792461,924.8,9.88856650767991e-10,931.6,BID
886,1712609683.4955895,15548837.13366855,924.8,3.6301639184807797e-09,931.6,BID
887,1712609695.7752883,15548848.13366855,924.8,7.385786302624346e-10,931.6,BID
888,1712609700.7641733,15548848.13366855,924.8,0.0,931.6,BID
889,1712609701.655635,15548863.27909458,924.5,-1.0179962354998475e-09,931.6,ASK
890,1712609701.6721504,15549064.49022416,924.5,-1.3524358577356062e-08,931.6,ASK
891,1712609730.7849607,15549064.49022416,924.5,-0.0,931.6,ASK
892,1712609734.2551374,15549070.97811343,924.8,4.3607608294293534e-10,931.6,BID
893,1712609749.0352569,15549082.97811343,924.8,8.06566323507228e-10,931.6,BID
894,1712609760.5069382,15549082.97811343,924.8,0.0,931.6,BID
895,1712609779.8454225,15549089.4660027,924.5,-4.360755819319485e-10,931.6,ASK
896,1712609790.53023,15549089.4660027,924.5,-0.0,931.6,ASK
897,1712609800.205227,15549095.95389197,924.8,4.3607540600213527e-10,931.6,BID
898,1712609820.7436466,15549095.95389197,924.8,0.0,931.6,BID
899,1712609824.0155694,15551155.61471947,924.5,-1.384374843763057e-07,931.6,ASK
900,1712609824.0231774,15553692.35202761,924.5,-1.7050357358545746e-07,931.6,ASK
901,1712609836.215351,15553742.35202761,924.9,3.360686442350198e-09,931.6,BID
902,1712609836.2263455,15553753.21923095,924.9,7.30425258615603e-10,931.6,BID
903,1712609836.2321842,15553756.58168772,924.8,2.2600325763980782e-10,931.6,BID
904,1712609836.2380002,15557313.63891458,925.0,2.390830799393789e-07,931.6,BID
905,1712609836.2432022,15557324.45206337,924.8,7.26792050818596e-10,931.6,BID
906,1712609836.24658,15557335.26404305,924.9,7.267134704698893e-10,931.6,BID
907,1712609836.2499878,15558408.72608494,925.0,7.21513866111624e-08,931.6,BID
908,1712609836.31536,15558419.53689576,925.0,7.26634907022551e-10,931.6,BID
909,1712609836.3253791,15558744.94061234,925.0,2.1871597172078786e-08,931.6,BID
910,1712609847.8852415,15558751.42850161,924.5,-4.360752301406108e-10,931.6,ASK
911,1712609850.7544718,15558751.42850161,924.5,-0.0,931.6,ASK
912,1712609869.106699,15558757.91498809,925.0,4.3571944570831856e-10,931.6,BID
913,1712609880.559517,15558757.91498809,925.0,0.0,931.6,BID
914,1712609883.345655,15559796.97626274,925.0,6.979726568412963e-08,931.6,BID
915,1712609883.3535297,15559812.3002605,925.0,1.029364840143703e-09,931.6,BID
916,1712609910.5129554,15559812.3002605,925.0,0.0,931.6,BID
917,1712609911.4954145,15559818.78674698,925.0,-4.3569072610280727e-10,931.6,ASK
918,1712609934.0398362,15559836.9037073,925.1,1.2168978719936095e-09,931.6,BID
919,1712609934.295586,15559843.38949262,925.1,4.3564362982190367e-10,931.6,BID
920,1712609940.598524,15559843.38949262,925.1,0.0,931.6,BID
921,1712609952.4161458,15559860.0719296,925.0,-1.1205402278954763e-09,931.6,ASK
922,1712609952.4247308,15560307.93250504,924.6,-3.0082283053769736e-08,931.6,ASK
923,1712609952.4333854,15560407.93250504,925.0,-6.716885723699876e-09,931.6,ASK
924,1712609952.7552092,15560429.55178944,925.1,1.4521426274777959e-09,931.6,BID
925,1712609955.9254212,15560491.42618141,925.1,4.156032200811568e-09,931.6,BID
926,1712609955.930049,15565641.16622544,925.1,3.459021538251936e-07,931.6,BID
927,1712609969.4344292,15566369.17532595,925.1,4.8899539339379146e-08,931.6,BID
928,1712609970.5172937,15566369.17532595,925.1,0.0,931.6,BID
929,1712609971.9451363,15566390.79461035,925.1,1.451554047056373e-09,931.6,BID
930,1712609980.9054654,15566397.28039567,924.7,-4.3546621416693636e-10,931.6,ASK
931,1712609982.8156917,15568122.24741153,925.1,1.1581710137658229e-07,931.6,BID
932,1712609983.235893,15568559.6884128,925.1,2.9370502928185578e-08,931.6,BID
933,1712609983.2437377,15570625.83712957,925.1,1.3872459773955321e-07,931.6,BID
934,1712609983.250677,15571706.80134953,925.1,7.25777023539442e-08,931.6,BID
935,1712609983.2549665,15571706.80134966,925.1,8.754272520313509e-18,931.6,BID
1136,1712609983.360551,15571806.80134966,925.5,6.7141632455389344e-09,931.6,BID
936,1712609983.360551,15571806.80134966,925.5,6.714163245538934e-09,931.6,BID
937,1712609983.375172,15573003.72860682,925.5,8.036364997605552e-08,931.6,BID
938,1712609985.925208,15573203.72860682,925.1,-1.3428326491077869e-08,931.6,ASK
939,1712609988.8957944,15575365.65704699,925.7,1.4515540472477164e-07,931.6,BID
940,1712610000.680852,15575365.65704699,925.7,0.0,931.6,BID
941,1712610004.8154683,15575372.13932875,925.6,4.3674968960511724e-10,931.6,BID
942,1712610007.385268,15575426.15250796,925.6,3.6391875778657596e-09,931.6,BID
943,1712610007.4252546,15575440.08054634,925.7,9.384143831931355e-10,931.6,BID
944,1712610007.434343,15575480.16568717,925.6,2.700773194547128e-09,931.6,BID
945,1712610007.4650073,15575534.17886638,925.7,3.6391875778657596e-09,931.6,BID
946,1712610009.4353628,15575858.25794167,925.7,2.1835125468826043e-08,931.6,BID
947,1712610030.5496535,15575858.25794167,925.7,0.0,931.6,BID
948,1712610032.815313,15575958.25794167,925.7,6.737384891029889e-09,931.6,BID
949,1712610037.8553443,15575969.02841567,925.7,7.2564828796174e-10,931.6,BID
950,1712610051.8064485,15575975.51069743,925.0,-4.3673627185054175e-10,931.6,ASK
951,1712610054.8355894,15575986.35550818,925.0,-7.30656640953886e-10,931.6,ASK
952,1712610058.2153497,15575996.69639524,924.8,-6.967053624051082e-10,931.6,ASK
953,1712610058.2248342,15579222.61254597,925.0,-2.1734238733658298e-07,931.6,ASK
954,1712610060.7893393,15579222.61254597,925.0,-0.0,931.6,ASK
955,1712610070.2555635,15579812.96337504,925.7,3.976586967728159e-08,931.6,BID
956,1712610070.264449,15579888.36911937,925.7,5.079310224251378e-09,931.6,BID
957,1712610070.2689917,15579918.56911937,925.7,2.034263704040269e-09,931.6,BID
958,1712610071.8853364,15579925.05070087,925.7,4.3659754934263245e-10,931.6,BID
959,1712610086.8751578,15579933.69280954,925.7,5.82130066124756e-10,931.6,BID
960,1712610090.743958,15579933.69280954,925.7,0.0,931.6,BID
961,1712610101.2957296,15580216.50172067,925.7,1.9049085942539788e-08,931.6,BID
962,1712610101.3020418,15580308.22432918,925.8,6.178135778582414e-09,931.6,BID
963,1712610111.235184,15580314.70591068,924.7,-4.3657819188047964e-10,931.6,ASK
964,1712610120.5407286,15580314.70591068,924.7,-0.0,931.6,ASK
965,1712610128.912983,15580338.44861968,925.8,1.599193454960798e-09,931.6,BID
966,1712610136.3154795,15580344.92950107,925.8,4.3652066409867115e-10,931.6,BID
1166,1712610136.3154795,15580344.92950107,925.8,4.365206640986712e-10,931.6,BID
967,1712610139.333644,15580887.42248011,925.8,3.653968978248593e-08,931.6,BID
968,1712610150.5177228,15580887.42248011,925.8,0.0,931.6,BID
969,1712610177.2850914,15580893.9033615,924.9,-4.36505075145373e-10,931.6,ASK
970,1712610180.7138455,15580893.9033615,924.9,-0.0,931.6,ASK
971,1712610191.3574908,15580911.19651336,925.8,1.1647405733468655e-09,931.6,BID
972,1712610200.3752742,15580917.67739475,925.8,4.365048989180681e-10,931.6,BID
973,1712610210.741258,15580917.67739475,925.8,0.0,931.6,BID
974,1712610240.5071845,15580917.67739475,925.8,0.0,931.6,BID
975,1712610243.0848925,15580932.70355907,925.0,-1.0120513277419278e-09,931.6,ASK
976,1712610260.3353083,15580933.90779014,925.8,8.110810089129075e-11,931.6,BID
977,1712610260.3449724,15581032.70355907,925.8,6.65415251589904e-09,931.6,BID
978,1712610270.4973693,15581032.70355907,925.8,0.0,931.6,BID
979,1712610273.1081212,15581039.18444046,925.0,-4.3650112139570094e-10,931.6,ASK
980,1712610296.495691,15581045.66532185,925.8,4.3650112139570094e-10,931.6,BID
981,1712610300.785224,15581045.66532185,925.8,0.0,931.6,BID
982,1712610303.3556738,15581070.69334094,925.9,1.686069606566033e-09,931.6,BID
983,1712610303.3634844,15581178.69636503,925.9,7.275870122704035e-09,931.6,BID
984,1712610303.368654,15581446.53861111,925.8,1.80438039792726e-08,931.6,BID
985,1712610303.372381,15581611.53392108,925.9,1.1115285486741951e-08,931.6,BID
986,1712610303.3761127,15581612.91980161,925.8,9.3363003730198e-11,931.6,BID
987,1712610314.1751883,15581623.08711161,926.0,6.849440345784748e-10,931.6,BID
988,1712610314.1866868,15581733.15610061,926.0,7.415048562239007e-09,931.6,BID
989,1712610314.1934998,15582054.47342219,927.0,2.164627444172837e-08,931.6,BID
1189,1712610314.1934998,15582054.47342219,927.0,2.1646274441728372e-08,931.6,BID
990,1712610314.1978202,15583159.44579788,926.0,7.443898504160277e-08,931.6,BID
991,1712610314.2021818,15583246.92902991,925.9,5.893507515479002e-09,931.6,BID
992,1712610314.2065935,15583371.14705916,926.6,8.368230939195702e-09,931.6,BID
993,1712610314.2110016,15585222.33134834,926.0,1.2470925304858136e-07,931.6,BID
994,1712610314.215456,15586926.33134834,926.6,1.1479384761251573e-07,931.6,BID
995,1712610314.2199068,15587109.78837959,926.9,1.2359001460538168e-08,931.6,BID
996,1712610314.224384,15588070.54743195,926.7,6.47237254982443e-08,931.6,BID
997,1712610314.2288678,15588181.95545248,926.6,7.505255476244664e-09,931.6,BID
998,1712610322.8549972,15588296.10361923,925.8,-7.689851678003796e-09,931.6,ASK
999,1712610326.446995,15588548.91498416,925.8,-1.70312143781026e-08,931.6,ASK
1000,1712610330.7945666,15588548.91498416,925.8,-0.0,931.6,ASK
1201,1712610332.1450472,15588827.03032635,925.8,1.872710624690905e-08,931.6,BID
1202,1712610335.6457837,15589056.83489898,926.8,1.5474064155484495e-08,931.6,BID
1203,1712610335.6483054,15589125.21504025,926.6,4.604428366464957e-09,931.6,BID
1204,1712610335.6507788,15589905.85806418,927.0,5.2565186569396644e-08,931.6,BID
1205,1712610335.6686046,15589912.33894557,925.8,-4.3639503449833556e-10,931.6,ASK
1206,1712610360.552806,15589912.33894557,925.8,-0.0,931.6,ASK
1207,1712610361.1448083,15589918.81143747,927.0,4.3579304590208086e-10,931.6,BID
1208,1712610379.375087,15590281.80415274,926.9,2.4440308839019928e-08,931.6,BID
1209,1712610379.3778584,15591889.80415274,926.9,1.0826668128583489e-07,931.6,BID
1210,1712610379.8648686,15591992.53750281,925.1,-6.917039097932668e-09,931.6,ASK
1211,1712610390.5251114,15591992.53750281,925.1,-0.0,931.6,ASK
1212,1712610403.5049324,15592430.37569051,927.0,2.9475830190179987e-08,931.6,BID
1213,1712610420.7616253,15592430.37569051,927.0,0.0,931.6,BID
1214,1712610431.6457489,15592578.52202655,927.0,9.973129464748773e-09,931.6,BID
1215,1712610431.6471736,15592917.80826871,927.0,2.284056230562324e-08,931.6,BID
1216,1712610433.2952824,15593443.35906831,927.0,3.537978936800917e-08,931.6,BID
1217,1712610433.2980766,15593457.18259449,927.0,9.305921424198747e-10,931.6,BID
1218,1712610435.7349567,15593549.64260956,925.5,-6.224357113868899e-09,931.6,ASK
1219,1712610437.524516,15593556.11510146,925.5,-4.3572457746157275e-10,931.6,ASK
1220,1712610448.7566593,15593572.70804568,926.9,1.117027834291851e-09,931.6,BID
1221,1712610450.1616106,15594396.10804568,926.8,5.543083292378401e-08,931.6,BID
1222,1712610450.168197,15594899.70804568,927.0,3.390207367061495e-08,931.6,BID
1223,1712610450.766637,15594899.70804568,927.0,0.0,931.6,BID
1224,1712610457.644686,15594906.18123588,926.9,4.357044542475484e-10,931.6,BID
1225,1712610460.3159642,15595985.48168936,925.6,-7.264671677390506e-08,931.6,ASK
1226,1712610460.3184934,15598022.83667778,925.5,-1.3713248274325414e-07,931.6,ASK
1227,1712610460.3201149,15598412.18123588,925.4,-2.6206422640232284e-08,931.6,ASK
1228,1712610460.321694,15600156.18123588,925.5,-1.1738702939032824e-07,931.6,ASK
1229,1712610465.3849328,15600207.18123588,926.8,3.432762900749277e-09,931.6,BID
1230,1712610480.5166378,15600207.18123588,926.8,0.0,931.6,BID
1231,1712610494.4446714,15600290.39524944,925.5,-5.599207101816843e-09,931.6,ASK
1232,1712610502.601149,15600296.86843964,925.5,-4.3556044224844336e-10,931.6,ASK
1233,1712610510.5624104,15600296.86843964,925.5,-0.0,931.6,ASK
1234,1712610522.8444865,15600303.34093154,927.0,4.3551102331882157e-10,931.6,BID
1235,1712610540.753678,15600303.34093154,927.0,0.0,931.6,BID
1236,1712610549.944578,15601274.68717825,927.0,6.535841738914459e-08,931.6,BID
1237,1712610549.946951,15601893.66423524,927.0,4.164875396599617e-08,931.6,BID
1238,1712610550.1244285,15602163.94825888,927.0,1.8186445966674976e-08,931.6,BID
1239,1712610550.6044362,15602238.84087108,927.0,-5.039256211803891e-09,931.6,ASK
1240,1712610562.9149704,15602245.31336298,927.0,4.3551084749494006e-10,931.6,BID
1241,1712610570.76462,15602245.31336298,927.0,0.0,931.6,BID
1242,1712610571.2446089,15602251.78585488,926.4,-4.3545810063273757e-10,931.6,ASK
1243,1712610590.954644,15602258.25834678,927.0,4.3545810063273757e-10,931.6,BID
1244,1712610600.5452602,15602258.25834678,927.0,0.0,931.6,BID
1245,1712610608.2789826,15602325.66169776,926.4,-4.5364986234805095e-09,931.6,ASK
1246,1712610630.5366354,15602325.66169776,926.4,-0.0,931.6,ASK
1247,1712610635.6144614,15602332.13418966,926.6,-4.356211785733583e-10,931.6,ASK
1248,1712610643.6646874,15602364.47222997,926.9,2.176462396818022e-09,931.6,BID
1249,1712610657.2078278,15602370.94542017,926.9,4.3566817659327424e-10,931.6,BID
1250,1712610660.7603505,15602370.94542017,926.9,0.0,931.6,BID
1251,1712610667.2350106,15602431.60843606,926.6,-4.08282006971344e-09,931.6,ASK
1252,1712610670.9806306,15606521.15688985,926.6,-2.752400331324495e-07,931.6,ASK
1253,1712610681.679814,15606532.19367914,926.9,7.42812142794512e-10,931.6,BID
1254,1712610690.8272934,15606532.19367914,926.9,0.0,931.6,BID
1255,1712610692.836076,15607070.9414592,926.9,3.6250086580725654e-08,931.6,BID
1256,1712610698.6491349,15607077.4146494,926.6,-4.355539158424804e-10,931.6,ASK
1257,1712610706.144118,15607095.33459761,926.9,1.2057584237852235e-09,931.6,BID
1258,1712610706.6148393,15607576.48745913,926.9,3.237476521349637e-08,931.6,BID
1259,1712610706.618127,15608174.19963159,926.9,4.021755412090556e-08,931.6,BID
1260,1712610720.5339491,15608174.19963159,926.9,0.0,931.6,BID
1261,1712610720.5372746,15608180.67282179,926.9,4.3550931641538247e-10,931.6,BID
1262,1712610724.2812183,15608235.26953609,926.6,-3.673208571020717e-09,931.6,ASK
1263,1712610739.135174,15610477.91349079,926.9,1.5088268775696393e-07,931.6,BID
1264,1712610739.1381736,15610682.00488209,926.9,1.3731050621156202e-08,931.6,BID
1265,1712610739.2550528,15611326.70274258,927.0,4.3374582834711776e-08,931.6,BID
1266,1712610739.2582855,15611434.57760774,927.0,7.2577056034888964e-09,931.6,BID
1267,1712610739.2615,15611434.57760809,926.9,2.3559553580708106e-17,931.6,BID
1268,1712610742.364396,15611449.46014295,926.9,1.0012810350750514e-09,931.6,BID
1269,1712610744.4347928,15611978.29226595,926.9,3.5579259883497746e-08,931.6,BID
1270,1712610750.4938924,15611978.29226595,926.9,0.0,931.6,BID
1271,1712610752.5649314,15611978.2922665,927.0,3.695968047885981e-17,931.6,BID
1272,1712610752.5745044,15611978.29226718,926.9,4.57297741518096e-17,931.6,BID
1273,1712610752.5765328,15612178.29226595,927.0,1.3452594741659064e-08,931.6,BID
1274,1712610752.5850384,15612178.29226718,927.0,8.26894546306694e-17,931.6,BID
1275,1712610755.074788,15612356.49226718,927.2,1.1986261988569702e-08,931.6,BID
1276,1712610767.9844975,15612362.96545738,926.9,-4.354060248797208e-10,931.6,ASK
1277,1712610771.144789,15612632.81466609,927.4,1.815086034228155e-08,931.6,BID
1278,1712610771.147164,15612740.64300338,927.4,7.252854660686969e-09,931.6,BID
1279,1712610772.8648407,15612746.16943781,927.4,3.71724416107941e-10,931.6,BID
1280,1712610772.868235,15612746.16943849,927.4,4.57297741518096e-17,931.6,BID
1281,1712610772.8719623,15612761.11208569,927.5,1.00508689192916e-09,931.6,BID
1282,1712610780.7718377,15612761.11208569,927.5,0.0,931.6,BID
1283,1712610787.8145204,15612767.58108838,927.5,4.351031169996346e-10,931.6,BID
1284,1712610790.693983,15613133.84803575,928.0,2.463500141944488e-08,931.6,BID
1285,1712610790.7014425,15613977.11953299,927.5,5.671817967909362e-08,931.6,BID
1286,1712610790.7032137,15615054.70573989,928.0,7.247811446588462e-08,931.6,BID
1287,1712610790.7049751,15615909.74513552,928.0,5.7509684879524e-08,931.6,BID
1288,1712610790.706844,15615915.74513552,927.9,4.0355814134477057e-10,931.6,BID
1289,1712610810.734693,15615915.74513552,927.9,0.0,931.6,BID
1290,1712610814.74801,15616005.74513552,927.9,6.052180602619863e-09,931.6,BID
1291,1712610822.3553913,15619153.90918266,927.1,-2.117028597774417e-07,931.6,ASK
1292,1712610840.5373282,15619153.90918266,927.1,-0.0,931.6,ASK
1293,1712610866.1051211,15619160.37818535,927.3,-4.3492966731961004e-10,931.6,ASK
1294,1712610870.49032,15619160.37818535,927.3,-0.0,931.6,ASK
1295,1712610871.744854,15619181.93223212,927.9,1.4491400079214602e-09,931.6,BID
1296,1712610877.8853283,15619294.48449505,927.9,7.567209487136225e-09,931.6,BID
1297,1712610885.7950752,15619300.95070908,927.9,4.3474200240148415e-10,931.6,BID
1298,1712610889.2751174,15621971.51856007,927.9,1.7954988955297033e-07,931.6,BID
1299,1712610897.1350207,15622495.78950926,928.0,3.5248230441980375e-08,931.6,BID
1300,1712610897.1450238,15622510.36972937,928.0,9.802697615662863e-10,931.6,BID
1301,1712610900.6052666,15622510.36972937,928.0,0.0,931.6,BID
1302,1712610909.7854695,15623002.99178539,928.0,3.3132158729456654e-08,931.6,BID
1303,1712610909.789606,15623049.16283281,928.0,3.1053146181875673e-09,931.6,BID
1304,1712610918.0351925,15623858.10469874,927.9,-5.4406801273622775e-08,931.6,ASK
1305,1712610919.225128,15624396.89780218,928.0,3.623747334764422e-08,931.6,BID
1306,1712610920.5655546,15624608.73936902,928.0,1.4247775413764412e-08,931.6,BID
1307,1712610920.5689633,15624728.87405543,928.0,8.079868634421738e-09,931.6,BID
1308,1712610921.111899,15625172.49628077,928.0,2.9836589341191405e-08,931.6,BID
1309,1712610921.1160784,15625466.87405543,928.0,1.9798892553117583e-08,931.6,BID
1310,1712610921.5848968,15625520.78274842,928.0,3.6257235160245374e-09,931.6,BID
1311,1712610921.5949357,15626305.80181132,928.0,5.279783127819217e-08,931.6,BID
1312,1712610922.2187486,15635346.18450775,927.9,-6.080267637482916e-07,931.6,ASK
1313,1712610924.4855394,15635831.97423354,928.0,3.26726383995677e-08,931.6,BID
1314,1712610924.489653,15636471.29011119,928.0,4.29983084957148e-08,931.6,BID
1315,1712610930.561117,15636471.29011119,928.0,0.0,931.6,BID
1316,1712610933.6552005,15636477.75632522,927.9,-4.3451795095437487e-10,931.6,ASK
1317,1712610952.6257925,15637985.75632522,928.0,1.0133488729258497e-07,931.6,BID
1318,1712610955.6152184,15637992.22184246,928.0,4.3447112783004207e-10,931.6,BID
1319,1712610960.7580423,15637992.22184246,928.0,0.0,931.6,BID
1320,1712610963.6305554,15638009.58175625,928.0,1.1664443466495824e-09,931.6,BID
1321,1712610965.2556057,15638047.58175625,928.0,2.553289475518289e-09,931.6,BID
1322,1712610983.3461778,15638168.7574028,928.0,8.142013237570353e-09,931.6,BID
1323,1712610990.7954717,15638168.7574028,928.0,0.0,931.6,BID
1324,1712610995.078596,15640825.27440857,927.9,-1.784942697243664e-07,931.6,ASK
1325,1712610995.0820832,15640925.27440857,927.9,-6.7191088683680555e-09,931.6,ASK
1326,1712610995.2158718,15641757.89108147,927.8,-5.5944420708306324e-08,931.6,ASK
1327,1712610995.3022668,15642522.35402097,927.8,5.1365097163385963e-08,931.6,BID
1328,1712610998.8854053,15642528.81953821,927.7,-4.34425142234861e-10,931.6,ASK
1329,1712611008.098798,15648281.52618668,927.7,-3.865306225886026e-07,931.6,ASK
1330,1712611008.1044478,15648285.84001621,927.7,-2.898509025185586e-10,931.6,ASK
1331,1712611008.1655478,15648285.84001716,927.7,-6.382810925818437e-17,931.6,ASK
1332,1712611020.5439894,15648285.84001716,927.7,-0.0,931.6,ASK
1333,1712611020.7553675,15648292.30623119,927.9,4.341981212342813e-10,931.6,BID
1334,1712611030.1158955,15648303.08674003,927.6,-7.23897579541454e-10,931.6,ASK
1335,1712611033.1158466,15648313.86841118,927.5,-7.23975627139086e-10,931.6,ASK
1336,1712611038.5062203,15648324.6512449,927.4,-7.240536922471169e-10,931.6,ASK
1337,1712611040.9657884,15648328.96623875,927.3,-2.8974639793170736e-10,931.6,ASK
1338,1712611045.5655737,15648339.75139837,927.2,-7.242098734934814e-10,931.6,ASK
1339,1712611050.5500977,15648339.75139837,927.2,-0.0,931.6,ASK
1340,1712611051.2854636,15650447.21143444,927.1,-1.4151280978458724e-07,931.6,ASK
1341,1712611051.3054554,15650990.50460374,927.1,-3.648132899717013e-08,931.6,ASK
1342,1712611059.8886802,15650996.97081777,927.1,-4.3419666353370247e-10,931.6,ASK
1343,1712611062.2448678,15651595.4462964,927.1,-4.0186739068992733e-08,931.6,ASK
1344,1712611063.0254085,15651627.84020634,927.1,-2.1752029158924435e-09,931.6,ASK
1345,1712611069.5054142,15651895.77080092,927.1,-1.7991141287306625e-08,931.6,ASK
1346,1712611079.125511,15652185.92751906,927.2,1.948359245686235e-08,931.6,BID
1347,1712611079.1284497,15654337.08196194,927.2,1.4444682427281297e-07,931.6,BID
1348,1712611080.7236695,15654337.08196194,927.2,0.0,931.6,BID
1349,1712611085.205975,15655088.49998692,927.2,-5.043777180956212e-08,931.6,ASK
1350,1712611085.2081895,15656319.26672137,927.2,-8.26133119504092e-08,931.6,ASK
1351,1712611100.265678,15656327.89484832,927.2,-5.791496661341654e-10,931.6,ASK
1352,1712611100.2759442,15656654.99278537,927.2,-2.195594271069268e-08,931.6,ASK
1353,1712611102.1358185,15656654.99278611,927.2,-4.963578746672429e-17,931.6,ASK
1354,1712611102.1403425,15657553.61779011,927.1,-6.031881241508629e-08,931.6,ASK
1355,1712611102.215488,15657553.61779088,927.1,-5.163622222608849e-17,931.6,ASK
1356,1712611110.760836,15657553.61779088,927.1,-0.0,931.6,ASK
1357,1712611116.1356752,15661236.32142088,927.2,-2.471463067067849e-07,931.6,ASK
1358,1712611118.2459135,15661242.79112111,927.4,4.3418169857316206e-10,931.6,BID
1359,1712611120.8755937,15661673.79112111,927.2,-2.8924417735622692e-08,931.6,ASK
1360,1712611135.38569,15662104.79112111,927.2,-2.8924417735622692e-08,931.6,ASK
1361,1712611140.5194428,15662104.79112111,927.2,-0.0,931.6,ASK
1362,1712611154.2189944,15663402.28144311,927.3,-8.704994676064447e-08,931.6,ASK
1363,1712611155.2259552,15663419.55167947,927.3,-1.1586777413161447e-09,931.6,ASK
1364,1712611160.8668044,15664410.64405918,927.3,-6.649339684912822e-08,931.6,ASK
1365,1712611161.485679,15664417.11375941,927.3,-4.340587756645617e-10,931.6,ASK
1366,1712611169.9559827,15664428.07560297,927.3,-7.35441245360614e-10,931.6,ASK
1367,1712611169.9599416,15664815.75296467,927.3,-2.6009668915562696e-08,931.6,ASK
1368,1712611170.544171,15664815.75296467,927.3,-0.0,931.6,ASK
1369,1712611175.9861302,15665688.47693234,927.3,5.8542065954117016e-08,931.6,BID
1370,1712611182.3857646,15666119.47693234,927.3,-2.8911352685318618e-08,931.6,ASK
1371,1712611186.1867032,15666648.1161964,927.3,-3.5460965676453066e-08,931.6,ASK
1372,1712611186.1916628,15671872.18358176,927.3,-3.504288970534352e-07,931.6,ASK
1373,1712611186.2915356,15672405.18358176,927.3,-3.5753482555162e-08,931.6,ASK
1374,1712611192.1056018,15673180.95731957,927.3,-5.203867317366304e-08,931.6,ASK
1375,1712611200.5681665,15673180.95731957,927.3,-0.0,931.6,ASK
1376,1712611210.516309,15678952.83548896,927.3,-3.873261451358325e-07,931.6,ASK
1377,1712611210.5203605,15679017.18197876,927.3,-4.318018696147722e-09,931.6,ASK
1378,1712611210.524343,15680739.69067057,927.2,-1.1559021725372549e-07,931.6,ASK
1379,1712611210.595814,15686768.59489815,927.2,-4.045740684974158e-07,931.6,ASK
1380,1712611216.808591,15686814.27625309,927.4,3.065481043467588e-09,931.6,BID
1381,1712611216.812987,15686873.58280932,927.7,3.979810233665494e-09,931.6,BID
1382,1712611217.6479611,15686880.05111462,927.6,4.3406040187305255e-10,931.6,BID
1383,1712611220.9986486,15686898.47500422,927.6,1.236348711398825e-09,931.6,BID
1384,1712611230.5132363,15686898.47500422,927.6,0.0,931.6,BID
1385,1712611248.536275,15687853.61693651,927.6,6.404084219912787e-08,931.6,BID
1386,1712611249.4557858,15687877.84795254,927.6,-1.624653490079969e-09,931.6,ASK
1387,1712611252.4860606,15687918.54139631,927.7,2.728434720542922e-09,931.6,BID
1388,1712611252.4908075,15688898.2561158,927.7,6.568841093652144e-08,931.6,BID
1389,1712611260.0562136,15688930.61159467,927.6,-2.1693866079221836e-09,931.6,ASK
1390,1712611260.7692358,15688930.61159467,927.6,-0.0,931.6,ASK
1391,1712611261.4416947,15688937.07989997,927.6,-4.3363541563847756e-10,931.6,ASK
1392,1712611281.956295,15688943.54750803,927.7,4.3358867250375176e-10,931.6,BID
1393,1712611282.055926,15689348.86764703,927.6,-2.7172676422209453e-08,931.6,ASK
1394,1712611290.7885215,15689348.86764703,927.6,-0.0,931.6,ASK
1395,1712611300.9092822,15689478.48048533,927.4,-8.68902325339429e-09,931.6,ASK
1396,1712611300.976157,15689633.12740583,927.4,-1.0367265356719657e-08,931.6,ASK
1397,1712611320.5574002,15689633.12740583,927.4,-0.0,931.6,ASK
1398,1712611329.692249,15689639.59501389,927.3,-4.3356973295133966e-10,931.6,ASK
1399,1712611341.9459443,15689923.85477269,927.6,1.9055951838049104e-08,931.6,BID
1400,1712611347.066229,15690990.78032502,927.7,7.152360230577635e-08,931.6,BID
1401,1712611347.071383,15691001.78944984,927.7,7.380198775038119e-10,931.6,BID
1402,1712611349.3757398,15691008.2570579,927.7,4.335697328264734e-10,931.6,BID
1403,1712611350.5365174,15691008.2570579,927.7,0.0,931.6,BID
1404,1712611380.734668,15691008.2570579,927.7,0.0,931.6,BID
1405,1712611393.9758143,15691014.72466596,927.6,-4.335326582443416e-10,931.6,ASK
1406,1712611406.426115,15691802.0481831,927.6,-5.277537755553036e-08,931.6,ASK
1407,1712611410.7792768,15691802.0481831,927.6,-0.0,931.6,ASK
1408,1712611412.225772,15699344.63307866,927.6,5.055648801202487e-07,931.6,BID
1409,1712611415.9866142,15699351.10138396,927.6,4.3355799614857255e-10,931.6,BID
1410,1712611424.1166568,15699362.08187123,927.6,7.360008282742501e-10,931.6,BID
1411,1712611434.1259758,15699469.88695963,927.6,7.225966607927971e-09,931.6,BID
1412,1712611440.592718,15699469.88695963,927.6,0.0,931.6,BID
1413,1712611462.0259614,15699476.35526493,927.3,-4.3335139613737016e-10,931.6,ASK
1414,1712611470.5218694,15699476.35526493,927.3,-0.0,931.6,ASK
1415,1712611478.3858364,15699494.05180326,927.3,1.185599033017721e-09,931.6,BID
1416,1712611482.9091458,15699500.52220118,927.3,4.3349141939715655e-10,931.6,BID
1417,1712611498.1868217,15699904.85467179,927.3,2.7088698210689332e-08,931.6,BID
1418,1712611500.743875,15699904.85467179,927.3,0.0,931.6,BID
1419,1712611513.125931,15700541.35526493,927.3,4.265064920834992e-08,931.6,BID
1420,1712611519.705876,15701289.06752492,927.4,-5.010272363176376e-08,931.6,ASK
1421,1712611526.548234,15701295.53792284,927.2,-4.3356860143239155e-10,931.6,ASK
1422,1712611530.7991824,15701295.53792284,927.2,-0.0,931.6,ASK
1423,1712611533.056162,15701791.0841127,927.2,-3.3202703400776614e-08,931.6,ASK
1424,1712611551.3460848,15701797.55451062,927.3,4.3353113675294874e-10,931.6,BID
1425,1712611552.406545,15701820.55451062,927.2,-1.5410514576539579e-09,931.6,ASK
1426,1712611560.5459976,15701820.55451062,927.2,-0.0,931.6,ASK
1427,1712611562.7861226,15701826.55451062,927.2,-4.020003119236243e-10,931.6,ASK
1428,1712611563.506255,15701834.79590385,927.2,-5.521737749148571e-10,931.6,ASK
1429,1712611563.510201,15701973.80103458,927.2,-9.313350985445509e-09,931.6,ASK
1430,1712611563.5124445,15701994.51787734,927.0,-1.3880295418919532e-09,931.6,ASK
1431,1712611563.515629,15702074.32760555,927.2,-5.347255939088208e-09,931.6,ASK
1432,1712611590.525964,15702074.32760555,927.2,-0.0,931.6,ASK
1433,1712611592.3159106,15702080.79800347,927.0,-4.3351016293407526e-10,931.6,ASK
1434,1712611607.306167,15702328.5710984,927.0,-1.660054853820254e-08,931.6,ASK
1435,1712611607.9860525,15703407.08706043,927.0,-7.225948637386335e-08,931.6,ASK
1436,1712611612.4760673,15703950.86085053,927.0,-3.643229786077617e-08,931.6,ASK
1437,1712611614.660606,15703957.33124845,927.3,4.3351016280927987e-10,931.6,BID
1438,1712611620.7378795,15703957.33124845,927.3,0.0,931.6,BID
1439,1712611646.0176008,15704612.033536,927.0,-4.385926645716994e-08,931.6,ASK
1440,1712611648.712707,15704939.38467978,927.0,-2.192963322883453e-08,931.6,ASK
1441,1712611650.747193,15704939.38467978,927.0,-0.0,931.6,ASK
1442,1712611650.7832026,15705103.06025167,927.0,-1.0964147951553698e-08,931.6,ASK
1443,1712611653.4859388,15705184.89803761,927.0,-5.482073975464917e-09,931.6,ASK
1444,1712611660.1661294,15705191.36843553,927.0,-4.3343303630762386e-10,931.6,ASK
1445,1712611680.5325038,15705191.36843553,927.0,-0.0,931.6,ASK
1446,1712611684.4228246,15710940.03193425,927.0,-3.8508013239540817e-07,931.6,ASK
1447,1712611684.4302976,15717373.47021765,927.0,-4.309504750941057e-07,931.6,ASK
1448,1712611710.5317287,15717373.47021765,927.0,-0.0,931.6,ASK
1449,1712611712.7960355,15717379.94061557,927.3,4.3309863234322006e-10,931.6,BID
1450,1712611740.7632835,15717379.94061557,927.3,0.0,931.6,BID
1451,1712611756.5759437,15717386.41101349,927.0,-4.3309845840552515e-10,931.6,ASK
1452,1712611770.7471917,15717386.41101349,927.0,-0.0,931.6,ASK
1453,1712611772.0759115,15717407.97900658,927.3,1.4436609500764983e-09,931.6,BID
1454,1712611772.211282,15718534.74215561,927.0,-7.542027445419599e-08,931.6,ASK
1455,1712611777.9958649,15718541.21255353,927.3,4.3309828452424236e-10,931.6,BID
1456,1712611790.6461928,15718652.5476682,927.0,-7.452253751904191e-09,931.6,ASK
1457,1712611800.8692677,15718652.5476682,927.0,-0.0,931.6,ASK
1458,1712611819.7212162,15718659.01806612,927.0,-4.3445283256765695e-10,931.6,ASK
1459,1712611830.7397635,15718659.01806612,927.0,-0.0,931.6,ASK
1460,1712611842.996344,15718665.48916189,927.2,4.344995145762795e-10,931.6,BID
1461,1712611860.567181,15718665.48916189,927.2,0.0,931.6,BID
1462,1712611881.9359188,15718671.96025766,927.0,-4.3449933953042136e-10,931.6,ASK
1463,1712611884.026195,15718736.48975766,927.0,-4.332809484554631e-09,931.6,ASK
1464,1712611889.246189,15721874.91070574,927.0,-2.1072811737768498e-07,931.6,ASK
1465,1712611889.325868,15721884.91070574,927.0,-6.71446312855767e-10,931.6,ASK
1466,1712611890.5238678,15721884.91070574,927.0,-0.0,931.6,ASK
1467,1712611907.136287,15721891.38180151,927.2,4.3441228908935854e-10,931.6,BID
1468,1712611920.799888,15721891.38180151,927.2,0.0,931.6,BID
1469,1712611924.7860663,15724893.86180151,927.0,-2.0155994141067946e-07,931.6,ASK
1470,1712611924.8585312,15725790.5478144,927.0,-6.019556507350441e-08,931.6,ASK
1471,1712611950.7614467,15725790.5478144,927.0,-0.0,931.6,ASK
1472,1712611950.9779513,15725797.01891017,927.1,-4.34306730609504e-10,931.6,ASK
1473,1712611953.7459414,15726068.25803196,927.1,-1.8204177531661424e-08,931.6,ASK
1474,1712611957.1337907,15726418.26918772,927.1,-2.3490952099548883e-08,931.6,ASK
1475,1712611958.4663827,15726682.2681257,927.1,-1.7718253559490366e-08,931.6,ASK
1476,1712611958.792833,15726736.14583564,927.1,-3.615995326457121e-09,931.6,ASK
1477,1712611958.7964518,15727467.2801247,927.1,-4.90699804277728e-08,931.6,ASK
1478,1712611959.0259175,15727467.28012481,927.1,-7.375659684785096e-18,931.6,ASK
1479,1712611960.3652232,15727894.95039849,927.0,-2.870303345506685e-08,931.6,ASK
1480,1712611960.8643956,15728673.99910986,927.0,-5.2285750499269326e-08,931.6,ASK
1481,1712611962.0330882,15729089.46159433,927.0,-2.7883709308197762e-08,931.6,ASK
1482,1712611967.4460387,15729213.33995189,927.0,-8.314079467786256e-09,931.6,ASK
1483,1712611968.3127334,15729814.02541664,927.0,-4.031492495924729e-08,931.6,ASK
1484,1712611968.4059608,15730350.48715675,927.0,-3.600455823416785e-08,931.6,ASK
1485,1712611972.6295848,15732842.43715675,927.0,-1.672468923379307e-07,931.6,ASK
1486,1712611973.3257458,15734776.601217,927.0,-1.2981116328522273e-07,931.6,ASK
1487,1712611973.475366,15737776.601217,927.0,-2.0134460041892578e-07,931.6,ASK
1488,1712611973.479937,15740084.56990055,927.0,-1.5489901078959866e-07,931.6,ASK
1489,1712611973.4844315,15740111.56990055,927.0,-1.812101403770332e-09,931.6,ASK
1490,1712611974.0945127,15740550.98418008,926.5,-2.9491230843434248e-08,931.6,ASK
1491,1712611975.378543,15740966.41564296,926.5,-2.7881627298356167e-08,931.6,ASK
1492,1712611977.90862,15741299.1181834,926.5,-2.232928668778364e-08,931.6,ASK
1493,1712611980.5702703,15741299.1181834,926.5,-0.0,931.6,ASK
1494,1712611993.9971638,15745508.2239744,926.5,-2.822212748703584e-07,931.6,ASK
1495,1712611994.076735,15745508.22397502,926.5,-4.158859677364617e-17,931.6,ASK
1496,1712611994.087498,15746090.8637624,926.4,-3.906609901231809e-08,931.6,ASK
1497,1712611994.0980482,15746090.86376344,926.4,-6.98138906800847e-17,931.6,ASK
1498,1712612005.187076,15746112.4597034,926.1,-1.448011527926457e-09,931.6,ASK
1499,1712612005.1961446,15746272.37083544,926.0,-1.0722069197372556e-08,931.6,ASK
1500,1712612010.5756783,15746272.37083544,926.0,-0.0,931.6,ASK
1501,1712612020.976583,15746666.39713597,926.0,-2.6411372446719105e-08,931.6,ASK
1502,1712612020.982434,15748737.14379189,926.0,-1.388010422118694e-07,931.6,ASK
1503,1712612028.2659814,15749737.14379189,926.0,-6.702946582819298e-08,931.6,ASK
1504,1712612030.57601,15752065.96516989,926.0,-1.560996529766217e-07,931.6,ASK
1505,1712612030.6362772,15752065.96517052,926.0,-4.220001297058393e-17,931.6,ASK
1506,1712612032.4860508,15752281.9478919,926.0,-1.4477206442280453e-08,931.6,ASK
1507,1712612039.866215,15752288.42737354,926.0,4.3431619312857905e-10,931.6,BID
