,time,acc_trade_volume,trade_price,dev,high,ask_bid
0,1712601588.4244864,9376745.70831218,9665.0,0.0,10150.0,BID
1,1712601595.6665728,9376746.74297332,9665.0,1.1240317027012958e-11,10150.0,BID
2,1712601600.2180943,9376746.74297332,9665.0,0.0,10150.0,BID
3,1712601601.586358,9376747.36377,9665.0,6.7446206321704724e-12,10150.0,BID
4,1712601601.7064185,9376750.91831908,9658.0,-3.8618255886146556e-11,10150.0,ASK
5,1712601601.7175312,9376825.22523271,9658.0,-8.07304482383179e-10,10150.0,ASK
6,1712601601.7191052,9377325.22523271,9656.0,-5.432229943044066e-09,10150.0,ASK
7,1712601601.720661,9377425.22523271,9655.0,-1.0864459886088131e-09,10150.0,ASK
8,1712601601.722172,9377660.68774281,9654.0,-2.5581729956753382e-09,10150.0,ASK
9,1712601601.7237296,9377661.28774281,9660.0,-6.518675927605553e-12,10150.0,ASK
10,1712601601.7258315,9377663.28774281,9652.0,-2.1728919772176267e-11,10150.0,ASK
11,1712601601.7274406,9377684.00669028,9653.0,-2.2510017367182624e-10,10150.0,ASK
12,1712601601.7282188,9377977.47016068,9651.0,-3.188322102186273e-09,10150.0,ASK
13,1712601601.728942,9377987.47016068,9655.0,-1.0864459886088131e-10,10150.0,ASK
14,1712601601.729669,9378056.13522129,9651.0,-7.460087965685822e-10,10150.0,ASK
15,1712601601.730394,9378087.17505574,9655.0,-3.3723103626294933e-10,10150.0,ASK
16,1712601601.7311502,9378096.17505574,9654.0,-9.778013897479319e-11,10150.0,ASK
17,1712601601.7318792,9378097.21100311,9653.0,-1.1255008639070719e-11,10150.0,ASK
18,1712601601.7326071,9378097.72923767,9652.0,-5.630338591595969e-12,10150.0,ASK
19,1712601602.016579,9378104.97936713,9655.0,7.876874068087749e-11,10150.0,BID
20,1712601602.3367512,9378167.97936713,9655.0,6.844609728235523e-10,10150.0,BID
21,1712601603.837926,9378171.08656547,9655.0,3.3758031731939866e-11,10150.0,BID
22,1712601617.1662931,9378175.17258307,9655.0,4.439237430176389e-11,10150.0,BID
23,1712601619.7165704,9378175.74101548,9651.0,-6.1757111292060195e-12,10150.0,ASK
24,1712601620.0762389,9378177.81248104,9655.0,2.2505354474468823e-11,10150.0,BID
25,1712601620.8267102,9378178.84821382,9655.0,1.1252677237234412e-11,10150.0,BID
26,1712601624.0963545,9378180.98223764,9655.0,2.318501619900876e-11,10150.0,BID
27,1712601630.2176287,9378180.98223764,9655.0,0.0,10150.0,BID
28,1712601634.156345,9378181.60303432,9651.0,-6.743606133662467e-12,10150.0,ASK
29,1712601639.2961037,9378187.26683545,9655.0,6.15248846472142e-11,10150.0,BID
30,1712601639.3960671,9378188.31006033,9651.0,-1.1332370074438438e-11,10150.0,ASK
31,1712601640.41979,9378193.31986679,9651.0,-5.442065451673699e-11,10150.0,ASK
32,1712601642.036895,9378446.2575816,9651.0,-2.747618316703989e-09,10150.0,ASK
33,1712601655.7362766,9378446.87908563,9654.0,6.75128996073516e-12,10150.0,BID
34,1712601656.0561335,9378695.37555904,9651.0,-2.6993738853243927e-09,10150.0,ASK
35,1712601660.3466966,9378695.37555904,9651.0,-0.0,10150.0,ASK
36,1712601662.2661572,9378793.22521863,9651.0,-1.0628664818930098e-09,10150.0,ASK
37,1712601663.976165,9378794.57623042,9651.0,-1.467501424742346e-11,10150.0,ASK
38,1712601663.977592,9378931.97930554,9651.0,-1.4925051723774495e-09,10150.0,ASK
39,1712601664.3162053,9378932.63181719,9655.0,7.087738122702664e-12,10150.0,BID
40,1712601668.5263305,9378946.53181719,9655.0,1.5098513536587714e-10,10150.0,BID
41,1712601669.756234,9378946.56454467,9655.0,3.5549374014324653e-13,10150.0,BID
42,1712601671.076398,9378947.72587023,9655.0,-1.2614596886891707e-11,10150.0,ASK
43,1712601671.1960375,9379008.92587023,9655.0,6.647690852023579e-10,10150.0,BID
44,1712601671.2963598,9379022.51025607,9655.0,1.4755685862541654e-10,10150.0,BID
45,1712601671.6062267,9379068.81025607,9655.0,5.029217098621597e-10,10150.0,BID
46,1712601673.2680266,9379105.81025607,9655.0,4.0190287830127567e-10,10150.0,BID
47,1712601673.5663836,9379135.41025607,9655.0,3.215223026369741e-10,10150.0,BID
48,1712601673.6680949,9379155.80220207,9655.0,2.2150221059344288e-10,10150.0,BID
49,1712601675.9959972,9379251.60220207,9655.0,1.040602587609774e-09,10150.0,BID
50,1712601676.376032,9379252.22364173,9655.0,6.750226703559805e-12,10150.0,BID
51,1712601676.456111,9379269.95228804,9655.0,1.9257281028088936e-10,10150.0,BID
52,1712601676.4658833,9379271.82364173,9655.0,2.0327092815199422e-11,10150.0,BID
53,1712601678.0858796,9379290.696805,9655.0,2.0500482812961327e-10,10150.0,BID
54,1712601681.995978,9379359.496805,9655.0,7.47322108829151e-10,10150.0,BID
55,1712601690.328345,9379359.496805,9655.0,0.0,10150.0,BID
56,1712601694.286348,9379471.34492761,9655.0,1.214836545749811e-09,10150.0,BID
57,1712601696.3360958,9379614.38146901,9655.0,1.5535890438862516e-09,10150.0,BID
58,1712601696.3962958,9379629.25957313,9655.0,1.6159828341333614e-10,10150.0,BID
59,1712601697.9659674,9379634.81526062,9655.0,6.034300838544412e-11,10150.0,BID
60,1712601699.956039,9379635.43670028,9653.0,-6.749756654645049e-12,10150.0,ASK
61,1712601701.9758484,9379635.43670029,9655.0,1.0115544839792644e-19,10150.0,BID
62,1712601701.9869692,9379642.82343803,9655.0,8.023093057337693e-11,10150.0,BID
63,1712601701.988999,9379643.72172518,9664.0,9.756731129159224e-12,10150.0,BID
64,1712601720.2182496,9379643.72172518,9664.0,0.0,10150.0,BID
65,1712601741.3858418,9379645.09265653,9660.0,-1.4889904516757696e-11,10150.0,ASK
66,1712601741.9657412,9379656.5728846,9660.0,-1.2468859205349118e-10,10150.0,ASK
67,1712601742.6655798,9379657.1728846,9660.0,6.516695899103231e-12,10150.0,BID
68,1712601746.0457053,9379657.79400261,9660.0,6.7460619753530486e-12,10150.0,BID
69,1712601747.2258132,9379673.50579163,9660.0,1.7064825191007823e-10,10150.0,BID
70,1712601747.5260758,9379689.58221707,9660.0,1.746086263232783e-10,10150.0,BID
71,1712601747.6657064,9379861.47969617,9660.0,1.867005996356105e-09,10150.0,BID
72,1712601749.035938,9380015.56185833,9664.0,1.673510991498734e-09,10150.0,BID
73,1712601749.0955467,9380196.58987937,9664.0,1.966174271771595e-09,10150.0,BID
74,1712601750.1591847,9380241.68987937,9664.0,4.898383087362422e-10,10150.0,BID
75,1712601750.2074337,9380241.68987937,9664.0,0.0,10150.0,BID
76,1712601751.225894,9380973.83488337,9664.0,7.951444923530738e-09,10150.0,BID
77,1712601752.6456482,9380989.16861416,9664.0,1.665316504095582e-10,10150.0,BID
78,1712601752.6478531,9381004.43864005,9664.0,1.6583978472110928e-10,10150.0,BID
79,1712601754.435872,9381133.46094595,9664.0,1.4012439525907227e-09,10150.0,BID
80,1712601769.4056296,9381134.08206396,9660.0,-6.745638655351201e-12,10150.0,ASK
81,1712601772.915692,9381134.70286064,9665.0,6.7421488726316135e-12,10150.0,BID
82,1712601780.3273666,9381134.70286064,9665.0,0.0,10150.0,BID
83,1712601781.206467,9381144.67802127,9665.0,1.0832486256245036e-10,10150.0,BID
84,1712601800.8562536,9381175.6360832,9668.0,3.3618784979940885e-10,10150.0,BID
85,1712601800.858417,9381206.91830889,9668.0,3.3970809332792915e-10,10150.0,BID
86,1712601803.02564,9381298.72062294,9665.0,-9.969236006193807e-10,10150.0,ASK
87,1712601803.0280402,9381305.41297394,9665.0,-7.267532114976147e-11,10150.0,ASK
88,1712601804.0254164,9381306.03377062,9660.0,-6.741517012161525e-12,10150.0,ASK
89,1712601804.04561,9381340.52244108,9665.0,3.7452835356270654e-10,10150.0,BID
90,1712601810.3469565,9381340.52244108,9665.0,0.0,10150.0,BID
91,1712601811.2860727,9381359.97739272,9665.0,2.1126571409800886e-10,10150.0,BID
92,1712601813.036004,9381526.27739272,9665.0,1.805889261735616e-09,10150.0,BID
93,1712601831.9271398,9381536.6240042,9665.0,1.1235619101461035e-10,10150.0,BID
94,1712601840.2160282,9381536.6240042,9665.0,0.0,10150.0,BID
95,1712601846.735787,9381537.24480088,9665.0,6.741232624465797e-12,10150.0,BID
96,1712601848.3252137,9381560.27259339,9665.0,2.50058853444276e-10,10150.0,BID
97,1712601848.765494,9381577.50221192,9665.0,1.8709646846390616e-10,10150.0,BID
98,1712601849.0855262,9381597.5230794,9665.0,2.1740664741976142e-10,10150.0,BID
99,1712601850.367308,9381612.49233582,9665.0,1.6255119094254568e-10,10150.0,BID
100,1712601851.9352248,9381628.09980388,9665.0,1.6948153264967316e-10,10150.0,BID
101,1712601857.3958085,9381673.96490309,9665.0,4.980492210371361e-10,10150.0,BID
102,1712601857.398362,9381867.86825889,9665.0,2.1055970002309324e-09,10150.0,BID
103,1712601857.4754727,9382053.35297487,9665.0,2.0141789704703712e-09,10150.0,BID
104,1712601857.4778526,9382054.354835,9665.0,1.0879201532626496e-11,10150.0,BID
105,1712601868.995391,9382054.43110168,9661.0,-8.28180057945623e-13,10150.0,ASK
106,1712601868.9971712,9382054.97563168,9661.0,-5.913052566520174e-12,10150.0,ASK
107,1712601870.2268283,9382054.97563168,9661.0,-0.0,10150.0,ASK
108,1712601889.1457157,9382197.25644659,9668.0,1.5449436581031074e-09,10150.0,BID
109,1712601889.1485047,9382201.52205351,9668.0,4.6317715864173836e-11,10150.0,BID
110,1712601893.6558564,9382219.05574755,9668.0,1.9038806762065112e-10,10150.0,BID
111,1712601893.6575212,9382393.85095495,9672.0,1.8979983162838243e-09,10150.0,BID
112,1712601900.2271254,9382393.85095495,9672.0,0.0,10150.0,BID
113,1712601901.2056086,9382399.16675395,9662.0,-5.771978410036065e-11,10150.0,ASK
114,1712601901.2080293,9382401.23693302,9661.0,-2.247833092429233e-11,10150.0,ASK
115,1712601901.2103956,9382431.41530856,9660.0,-3.2768156220032537e-10,10150.0,ASK
116,1712601901.2127593,9382435.25882244,9661.0,-4.173348001811056e-11,10150.0,ASK
117,1712601910.2992177,9382435.87929813,9670.0,6.737222930160417e-12,10150.0,BID
118,1712601917.6656194,9382479.32824087,9670.0,4.7177547428631e-10,10150.0,BID
119,1712601921.035112,9382489.67913623,9670.0,-1.1239165466191144e-10,10150.0,ASK
120,1712601921.3952112,9382786.67913623,9671.0,3.2248728514076963e-09,10150.0,BID
121,1712601930.2158723,9382786.67913623,9671.0,0.0,10150.0,BID
122,1712601936.5451355,9382787.29961192,9671.0,-6.736945063290367e-12,10150.0,ASK
123,1712601936.565008,9383315.29961192,9671.0,-5.732870837796972e-09,10150.0,ASK
124,1712601936.6482158,9383369.72140567,9671.0,-5.90896049862558e-10,10150.0,ASK
125,1712601936.6567776,9383413.7908241,9671.0,-4.78492961662693e-10,10150.0,ASK
126,1712601936.6855247,9383467.52502871,9671.0,-5.834304064296366e-10,10150.0,ASK
127,1712601936.6877427,9383468.18232654,9670.0,-7.1367491804008236e-12,10150.0,ASK
128,1712601936.6899612,9383533.42198117,9671.0,-7.083532452626816e-10,10150.0,ASK
129,1712601960.3276024,9383533.42198117,9671.0,-0.0,10150.0,ASK
130,1712601970.6851106,9383534.0421362,9675.0,6.7329354696948985e-12,10150.0,BID
131,1712601981.20518,9383565.7251006,9675.0,3.4397746501315503e-10,10150.0,BID
132,1712601981.2075825,9383576.06101792,9675.0,1.1221559300856771e-10,10150.0,BID
133,1712601985.5956724,9383577.06101792,9680.0,1.0856858615762939e-11,10150.0,BID
134,1712601985.5982578,9383582.87114756,9679.0,6.307975604750752e-11,10150.0,BID
135,1712601990.3460472,9383582.87114756,9679.0,0.0,10150.0,BID
136,1712602020.5671856,9383582.87114756,9679.0,0.0,10150.0,BID
137,1712602032.4346776,9383583.87114756,9679.0,-1.0856802220621268e-11,10150.0,ASK
138,1712602045.524852,9383594.20706487,9675.0,-1.1221501001193428e-10,10150.0,ASK
139,1712602045.5274894,9383605.74659041,9675.0,-1.2528234649328875e-10,10150.0,ASK
140,1712602050.2051728,9383605.74659041,9675.0,-0.0,10150.0,ASK
141,1712602055.734828,9383620.2516925,9675.0,1.5747864618618542e-10,10150.0,BID
142,1712602060.455017,9383641.60556336,9675.0,2.3183419549745087e-10,10150.0,BID
143,1712602066.1969938,9383840.06904922,9675.0,2.154673636609629e-09,10150.0,BID
144,1712602067.6245298,9383841.26861522,9675.0,-1.30234195104207e-11,10150.0,ASK
145,1712602069.064594,9383841.88877025,9675.0,-6.732884337941349e-12,10150.0,ASK
146,1712602080.3248966,9383841.88877025,9675.0,-0.0,10150.0,ASK
147,1712602092.9148202,9383842.92187025,9680.0,-1.1215857218930184e-11,10150.0,ASK
148,1712602095.3746753,9383849.0267361,9675.0,6.627751788444497e-11,10150.0,BID
149,1712602100.0945034,9383865.72967421,9675.0,1.8133556195763127e-10,10150.0,BID
150,1712602103.3748088,9383897.48733315,9681.0,3.4477724169644216e-10,10150.0,BID
151,1712602103.377553,9383900.15968824,9687.0,2.9012441322618687e-11,10150.0,BID
152,1712602105.294588,9383900.77907504,9687.0,6.724377030610969e-12,10150.0,BID
153,1712602110.3265262,9383900.77907504,9687.0,0.0,10150.0,BID
154,1712602134.3247807,9383922.36433897,9687.0,2.343391154973295e-10,10150.0,BID
155,1712602137.8343267,9383922.98372577,9675.0,-6.724335419098151e-12,10150.0,ASK
156,1712602140.195995,9383922.98372577,9675.0,-0.0,10150.0,ASK
157,1712602153.656685,9384138.21695067,9675.0,-2.336661063549417e-09,10150.0,ASK
158,1712602153.6591363,9384172.49673168,9675.0,-3.721555052205541e-10,10150.0,ASK
159,1712602170.2173305,9384172.49673168,9675.0,-0.0,10150.0,ASK
160,1712602173.3143134,9384173.11611848,9687.0,6.724143492122896e-12,10150.0,BID
161,1712602179.7447298,9384211.57417638,9687.0,4.1750566835937476e-10,10150.0,BID
162,1712602179.7475245,9384257.19269276,9687.0,4.952405350229664e-10,10150.0,BID
163,1712602187.8845468,9384301.26211119,9680.0,4.784233266115353e-10,10150.0,BID
164,1712602187.9244134,9384359.91239336,9680.0,6.367150759260601e-10,10150.0,BID
165,1712602200.234872,9384359.91239336,9680.0,0.0,10150.0,BID
166,1712602219.574363,9384362.04090575,9680.0,-2.3107342598713504e-11,10150.0,ASK
167,1712602223.8944073,9384369.54457844,9675.0,-8.146061842957436e-11,10150.0,ASK
168,1712602223.8973403,9384483.97775044,9676.0,-1.2422979177884807e-09,10150.0,ASK
169,1712602229.8145645,9384689.36081352,9687.0,2.229658997989096e-09,10150.0,BID
170,1712602229.817497,9385109.80312757,9687.0,4.564363655841143e-09,10150.0,BID
171,1712602229.8940196,9385291.37508001,9687.0,-1.9711632082290957e-09,10150.0,ASK
172,1712602229.934052,9385296.9436222,9687.0,-6.04526488849165e-11,10150.0,ASK
173,1712602230.2194996,9385296.9436222,9687.0,-0.0,10150.0,ASK
174,1712602230.2561684,9385304.38099487,9676.0,-8.073290447998017e-11,10150.0,ASK
175,1712602230.2584484,9385478.47508001,9675.0,-1.889796541141701e-09,10150.0,ASK
176,1712602238.2641504,9385479.09446681,9675.0,-6.723462377448972e-12,10150.0,ASK
177,1712602247.7740235,9385698.90979498,9675.0,-2.386102012219218e-09,10150.0,ASK
178,1712602259.1140883,9385746.27712595,9675.0,-5.141738052652123e-10,10150.0,ASK
179,1712602260.2259495,9385746.27712595,9675.0,-0.0,10150.0,ASK
180,1712602272.183964,9385746.89644882,9688.0,6.722451184932803e-12,10150.0,BID
181,1712602290.2343483,9385746.89644882,9688.0,0.0,10150.0,BID
182,1712602304.993908,9385747.51577169,9688.0,-6.722450747119033e-12,10150.0,ASK
183,1712602318.7643006,9385748.69244293,9690.0,-1.2772198204281807e-11,10150.0,ASK
184,1712602320.3239982,9385748.69244293,9690.0,-0.0,10150.0,ASK
185,1712602340.094006,9386145.09244293,9691.0,-4.302729807356553e-09,10150.0,ASK
186,1712602340.1137178,9386157.39244293,9691.0,-1.3351053641181038e-10,10150.0,ASK
187,1712602340.7238853,9386220.93790104,9691.0,-6.89755138072602e-10,10150.0,ASK
188,1712602344.1138875,9386221.55703219,9691.0,6.720368447473324e-12,10150.0,BID
189,1712602345.9145284,9386223.45703219,9690.0,-2.062357879811468e-11,10150.0,ASK
190,1712602350.345475,9386223.45703219,9690.0,-0.0,10150.0,ASK
191,1712602362.744446,9386225.4377282,9690.0,-2.1498421199338343e-11,10150.0,ASK
192,1712602362.7478223,9386225.45703219,9690.0,-2.095249938476623e-13,10150.0,ASK
193,1712602370.5540812,9386226.00685935,9690.0,-5.967809185604204e-12,10150.0,ASK
194,1712602370.5571594,9386226.07616334,9690.0,-7.522236567641526e-13,10150.0,ASK
195,1712602380.1961474,9386226.07616334,9690.0,-0.0,10150.0,ASK
196,1712602381.7640278,9386226.69529449,9691.0,6.720030991220795e-12,10150.0,BID
197,1712602382.528146,9386237.40818363,9690.0,-1.1627737848687023e-10,10150.0,ASK
198,1712602403.2239015,9386271.80432437,9691.0,3.733346833697956e-10,10150.0,BID
199,1712602410.2150114,9386271.80432437,9691.0,0.0,10150.0,BID
200,1712602440.326519,9386271.80432437,9691.0,0.0,10150.0,BID
201,1712602442.9234967,9386272.42345552,9688.0,-6.719998669115605e-12,10150.0,ASK
202,1712602462.3936596,9386274.17839538,9688.0,-1.9047973158899248e-11,10150.0,ASK
203,1712602470.33527,9386274.17839538,9688.0,-0.0,10150.0,ASK
204,1712602476.8437746,9386286.74391587,9688.0,1.3638509375153392e-10,10150.0,BID
205,1712602478.273944,9386324.27131687,9688.0,4.0731922779483516e-10,10150.0,BID
206,1712602478.7731478,9386324.27131701,9688.0,1.5364914286055185e-18,10150.0,BID
207,1712602478.7746358,9386364.87563073,9691.0,4.4071577752700126e-10,10150.0,BID
208,1712602489.473395,9386365.4942512,9699.0,6.7144541189231074e-12,10150.0,BID
209,1712602500.235544,9386365.4942512,9699.0,0.0,10150.0,BID
210,1712602508.1533794,9386486.37483575,9699.0,1.3120286538775738e-09,10150.0,BID
211,1712602513.9734447,9386486.99345622,9693.0,-6.714459445745025e-12,10150.0,ASK
212,1712602517.633771,9386487.61207669,9699.0,6.714459445745025e-12,10150.0,BID
213,1712602521.0241656,9386490.70709371,9693.0,-3.359307889829364e-11,10150.0,ASK
214,1712602521.0280583,9386541.51207669,9693.0,-5.514334140512901e-10,10150.0,ASK
215,1712602521.223848,9386541.56223577,9693.0,-5.44422831815956e-13,10150.0,ASK
216,1712602530.2182186,9386541.56223577,9693.0,-0.0,10150.0,ASK
217,1712602542.27484,9386562.2658153,9694.0,-2.2471091042253966e-10,10150.0,ASK
218,1712602542.334462,9386599.05230463,9690.0,3.9927035304213803e-10,10150.0,BID
219,1712602542.3378885,9386619.75230463,9694.0,2.2467205920747222e-10,10150.0,BID
220,1712602542.3412735,9386640.45588414,9690.0,2.2471091020015678e-10,10150.0,BID
221,1712602542.343995,9386767.45418341,9699.0,1.378404319395764e-09,10150.0,BID
222,1712602542.345615,9386788.15776292,9690.0,2.2471091020015678e-10,10150.0,BID
223,1712602545.854201,9386788.77638339,9680.0,-6.714335018967747e-12,10150.0,ASK
224,1712602546.514958,9386804.30791073,9690.0,1.6857489031887286e-10,10150.0,BID
225,1712602550.064381,9387835.20791073,9690.0,-1.1189102696838744e-08,10150.0,ASK
226,1712602550.2248037,9388027.74922229,9677.0,-2.0897899975073327e-09,10150.0,ASK
227,1712602550.2282517,9388028.19785388,9680.0,-4.869322859785569e-12,10150.0,ASK
228,1712602550.2312777,9388028.2576062,9690.0,-6.48535119407432e-13,10150.0,ASK
229,1712602550.2339177,9388039.90791073,9687.0,-1.2644917434621082e-10,10150.0,ASK
230,1712602556.0845363,9388040.5265312,9699.0,6.714335018967747e-12,10150.0,BID
231,1712602560.3356545,9388040.5265312,9699.0,0.0,10150.0,BID
232,1712602574.0853975,9388050.83687247,9699.0,1.1188794709968608e-10,10150.0,BID
233,1712602590.3171885,9388050.83687247,9699.0,0.0,10150.0,BID
234,1712602610.856306,9388230.80234438,9682.0,-1.9529853400968875e-09,10150.0,ASK
235,1712602615.7360697,9388231.42096485,9682.0,-6.713269476050048e-12,10150.0,ASK
236,1712602620.2283,9388231.42096485,9682.0,-0.0,10150.0,ASK
237,1712602626.6768937,9388478.00849077,9699.0,2.675917112288954e-09,10150.0,BID
238,1712602626.6971135,9388645.19750691,9699.0,1.8143008151404326e-09,10150.0,BID
239,1712602626.7007017,9388724.59601669,9699.0,8.61616297168734e-10,10150.0,BID
240,1712602626.776587,9388732.64474537,9700.0,8.734314814727457e-11,10150.0,BID
241,1712602626.7801104,9388768.99060669,9700.0,3.94417811294804e-10,10150.0,BID
242,1712602626.8364968,9388768.99060713,9700.0,4.770277922403937e-18,10150.0,BID
243,1712602627.0364344,9388846.09703032,9682.0,-8.367430449375578e-10,10150.0,ASK
244,1712602650.2175946,9388846.09703032,9682.0,-0.0,10150.0,ASK
245,1712602680.3405192,9388846.09703032,9682.0,-0.0,10150.0,ASK
246,1712602703.5084438,9388860.78800608,9710.0,1.5941313612815948e-10,10150.0,BID
247,1712602703.5113506,9388880.42586657,9710.0,2.1309223964969644e-10,10150.0,BID
248,1712602710.328389,9388880.42586657,9710.0,0.0,10150.0,BID
249,1712602740.199221,9388880.42586657,9710.0,0.0,10150.0,BID
250,1712602748.9492388,9388881.04378624,9710.0,6.70507921642669e-12,10150.0,BID
251,1712602752.6993809,9388882.05127316,9715.0,1.0932294154748854e-11,10150.0,BID
252,1712602752.703402,9388882.6474848,9715.0,6.469524225298373e-12,10150.0,BID
253,1712602752.7073746,9388882.66608225,9710.0,2.018019204808567e-13,10150.0,BID
254,1712602759.689416,9388926.73550068,9710.0,4.78199603837444e-10,10150.0,BID
255,1712602759.809083,9388970.80491911,9710.0,-4.78199603837444e-10,10150.0,ASK
256,1712602759.8893015,9389011.46336755,9710.0,-4.4118698700226524e-10,10150.0,ASK
257,1712602763.1196127,9389031.79019556,9710.0,-2.2056749210800228e-10,10150.0,ASK
258,1712602763.121591,9389154.94890035,9710.0,-1.3364016575919139e-09,10150.0,ASK
259,1712602766.549409,9389156.32150136,9692.0,-1.4894166579513846e-11,10150.0,ASK
260,1712602768.5799406,9389157.35136747,9710.0,1.1175131953268387e-11,10150.0,BID
261,1712602770.2216136,9389157.35136747,9710.0,0.0,10150.0,BID
262,1712602779.0598097,9389159.94008341,9710.0,2.8089474802964416e-11,10150.0,BID
263,1712602781.9695244,9389160.55800308,9700.0,-6.704883562988603e-12,10150.0,ASK
264,1712602794.6408844,9389204.00950184,9700.0,-4.714807679066101e-10,10150.0,ASK
265,1712602794.6450932,9389369.70950184,9690.0,-1.797967054487538e-09,10150.0,ASK
266,1712602794.6487443,9389376.93269861,9691.0,-7.837700554641361e-11,10150.0,ASK
267,1712602794.651807,9389380.02835437,9691.0,-3.359014525150104e-11,10150.0,ASK
268,1712602794.6534302,9389560.08247808,9700.0,-1.953719869994997e-09,10150.0,ASK
269,1712602794.6550925,9389564.18247808,9690.0,-4.448802005288025e-11,10150.0,ASK
270,1712602794.800272,9389943.84114361,9686.0,4.119576177292713e-09,10150.0,BID
271,1712602794.8042195,9390081.16449072,9686.0,1.490059468421172e-09,10150.0,BID
272,1712602794.8614972,9390095.31663542,9710.0,1.5356119445729655e-10,10150.0,BID
273,1712602794.8631966,9390163.23148332,9715.0,7.369261257326111e-10,10150.0,BID
274,1712602794.8648796,9390168.70177691,9720.0,5.935671487432173e-11,10150.0,BID
275,1712602794.866579,9390174.88097362,9710.0,6.704883589262997e-11,10150.0,BID
276,1712602794.8682797,9390175.52145837,9715.0,6.949731321024942e-12,10150.0,BID
277,1712602794.8699725,9390184.46449072,9720.0,9.703848841244939e-11,10150.0,BID
278,1712602800.3041728,9390184.46449072,9720.0,0.0,10150.0,BID
279,1712602825.5206811,9390205.0706138,9701.0,-2.2357015194514727e-10,10150.0,ASK
280,1712602826.1002574,9390205.68853347,9710.0,6.704240000202291e-12,10150.0,BID
281,1712602830.2309668,9390205.68853347,9710.0,0.0,10150.0,BID
282,1712602854.609666,9390206.30645314,9701.0,-6.704225023283955e-12,10150.0,ASK
283,1712602860.340729,9390206.30645314,9701.0,-0.0,10150.0,ASK
284,1712602866.7311325,9390207.53682199,9701.0,-1.3349096141485262e-11,10150.0,ASK
285,1712602890.342026,9390207.53682199,9701.0,-0.0,10150.0,ASK
286,1712602896.7447548,9390208.15410594,9720.0,6.6973263793084094e-12,10150.0,BID
287,1712602912.6224964,9390212.41767258,9720.0,4.625828559802167e-11,10150.0,BID
288,1712602912.6267538,9390220.3474153,9720.0,8.603508153962159e-11,10150.0,BID
289,1712602912.6818385,9390384.78620794,9720.0,-1.7841064247199111e-09,10150.0,ASK
290,1712602912.6857402,9390529.87926026,9720.0,-1.5742115511200282e-09,10150.0,ASK
291,1712602920.214266,9390529.87926026,9720.0,-0.0,10150.0,ASK
292,1712602921.6685035,9390530.49654421,9710.0,-6.697098698995907e-12,10150.0,ASK
293,1712602924.851833,9390531.11376466,9721.0,6.696409774573003e-12,10150.0,BID
294,1712602926.8216724,9390548.9252313,9721.0,1.9324194340841023e-10,10150.0,BID
295,1712602927.5219889,9390562.04556506,9721.0,1.4234643586868096e-10,10150.0,BID
296,1712602928.5220912,9390575.73570027,9721.0,1.4852838270651772e-10,10150.0,BID
297,1712602943.872385,9390623.62111167,9720.0,5.195231895842606e-10,10150.0,BID
298,1712602943.881959,9390666.87519378,9721.0,4.692765091300577e-10,10150.0,BID
299,1712602947.3721137,9390672.20195495,9711.0,-5.779162947400114e-11,10150.0,ASK
300,1712602950.2345438,9390672.20195495,9711.0,-0.0,10150.0,ASK
301,1712602955.982478,9390788.99686961,9711.0,-1.2671240387748232e-09,10150.0,ASK
302,1712602956.106741,9390819.34318261,9711.0,3.292313094431759e-10,10150.0,BID
303,1712602956.110761,9390819.3431834,9711.0,8.568231239237904e-18,10150.0,BID
304,1712602961.2524543,9390819.96040385,9711.0,-6.696309269395759e-12,10150.0,ASK
305,1712602975.0824506,9390917.50073964,9712.0,-1.058228473282289e-09,10150.0,ASK
306,1712602980.3329918,9390917.50073964,9712.0,-0.0,10150.0,ASK
307,1712603003.353011,9390951.79073038,9721.0,3.7200719539156575e-10,10150.0,BID
308,1712603010.3359656,9390951.79073038,9721.0,0.0,10150.0,BID
309,1712603024.2431278,9390954.87969248,9720.0,3.3511585957005007e-11,10150.0,BID
310,1712603030.8333535,9390955.49697643,9720.0,6.696800888190187e-12,10150.0,BID
311,1712603040.2239733,9390955.49697643,9720.0,0.0,10150.0,BID
312,1712603052.8834949,9391006.93730564,9720.0,5.580665233909121e-10,10150.0,BID
313,1712603061.556919,9391054.39152374,9720.0,5.148219484782537e-10,10150.0,BID
314,1712603062.763637,9391055.00880769,9712.0,-6.6967982911180086e-12,10150.0,ASK
315,1712603070.2261448,9391085.35512069,9713.0,-3.2922148153598517e-10,10150.0,ASK
316,1712603070.2792726,9391085.35512069,9713.0,-0.0,10150.0,ASK
317,1712603075.6140542,9391215.28149745,9713.0,-1.409527695146985e-09,10150.0,ASK
318,1712603100.254516,9391270.55441576,9713.0,5.996373568815393e-10,10150.0,BID
319,1712603100.3247917,9391270.55441576,9713.0,0.0,10150.0,BID
320,1712603102.6039965,9391282.40802673,9713.0,1.2860087437377402e-10,10150.0,BID
321,1712603106.9441895,9391283.02575554,9713.0,6.7017945122590595e-12,10150.0,BID
322,1712603110.7437856,9391304.41575554,9713.0,2.3206200286773348e-10,10150.0,BID
323,1712603111.664235,9391589.84532242,9713.0,3.096650629553829e-09,10150.0,BID
324,1712603111.667929,9391591.51355554,9713.0,1.809880873414407e-11,10150.0,BID
325,1712603111.6883817,9391591.51355642,9713.0,9.558384971880316e-18,10150.0,BID
326,1712603120.569088,9391605.33664441,9720.0,1.4996790483032132e-10,10150.0,BID
327,1712603123.0193129,9391617.05869409,9720.0,1.2717355431141456e-10,10150.0,BID
328,1712603123.9547112,9393084.06965589,9720.0,1.5915731744483316e-08,10150.0,BID
329,1712603125.4740903,9393123.47862016,9721.0,4.2755134078320465e-10,10150.0,BID
330,1712603125.4839745,9393239.47837789,9721.0,1.258491636751879e-09,10150.0,BID
331,1712603130.3367162,9393239.47837789,9721.0,0.0,10150.0,BID
332,1712603133.3045738,9393240.0961067,9720.0,-6.7004034849783036e-12,10150.0,ASK
333,1712603135.2975817,9393240.71326366,9722.0,6.694200714003218e-12,10150.0,BID
334,1712603142.0245297,9393280.02035754,9722.0,4.2635762526551374e-10,10150.0,BID
335,1712603142.7044106,9393547.39316491,9722.0,-2.9001491578434782e-09,10150.0,ASK
336,1712603160.225111,9393547.39316491,9722.0,-0.0,10150.0,ASK
337,1712603168.0069122,9393548.01032187,9722.0,-6.693983356963834e-12,10150.0,ASK
338,1712603174.3348825,9393650.25265884,9722.0,-1.1089699158141315e-09,10150.0,ASK
339,1712603182.6751952,9393652.72433699,9712.0,-2.6809018553394355e-11,10150.0,ASK
340,1712603182.6800923,9393678.84898843,9712.0,-2.8336062504262936e-10,10150.0,ASK
341,1712603182.6840022,9393683.71218966,9715.0,-5.2748636398972e-11,10150.0,ASK
342,1712603190.2080195,9393683.71218966,9715.0,-0.0,10150.0,ASK
343,1712603220.3373396,9393683.71218966,9715.0,-0.0,10150.0,ASK
344,1712603245.3054173,9393684.32934662,9722.0,6.693887157069804e-12,10150.0,BID
345,1712603250.3555348,9393684.32934662,9722.0,0.0,10150.0,BID
346,1712603256.815581,9393706.08674831,9712.0,-2.359879118085851e-10,10150.0,ASK
347,1712603256.8201234,9393728.86545472,9712.0,-2.470653176434953e-10,10150.0,ASK
348,1712603257.5556734,9393769.86545472,9712.0,-4.446994416915697e-10,10150.0,ASK
349,1712603257.5752108,9393769.92498981,9712.0,-6.457371031901181e-13,10150.0,ASK
350,1712603259.8080125,9393779.92498981,9710.0,-1.0846327846135851e-10,10150.0,ASK
351,1712603259.8125496,9393886.95077659,9710.0,-1.160836771404569e-09,10150.0,ASK
352,1712603260.0476484,9393886.9507766,9710.0,-1.0101429974786801e-19,10150.0,ASK
353,1712603263.8658078,9393997.1902473,9711.0,1.1956934407945401e-09,10150.0,BID
354,1712603273.985527,9393997.80740426,9704.0,-6.693886721445238e-12,10150.0,ASK
355,1712603278.5958903,9394470.05286237,9704.0,-5.122129062522332e-09,10150.0,ASK
356,1712603280.2160175,9394470.05286237,9704.0,-0.0,10150.0,ASK
357,1712603289.2660162,9394478.57190703,9710.0,-9.239270831788616e-11,10150.0,ASK
358,1712603295.3490295,9394499.92577703,9719.0,2.3159191681621878e-10,10150.0,BID
359,1712603295.4059017,9394499.92577789,9719.0,9.332949247275609e-18,10150.0,BID
360,1712603303.0102713,9394517.06628396,9722.0,1.8589617039881355e-10,10150.0,BID
361,1712603303.0154986,9394529.53345215,9722.0,1.3521180837266268e-10,10150.0,BID
362,1712603303.0207613,9394534.21224158,9722.0,5.0743486441443016e-11,10150.0,BID
363,1712603303.105584,9394626.25663558,9722.0,9.98261094579218e-10,10150.0,BID
364,1712603303.1455896,9394626.25663567,9722.0,9.696570646520114e-19,10150.0,BID
365,1712603306.275716,9394626.77503764,9725.0,5.622292641657158e-12,10150.0,BID
366,1712603306.285554,9394626.87360225,9725.0,1.0689756439845906e-12,10150.0,BID
367,1712603310.2261057,9394626.87360225,9725.0,0.0,10150.0,BID
368,1712603319.0266483,9394649.76282579,9724.0,2.4823938300633876e-10,10150.0,BID
369,1712603319.0317185,9394658.28187045,9724.0,9.23911807884373e-11,10150.0,BID
370,1712603340.3386004,9394658.28187045,9724.0,0.0,10150.0,BID
371,1712603370.3390028,9394658.28187045,9724.0,0.0,10150.0,BID
372,1712603371.4461358,9394658.89883703,9711.0,-6.691135475652383e-12,10150.0,ASK
373,1712603381.1879315,9394661.82168658,9724.0,3.1698933105699067e-11,10150.0,BID
374,1712603382.0662189,9394662.4387166,9724.0,6.691823494289157e-12,10150.0,BID
375,1712603400.2476528,9394662.4387166,9724.0,0.0,10150.0,BID
376,1712603416.6865983,9394663.46720574,9723.0,1.1154937650900836e-11,10150.0,BID
377,1712603422.5472906,9395073.46720574,9723.0,4.4468378473495335e-09,10150.0,BID
378,1712603430.2366662,9395073.46720574,9723.0,0.0,10150.0,BID
379,1712603438.166748,9395074.08423576,9711.0,-6.691984182288386e-12,10150.0,ASK
380,1712603454.9168208,9395096.51459648,9713.0,-2.432679359887862e-10,10150.0,ASK
381,1712603460.3277335,9395096.51459648,9713.0,-0.0,10150.0,ASK
382,1712603471.2968144,9395311.75351167,9713.0,-2.334362793762604e-09,10150.0,ASK
383,1712603471.3769906,9395312.12068231,9723.0,3.982130661765984e-12,10150.0,BID
384,1712603471.3806407,9395312.37057945,9724.0,2.7102468128596736e-12,10150.0,BID
385,1712603475.086872,9395950.34028454,9724.0,6.919068244732576e-09,10150.0,BID
386,1712603475.096943,9395973.85687031,9724.0,2.5504794433723437e-10,10150.0,BID
387,1712603475.196872,9396079.24321821,9726.0,1.1429623183674595e-09,10150.0,BID
388,1712603475.266819,9396082.35215699,9728.0,3.3717838658628294e-11,10150.0,BID
389,1712603475.2770283,9396096.22468689,9730.0,1.5045382304240546e-10,10150.0,BID
390,1712603475.2801373,9396106.50429215,9728.0,1.1148694012164858e-10,10150.0,BID
391,1712603475.2832875,9396120.50429215,9730.0,1.5183629356287683e-10,10150.0,BID
392,1712603475.2864275,9396161.62694045,9727.0,4.459936071038071e-10,10150.0,BID
393,1712603475.3567102,9396169.66116345,9734.0,8.713476013678628e-11,10150.0,BID
394,1712603475.4170032,9396171.23822957,9736.0,1.7103991043628948e-11,10150.0,BID
395,1712603475.421029,9396196.87824945,9737.0,2.780775418047954e-10,10150.0,BID
396,1712603475.4268491,9396196.87825009,9737.0,6.949221048188744e-18,10150.0,BID
397,1712603480.9369178,9396240.94766852,9730.0,-4.77952653852328e-10,10150.0,ASK
398,1712603480.9867463,9396342.37657652,9730.0,1.100042103629637e-09,10150.0,BID
399,1712603481.0067267,9396342.37657672,9730.0,2.1615309655703363e-18,10150.0,BID
400,1712603484.709562,9396384.50685566,9738.0,4.5692181435184115e-10,10150.0,BID
401,1712603485.1081383,9396406.11470219,9740.0,2.343468092152932e-10,10150.0,BID
402,1712603485.113034,9396413.3585584,9740.0,7.856287700489613e-11,10150.0,BID
403,1712603485.1871352,9396457.42797683,9740.0,-4.77952653852328e-10,10150.0,ASK
404,1712603487.3168156,9396569.80849456,9740.0,1.2188172343481903e-09,10150.0,BID
405,1712603490.342089,9396569.80849456,9740.0,0.0,10150.0,BID
406,1712603496.3268278,9396587.46679456,9740.0,-1.9148244364373976e-10,10150.0,ASK
407,1712603501.9172108,9396588.08386234,9740.0,-6.691337585102501e-12,10150.0,ASK
408,1712603510.166934,9396983.7214764,9741.0,-4.2902010465661e-09,10150.0,ASK
409,1712603520.229536,9396983.7214764,9741.0,-0.0,10150.0,ASK
410,1712603525.1286533,9397029.21378428,9741.0,-4.932862984232564e-10,10150.0,ASK
411,1712603525.137477,9397078.87374581,9741.0,-5.384773766276556e-10,10150.0,ASK
412,1712603525.1420116,9397386.57374581,9741.0,-3.336480409569022e-09,10150.0,ASK
413,1712603525.1460176,9397441.40565605,9740.0,-5.945583176474009e-10,10150.0,ASK
414,1712603525.4370143,9397517.40565605,9740.0,-8.24090058914071e-10,10150.0,ASK
415,1712603525.5171463,9397561.47507448,9740.0,-4.77857495118726e-10,10150.0,ASK
416,1712603525.7066188,9397605.54449291,9740.0,-4.778574951389232e-10,10150.0,ASK
417,1712603525.7972643,9397746.4251795,9740.0,-1.527610175160225e-09,10150.0,ASK
418,1712603525.897867,9397770.29583925,9740.0,-2.588364921007647e-10,10150.0,ASK
419,1712603525.9027717,9397790.49459793,9740.0,-2.1902100303815846e-10,10150.0,ASK
420,1712603526.697158,9397983.65560958,9740.0,-2.0945009140785487e-09,10150.0,ASK
421,1712603526.7770083,9397997.12798604,9740.0,-1.4608488830008666e-10,10150.0,ASK
422,1712603527.497068,9398017.46706245,9746.0,2.2054250889798047e-10,10150.0,BID
423,1712603527.5075116,9398027.72873511,9745.0,1.1127029509894898e-10,10150.0,BID
424,1712603527.5115874,9398440.17582103,9750.0,4.47228346493874e-09,10150.0,BID
425,1712603527.515609,9398440.95461911,9745.0,8.444733617139834e-12,10150.0,BID
426,1712603527.5189142,9398453.2221532,9750.0,1.3302043277800345e-10,10150.0,BID
427,1712603527.5212016,9398457.06808806,9750.0,4.1702587969652117e-11,10150.0,BID
428,1712603527.5235426,9398507.06808806,9749.0,5.42164512443468e-10,10150.0,BID
429,1712603532.477153,9398508.70189832,9750.0,1.7715878854274238e-11,10150.0,BID
430,1712603534.3472269,9398509.7376311,9740.0,-1.123075115003359e-11,10150.0,ASK
431,1712603535.6073265,9398510.35301571,9750.0,6.672793944927139e-12,10150.0,BID
432,1712603550.2402182,9398510.35301571,9750.0,0.0,10150.0,BID
433,1712603552.907404,9398572.88585185,9749.0,6.77952344745469e-10,10150.0,BID
434,1712603563.0495994,9398575.10549397,9749.0,2.4064342388119145e-11,10150.0,BID
435,1712603563.5073576,9398608.39105382,9749.0,3.60866781980609e-10,10150.0,BID
436,1712603565.0372365,9398612.47432072,9749.0,4.4268907992748246e-11,10150.0,BID
437,1712603569.2085197,9398654.44471925,9749.0,4.5502382185435324e-10,10150.0,BID
438,1712603569.447378,9398655.06010386,9740.0,-6.671717856828687e-12,10150.0,ASK
439,1712603580.2531874,9398655.06010386,9740.0,-0.0,10150.0,ASK
440,1712603586.0074608,9399248.51652495,9740.0,-6.433884076487518e-09,10150.0,ASK
441,1712603602.9877377,9399282.70803177,9749.0,3.7068297428625126e-10,10150.0,BID
442,1712603603.247475,9399296.87654581,9740.0,-1.5360618509763648e-10,10150.0,ASK
443,1712603603.5278547,9399297.49199354,9749.0,6.672300138815626e-12,10150.0,BID
444,1712603610.2177806,9399297.49199354,9749.0,0.0,10150.0,BID
445,1712603636.1177309,9399298.10744127,9740.0,-6.671847493871414e-12,10150.0,ASK
446,1712603640.3403723,9399298.10744127,9740.0,-0.0,10150.0,ASK
447,1712603670.3478248,9399298.10744127,9740.0,-0.0,10150.0,ASK
448,1712603672.4876676,9399472.23991456,9740.0,-1.887707393693032e-09,10150.0,ASK
449,1712603676.297751,9399472.85542543,9748.0,6.6725315377034324e-12,10150.0,BID
450,1712603700.2681692,9399472.85542543,9748.0,0.0,10150.0,BID
451,1712603701.04794,9399473.4709363,9740.0,-6.672427040205858e-12,10150.0,ASK
452,1712603724.549312,9399477.85542543,9748.0,4.752992232436102e-11,10150.0,BID
453,1712603724.554874,9399478.58542543,9748.0,7.913543012072832e-12,10150.0,BID
454,1712603724.5600414,9399518.88146686,9749.0,4.368280231092079e-10,10150.0,BID
455,1712603724.5638733,9399590.77130086,9749.0,7.793195796435507e-10,10150.0,BID
456,1712603724.5662794,9400184.22772195,9747.0,6.433346453716282e-09,10150.0,BID
457,1712603724.5687282,9400192.22772195,9749.0,8.6723758983307e-11,10150.0,BID
458,1712603730.2189083,9400192.22772195,9749.0,0.0,10150.0,BID
459,1712603730.748135,9400194.7923506,9749.0,-2.7799666474846945e-11,10150.0,ASK
460,1712603734.097969,9400639.44690229,9740.0,-4.819897896684758e-09,10150.0,ASK
461,1712603738.258596,9400640.0622869,9750.0,6.670551280533123e-12,10150.0,BID
462,1712603738.5783646,9400642.0622869,9741.0,-2.167929183839877e-11,10150.0,ASK
463,1712603738.582347,9400732.1066809,9740.0,-9.760493479634842e-10,10150.0,ASK
464,1712603760.3417284,9400732.1066809,9740.0,-0.0,10150.0,ASK
465,1712603762.0383456,9400757.80278346,9750.0,2.7852077763138424e-10,10150.0,BID
466,1712603766.2380805,9400758.41816807,9740.0,-6.670171082375812e-12,10150.0,ASK
467,1712603775.3081903,9400759.03355268,9750.0,6.670171082375812e-12,10150.0,BID
468,1712603775.7528472,9401061.40668718,9740.0,-3.2774309006741913e-09,10150.0,ASK
469,1712603775.758639,9401063.54821087,9740.0,-2.3212035456398023e-11,10150.0,ASK
470,1712603775.8480918,9401065.71345393,9740.0,2.3469130358044168e-11,10150.0,BID
471,1712603783.673449,9401109.78287236,9740.0,-4.776696645930955e-10,10150.0,ASK
472,1712603784.321607,9401121.80407332,9740.0,1.3029813497283352e-10,10150.0,BID
473,1712603784.338205,9401165.87349175,9740.0,4.776696645729063e-10,10150.0,BID
474,1712603784.4213088,9401206.21802982,9740.0,4.3729558171166415e-10,10150.0,BID
475,1712603784.4811332,9401250.28744825,9740.0,4.776696645930955e-10,10150.0,BID
476,1712603784.7181766,9401294.35686668,9740.0,4.776696645930955e-10,10150.0,BID
477,1712603784.7384102,9401685.72802121,9740.0,4.242082940379575e-09,10150.0,BID
478,1712603784.7427518,9401686.86081921,9740.0,1.2278429342933304e-11,10150.0,BID
479,1712603784.8183672,9401701.36683892,9750.0,1.5723115523126172e-10,10150.0,BID
480,1712603790.3509336,9401701.36683892,9750.0,0.0,10150.0,BID
481,1712603807.6414618,9401729.76683892,9750.0,3.077969006909701e-10,10150.0,BID
482,1712603816.0086274,9401865.6971862,9750.0,1.4732020987677475e-09,10150.0,BID
483,1712603816.0135884,9402112.68251992,9750.0,2.676807050675988e-09,10150.0,BID
484,1712603816.0901968,9402275.65310395,9750.0,1.766261995445689e-09,10150.0,BID
485,1712603820.2434208,9402275.65310395,9750.0,0.0,10150.0,BID
486,1712603835.238356,9402313.90570498,9756.0,4.145534359710769e-10,10150.0,BID
487,1712603838.94847,9402314.52108959,9750.0,-6.669083853727721e-12,10150.0,ASK
488,1712603842.5985837,9402315.13609574,9756.0,6.664982407308385e-12,10150.0,BID
489,1712603849.7984776,9402315.96968839,9756.0,9.033861430465622e-12,10150.0,BID
490,1712603850.2342868,9402315.96968839,9756.0,0.0,10150.0,BID
491,1712603868.4771392,9402317.96968839,9756.0,2.1674430378182568e-11,10150.0,BID
492,1712603869.5101333,9402352.96968839,9750.0,-3.7930253161819495e-10,10150.0,ASK
493,1712603873.7486932,9402353.58469454,9750.0,-6.664953997510019e-12,10150.0,ASK
494,1712603880.3586814,9402353.58469454,9750.0,-0.0,10150.0,ASK
495,1712603882.3790684,9402490.80722871,9750.0,-1.487104220894749e-09,10150.0,ASK
496,1712603882.4387,9402543.17002938,9750.0,-5.674646832855272e-10,10150.0,ASK
497,1712603882.444441,9402642.41132641,9750.0,-1.0754950168633927e-09,10150.0,ASK
498,1712603882.4784908,9402667.23620121,9750.0,-2.6903144094379887e-10,10150.0,ASK
499,1712603887.0593755,9402711.30561964,9750.0,4.77587872548319e-10,10150.0,BID
500,1712603887.066474,9402740.70946451,9750.0,3.1865452771301543e-10,10150.0,BID
501,1712603891.408809,9402920.72897044,9750.0,-1.950902369856542e-09,10150.0,ASK
502,1712603902.7090638,9402954.91697044,9750.0,3.7050124026686967e-10,10150.0,BID
503,1712603910.3491304,9402954.91697044,9750.0,0.0,10150.0,BID
504,1712603917.7011156,9402955.53235505,9750.0,6.668605228289961e-12,10150.0,BID
505,1712603921.4686773,9402956.13235505,9750.0,6.501890146530182e-12,10150.0,BID
506,1712603924.258551,9403012.50214084,9750.0,6.10850258376315e-10,10150.0,BID
507,1712603924.2685168,9403031.61358424,9750.0,2.071008426801176e-10,10150.0,BID
508,1712603928.8788078,9403138.47006055,9756.0,1.157948451393914e-09,10150.0,BID
509,1712603928.8848076,9403146.29770447,9756.0,8.482413483979799e-11,10150.0,BID
510,1712603928.9985814,9403244.21034039,9756.0,-1.0610286718466843e-09,10150.0,ASK
511,1712603931.8286614,9403244.83112001,9756.0,-6.727068166824262e-12,10150.0,ASK
512,1712603933.458687,9403254.48851791,9756.0,-1.0465223380777564e-10,10150.0,ASK
513,1712603935.6885026,9403378.76839122,9756.0,-1.3467568069763067e-09,10150.0,ASK
514,1712603935.8890784,9403500.40025586,9756.0,-1.31806170450588e-09,10150.0,ASK
515,1712603935.8967686,9403977.57141712,9756.0,-5.170857455869844e-09,10150.0,ASK
516,1712603940.200758,9403977.57141712,9756.0,-0.0,10150.0,ASK
517,1712603945.0987277,9403978.18680173,9750.0,-6.667884358032073e-12,10150.0,ASK
518,1712603970.211372,9403978.18680173,9750.0,-0.0,10150.0,ASK
519,1712603980.5591526,9403979.21191706,9750.0,-1.1107443886321296e-11,10150.0,ASK
520,1712603980.618774,9403979.82673415,9759.0,6.661734668173367e-12,10150.0,BID
521,1712604000.251078,9403979.82673415,9759.0,0.0,10150.0,BID
522,1712604014.6391025,9403980.44155124,9750.0,-6.661754808791444e-12,10150.0,ASK
523,1712604018.4293723,9404027.54155124,9750.0,-5.103447129647967e-10,10150.0,ASK
524,1712604019.5387535,9404041.74155124,9751.0,-1.5386188799846675e-10,10150.0,ASK
525,1712604019.5586722,9404050.24155124,9751.0,-9.210042590732656e-11,10150.0,ASK
526,1712604019.7589812,9404050.33305124,9751.0,-9.91433987490094e-13,10150.0,ASK
527,1712604019.7648015,9404428.83166124,9750.0,-4.101162727794933e-09,10150.0,ASK
528,1712604019.8395689,9404567.21290559,9750.0,-1.499408416734297e-09,10150.0,ASK
529,1712604019.8454175,9404662.95076142,9750.0,-1.0373526232357848e-09,10150.0,ASK
530,1712604030.231613,9404662.95076142,9750.0,-0.0,10150.0,ASK
531,1712604049.860823,9404663.56620915,9749.0,6.668106776748605e-12,10150.0,BID
532,1712604059.4793956,9404767.86620915,9748.0,-1.130044848819387e-09,10150.0,ASK
533,1712604060.3524325,9404767.86620915,9748.0,-0.0,10150.0,ASK
534,1712604075.2992363,9404767.87607719,9748.0,-1.0691471693681013e-13,10150.0,ASK
535,1712604080.3199143,9404825.49843006,9738.0,-6.24306054826245e-10,10150.0,ASK
536,1712604080.3262458,9404885.07607719,9738.0,-6.45490577567685e-10,10150.0,ASK
537,1712604084.8978302,9405007.45372432,9738.0,-1.3258935512519163e-09,10150.0,ASK
538,1712604084.9001532,9405085.35928408,9725.0,-8.44063288655988e-10,10150.0,ASK
539,1712604085.229283,9405305.33189384,9748.0,2.383280538346693e-09,10150.0,BID
540,1712604090.3504608,9405305.33189384,9748.0,0.0,10150.0,BID
541,1712604115.8248804,9405305.94734157,9730.0,-6.667654710289838e-12,10150.0,ASK
542,1712604120.239433,9405305.94734157,9730.0,-0.0,10150.0,ASK
543,1712604130.7793603,9405341.01526432,9740.0,3.799198108857186e-10,10150.0,BID
544,1712604130.9193273,9405368.8689118,9740.0,3.01761600182629e-10,10150.0,BID
545,1712604132.502696,9405380.99310946,9740.0,1.3135146085361372e-10,10150.0,BID
546,1712604133.4092104,9405404.0964938,9740.0,2.502980707341279e-10,10150.0,BID
547,1712604135.4892678,9405431.95922641,9740.0,3.018600269094095e-10,10150.0,BID
548,1712604138.3218243,9405444.08342407,9740.0,1.3135146085361372e-10,10150.0,BID
549,1712604139.0601752,9405467.18680841,9744.0,2.502980707341279e-10,10150.0,BID
550,1712604141.0094447,9405475.63802354,9740.0,9.155900329251892e-11,10150.0,BID
551,1712604141.0156698,9405495.04954102,9744.0,2.1030102361689048e-10,10150.0,BID
552,1712604141.029421,9405627.36819865,9744.0,1.4335174553532803e-09,10150.0,BID
553,1712604149.2792149,9405627.98396219,9744.0,6.671075704554537e-12,10150.0,BID
554,1712604150.2230344,9405627.98396219,9744.0,0.0,10150.0,BID
555,1712604150.3635943,9405747.00459026,9744.0,1.2894050766131195e-09,10150.0,BID
556,1712604157.809577,9405755.69624837,9744.0,9.416072047482111e-11,10150.0,BID
557,1712604157.9096243,9405849.63184804,9744.0,-1.0176474536603335e-09,10150.0,ASK
558,1712604158.0094516,9405849.63184805,9744.0,-1.2107333746846394e-19,10150.0,ASK
559,1712604158.7092896,9405850.66704473,9730.0,-1.1214760641634846e-11,10150.0,ASK
560,1712604176.5294173,9405854.77087154,9747.0,4.445863887395069e-11,10150.0,BID
561,1712604180.3397346,9405854.77087154,9747.0,0.0,10150.0,BID
562,1712604180.8298175,9405855.38663508,9730.0,-6.670689271016902e-12,10150.0,ASK
563,1712604182.7483294,9405856.0022091,9747.0,6.668636178689785e-12,10150.0,BID
564,1712604203.049024,9405859.24018738,9750.0,3.5077664697069185e-11,10150.0,BID
565,1712604203.051672,9405875.53886385,9760.0,1.7656681387723518e-10,10150.0,BID
566,1712604203.053951,9405877.96734756,9750.0,2.6308248522801887e-11,10150.0,BID
567,1712604203.056323,9405883.51816747,9759.0,6.013313949510318e-11,10150.0,BID
568,1712604203.0586338,9405890.16155494,9760.0,7.196914185868725e-11,10150.0,BID
569,1712604210.3727555,9405890.16155494,9760.0,0.0,10150.0,BID
570,1712604212.8593884,9405890.77712896,9747.0,-6.668611211450941e-12,10150.0,ASK
571,1712604240.222371,9405890.77712896,9747.0,-0.0,10150.0,ASK
572,1712604246.1993902,9405891.3917571,9762.0,6.6583639396741576e-12,10150.0,BID
573,1712604255.8496633,9405891.95992855,9762.0,6.1550912342949345e-12,10150.0,BID
574,1712604255.9094555,9405950.97574603,9762.0,-6.393276914787581e-10,10150.0,ASK
575,1712604270.2214468,9405950.97574603,9762.0,-0.0,10150.0,ASK
576,1712604280.009405,9405951.59037417,9750.0,-6.658321531276822e-12,10150.0,ASK
577,1712604284.309641,9405953.94859208,9762.0,2.55467852287492e-11,10150.0,BID
578,1712604298.5802824,9405959.25458237,9762.0,-5.74802666839729e-11,10150.0,ASK
579,1712604300.3540075,9405959.25458237,9762.0,-0.0,10150.0,ASK
580,1712604303.980116,9405961.83417666,9762.0,-2.7944950859892928e-11,10150.0,ASK
581,1712604305.183512,9406013.06721689,9762.0,5.550116145219137e-10,10150.0,BID
582,1712604305.1898167,9406039.14462821,9765.0,2.8249867847439065e-10,10150.0,BID
583,1712604314.999776,9406039.75875308,9770.0,6.652863738794144e-12,10150.0,BID
584,1712604319.589656,9406040.78285308,9765.0,-1.1094157049784084e-11,10150.0,ASK
585,1712604319.59963,9406120.25848692,9765.0,-8.60965885567089e-10,10150.0,ASK
586,1712604326.7399623,9407193.07011457,9770.0,1.1621854000137044e-08,10150.0,BID
587,1712604326.7461264,9407206.08658313,9770.0,1.4100844296097892e-10,10150.0,BID
588,1712604330.34078,9407206.08658313,9770.0,0.0,10150.0,BID
589,1712604341.9499545,9407600.90364609,9770.0,4.276520458748336e-09,10150.0,BID
590,1712604341.9898944,9407748.72916243,9770.0,-1.601194335980202e-09,10150.0,ASK
591,1712604342.0095325,9407748.72916245,9770.0,-2.2193073498928893e-19,10150.0,ASK
592,1712604343.9997504,9408002.19813129,9773.0,2.7454872967530507e-09,10150.0,BID
593,1712604349.279759,9408002.81225616,9750.0,-6.651985987607824e-12,10150.0,ASK
594,1712604360.2527676,9408002.81225616,9750.0,-0.0,10150.0,ASK
595,1712604370.029992,9408003.52305634,9750.0,-7.69849001544302e-12,10150.0,ASK
596,1712604379.3199806,9408105.23098241,9750.0,-1.1015718272758383e-09,10150.0,ASK
597,1712604384.6002915,9408105.84510728,9770.0,6.651425127616417e-12,10150.0,BID
598,1712604388.589995,9408238.51625031,9750.0,-1.4369262957354346e-09,10150.0,ASK
599,1712604388.5959432,9408262.90295851,9750.0,-2.6412602980931475e-10,10150.0,ASK
600,1712604390.2331774,9408262.90295851,9750.0,-0.0,10150.0,ASK
601,1712604412.0498357,9408390.94105705,9752.0,-1.386708921184333e-09,10150.0,ASK
602,1712604420.2078688,9408514.64522856,9752.0,-1.3397705852748411e-09,10150.0,ASK
603,1712604420.2421951,9408514.64522856,9752.0,-0.0,10150.0,ASK
604,1712604424.540009,9408675.64522856,9761.0,-1.743654449989694e-09,10150.0,ASK
605,1712604426.220167,9408684.24042037,9770.0,9.308723259944006e-11,10150.0,BID
606,1712604426.2249043,9408696.74721652,9770.0,1.354505016428691e-10,10150.0,BID
607,1712604426.2877514,9408715.21809257,9770.0,2.00042392661388e-10,10150.0,BID
608,1712604426.3473496,9408715.21809259,9770.0,2.219000281695096e-19,10150.0,BID
609,1712604433.0703962,9408759.28751102,9760.0,-4.77278494127328e-10,10150.0,ASK
610,1712604433.078292,9408968.68706143,9760.0,-2.267828931044821e-09,10150.0,ASK
611,1712604450.2224095,9408968.68706143,9760.0,-0.0,10150.0,ASK
612,1712604453.5000343,9408969.3011863,9760.0,-6.65074637325434e-12,10150.0,ASK
613,1712604480.349125,9408969.3011863,9760.0,-0.0,10150.0,ASK
614,1712604487.419947,9408969.9011863,9774.0,6.4977788033878256e-12,10150.0,BID
615,1712604494.050186,9408970.51531117,9770.0,6.6507459415458775e-12,10150.0,BID
616,1712604494.0569854,9409002.24984042,9770.0,3.4367325270012707e-10,10150.0,BID
617,1712604496.749896,9409002.85207257,9770.0,-6.52195217697371e-12,10150.0,ASK
618,1712604503.4007285,9409005.95584947,9785.0,3.3612759607369195e-11,10150.0,BID
619,1712604503.40792,9409014.3117157,9785.0,9.049095083583508e-11,10150.0,BID
620,1712604503.413669,9409024.7117157,9774.0,1.1262816599935208e-10,10150.0,BID
621,1712604503.4185634,9409036.93572305,9780.0,1.3238149316183782e-10,10150.0,BID
622,1712604510.3437965,9409036.93572305,9780.0,0.0,10150.0,BID
623,1712604520.6809838,9409037.54984792,9770.0,-6.650698324090609e-12,10150.0,ASK
624,1712604521.2399757,9409071.13118816,9780.0,-3.636709310978515e-10,10150.0,ASK
625,1712604521.3000915,9409071.13118823,9780.0,-7.6652140305809845e-19,10150.0,ASK
626,1712604521.3069985,9409256.92339223,9780.0,-2.012046670439537e-09,10150.0,ASK
627,1712604522.5701754,9409275.01172096,9770.0,-1.9588852927266743e-10,10150.0,ASK
628,1712604531.617074,9409283.1229269,9771.0,-8.784074119152294e-11,10150.0,ASK
629,1712604533.4503894,9409288.92468137,9779.0,6.283041220696317e-11,10150.0,BID
630,1712604533.4572303,9409335.08877365,9785.0,4.999365213717504e-10,10150.0,BID
631,1712604540.233291,9409335.08877365,9785.0,0.0,10150.0,BID
632,1712604541.1615343,9409380.17121906,9785.0,4.882073518318155e-10,10150.0,BID
633,1712604541.1676853,9409426.96485057,9787.0,5.067381485920137e-10,10150.0,BID
634,1712604549.3100986,9409468.57089949,9787.0,4.5056071778673103e-10,10150.0,BID
635,1712604549.3699243,9409620.7351322,9783.0,-1.647818711203005e-09,10150.0,ASK
636,1712604552.9446218,9409775.09996866,9781.0,1.671649515393642e-09,10150.0,BID
637,1712604552.950153,9409979.45268144,9781.0,2.2129788177310982e-09,10150.0,BID
638,1712604564.690675,9410002.47125811,9787.0,2.4927304310688336e-10,10150.0,BID
639,1712604564.695775,9410111.14970583,9788.0,1.1769019333066103e-09,10150.0,BID
640,1712604570.234611,9410111.14970583,9788.0,0.0,10150.0,BID
641,1712604574.781583,9410112.68470379,9781.0,-1.6621451455221128e-11,10150.0,ASK
642,1712604586.0403914,9410115.24738258,9787.0,2.774950989727776e-11,10150.0,BID
643,1712604589.9400258,9410115.86044071,9787.0,6.638390557277545e-12,10150.0,BID
644,1712604593.070089,9410117.90628281,9787.0,2.2153036044994503e-11,10150.0,BID
645,1712604593.0758088,9410123.62980393,9787.0,6.197612692454192e-11,10150.0,BID
646,1712604597.5520318,9410128.12405448,9787.0,-4.866518997323688e-11,10150.0,ASK
647,1712604600.3228638,9410128.12405448,9787.0,-0.0,10150.0,ASK
648,1712604604.5005748,9410148.57186048,9781.0,-2.2143382337903336e-10,10150.0,ASK
649,1712604607.30067,9410148.57186145,9781.0,-1.0509089527026698e-17,10150.0,ASK
650,1712604617.01064,9410243.74981535,9771.0,-1.030703158804874e-09,10150.0,ASK
651,1712604617.0181284,9410244.74981535,9776.0,-1.0829221648108393e-11,10150.0,ASK
652,1712604617.0232966,9410670.79408367,9770.0,-4.613727813536765e-09,10150.0,ASK
653,1712604622.5102737,9410674.43680924,9770.0,-3.9447882602141276e-11,10150.0,ASK
654,1712604624.0001175,9410676.25817202,9770.0,-1.9723941250643142e-11,10150.0,ASK
655,1712604625.4802544,9410676.87123015,9770.0,-6.638942365640637e-12,10150.0,ASK
656,1712604627.6901207,9410751.66849729,9770.0,-8.099961845407212e-10,10150.0,ASK
657,1712604628.450163,9410752.57146229,9779.0,9.778408124393347e-12,10150.0,BID
658,1712604628.5900078,9410858.71105475,9779.0,-1.149409172383011e-09,10150.0,ASK
659,1712604628.5999284,9410956.68606317,9779.0,-1.0609930821624635e-09,10150.0,ASK
660,1712604628.6317158,9411275.10484047,9779.0,-3.448227516301851e-09,10150.0,ASK
661,1712604630.222134,9411275.10484047,9779.0,-0.0,10150.0,ASK
662,1712604642.280656,9411275.62098928,9784.0,5.5888113399228494e-12,10150.0,BID
663,1712604650.701953,9411277.0747914,9784.0,1.574163424741914e-11,10150.0,BID
664,1712604660.3533566,9411277.0747914,9784.0,0.0,10150.0,BID
665,1712604665.610125,9411283.97963967,9784.0,7.476503977208518e-11,10150.0,BID
666,1712604667.2457547,9411427.03287965,9784.0,1.548966864770871e-09,10150.0,BID
667,1712604679.4506247,9411427.86816122,9787.0,9.04434932127592e-12,10150.0,BID
668,1712604679.4582715,9411525.392599,9784.0,1.055985328583367e-09,10150.0,BID
669,1712604690.350086,9411525.392599,9784.0,0.0,10150.0,BID
670,1712604693.6403477,9411526.00584511,9784.0,6.639995837504356e-12,10150.0,BID
671,1712604720.2221675,9411526.00584511,9784.0,0.0,10150.0,BID
672,1712604738.810516,9411577.13581749,9775.0,-5.53615873817198e-10,10150.0,ASK
673,1712604738.8184853,9411625.09167785,9771.0,-5.192477973681948e-10,10150.0,ASK
674,1712604738.8902855,9411809.77263806,9770.0,-1.9996551221444507e-09,10150.0,ASK
675,1712604740.1405928,9412015.88978114,9770.0,-2.23175794869282e-09,10150.0,ASK
676,1712604740.160157,9412192.11993849,9770.0,-1.9081530463275878e-09,10150.0,ASK
677,1712604740.1637058,9412306.14507846,9770.0,-1.234620801909484e-09,10150.0,ASK
678,1712604740.1800735,9412400.13449571,9770.0,-1.017681624658299e-09,10150.0,ASK
679,1712604740.2602534,9413201.47558818,9770.0,-8.676616248486544e-09,10150.0,ASK
680,1712604740.267356,9413313.60331401,9770.0,-1.214076324034521e-09,10150.0,ASK
681,1712604743.610484,9413452.2121602,9760.0,-1.5008038129217287e-09,10150.0,ASK
682,1712604743.616273,9413567.71953203,9760.0,-1.250669844158583e-09,10150.0,ASK
683,1712604743.6903338,9413672.20987138,9760.0,-1.131381611066535e-09,10150.0,ASK
684,1712604743.696736,9413683.22690384,9760.0,-1.192882328903678e-10,10150.0,ASK
685,1712604750.2429433,9413683.22690384,9760.0,-0.0,10150.0,ASK
686,1712604758.712077,9413683.84014995,9760.0,-6.638480705675064e-12,10150.0,ASK
687,1712604780.243513,9413683.84014995,9760.0,-0.0,10150.0,ASK
688,1712604785.8805375,9413684.84014995,9760.0,-1.0825148622204448e-11,10150.0,ASK
689,1712604785.8845012,9413768.97141682,9760.0,-9.107334676378147e-10,10150.0,ASK
690,1712604785.8878696,9413769.31021457,9750.0,-3.66753599609325e-12,10150.0,ASK
691,1712604798.020256,9413872.71032041,9751.0,-1.119321513265288e-09,10150.0,ASK
692,1712604803.3605042,9413896.98776026,9780.0,2.6280689455710126e-10,10150.0,BID
693,1712604803.3677075,9413906.80047265,9773.0,1.0622407000843487e-10,10150.0,BID
694,1712604803.8657022,9413907.41396958,9780.0,6.641195440098141e-12,10150.0,BID
695,1712604808.1207423,9414026.80527837,9780.0,1.2924286618520422e-09,10150.0,BID
696,1712604810.240614,9414026.80527837,9780.0,0.0,10150.0,BID
697,1712604826.6708777,9414027.4187753,9751.0,-6.640954652649138e-12,10150.0,ASK
698,1712604840.3438993,9414027.4187753,9751.0,-0.0,10150.0,ASK
699,1712604862.100346,9414028.03264884,9774.0,6.645030954840002e-12,10150.0,BID
700,1712604870.3423934,9414028.03264884,9774.0,0.0,10150.0,BID
701,1712604882.2307754,9414029.03264884,9773.0,1.082475473464134e-11,10150.0,BID
702,1712604884.5023782,9414034.69644997,9752.0,-6.130925809703177e-11,10150.0,ASK
703,1712604890.3708577,9414035.31032351,9752.0,-6.645030503092346e-12,10150.0,ASK
704,1712604893.100909,9414057.99551372,9771.0,-2.455616201332237e-10,10150.0,ASK
705,1712604898.1203797,9414155.5199515,9771.0,-1.0556781195975344e-09,10150.0,ASK
706,1712604898.5404763,9414500.13747395,9771.0,-3.7304001577827806e-09,10150.0,ASK
707,1712604899.6804793,9414500.65436238,9770.0,5.595190483626741e-12,10150.0,BID
708,1712604900.126277,9414501.26848725,9770.0,6.64775109341156e-12,10150.0,BID
709,1712604900.233198,9414501.26848725,9770.0,0.0,10150.0,BID
710,1712604930.2311928,9414501.26848725,9770.0,0.0,10150.0,BID
711,1712604930.855047,9414601.26848725,9752.0,-1.083343086601963e-09,10150.0,ASK
712,1712604934.8907568,9414656.46221625,9755.0,5.979374473611213e-10,10150.0,BID
713,1712604934.9106102,9414656.46221724,9755.0,1.0714962687075929e-17,10150.0,BID
714,1712604941.030474,9414668.72583101,9753.0,-1.3285701194252752e-10,10150.0,ASK
715,1712604955.2507763,9414736.72972844,9752.0,-7.367155214318597e-10,10150.0,ASK
716,1712604955.2582998,9414766.1144004,9753.0,-3.183368121996075e-10,10150.0,ASK
717,1712604960.0932882,9414766.72852527,9752.0,-6.6530793214657284e-12,10150.0,ASK
718,1712604960.3439426,9414766.72852527,9752.0,-0.0,10150.0,ASK
719,1712604962.5605152,9414767.342713,9769.0,6.6535737009922645e-12,10150.0,BID
720,1712604976.320697,9415221.23219498,9768.0,4.917042413269461e-09,10150.0,BID
721,1712604976.3317974,9415222.00476114,9769.0,8.36930734795315e-12,10150.0,BID
722,1712604976.3346782,9415324.29392098,9773.0,1.1081114617514227e-09,10150.0,BID
723,1712604976.3374903,9415381.96333782,9774.0,6.247401180347599e-10,10150.0,BID
724,1712604976.341929,9415591.58119905,9775.0,2.2708169172578303e-09,10150.0,BID
725,1712604976.346588,9415888.58119905,9774.0,3.21743872620569e-09,10150.0,BID
726,1712604976.3494103,9415995.62651864,9773.0,1.1596355444789203e-09,10150.0,BID
727,1712604981.5438828,9416005.85879122,9773.0,-1.1084750858871214e-10,10150.0,ASK
728,1712604990.344107,9416005.85879122,9773.0,-0.0,10150.0,ASK
729,1712605000.3504834,9416006.88201847,9773.0,1.10832969454513e-11,10150.0,BID
730,1712605009.4829578,9416030.72690961,9753.0,-2.582808550951461e-10,10150.0,ASK
731,1712605016.65085,9416034.61262535,9773.0,4.2088931252827376e-11,10150.0,BID
732,1712605020.3038073,9416034.61262535,9773.0,0.0,10150.0,BID
733,1712605022.7603612,9416239.15580551,9773.0,2.215544899492766e-09,10150.0,BID
734,1712605030.7407043,9416239.76999324,9760.0,-6.652680830139603e-12,10150.0,ASK
735,1712605032.8113966,9416268.72561235,9760.0,-3.1363780586626273e-10,10150.0,ASK
736,1712605037.211079,9416273.83550695,9772.0,5.5348708808516405e-11,10150.0,BID
737,1712605041.761526,9416336.71579916,9772.0,6.81098781083604e-10,10150.0,BID
738,1712605041.7693987,9416337.51389938,9779.0,8.644760829510121e-12,10150.0,BID
739,1712605041.7734008,9416392.9749822,9773.0,6.00736328953183e-10,10150.0,BID
740,1712605050.2412715,9416392.9749822,9773.0,0.0,10150.0,BID
741,1712605053.0608215,9416478.83959003,9779.0,9.300221021242254e-10,10150.0,BID
742,1712605067.4807794,9416558.43165819,9779.0,8.62082578766705e-10,10150.0,BID
743,1712605067.5542357,9416660.69160296,9779.0,1.107604299402251e-09,10150.0,BID
744,1712605073.830942,9416661.30516262,9779.0,6.6456256983639856e-12,10150.0,BID
745,1712605077.500893,9416662.30516262,9780.0,1.0831262444823206e-11,10150.0,BID
746,1712605077.5087352,9416957.08452457,9779.0,3.192832632600512e-09,10150.0,BID
747,1712605080.3412,9416957.08452457,9779.0,0.0,10150.0,BID
748,1712605090.3311794,9416973.73152669,9782.0,1.8029727613567188e-10,10150.0,BID
749,1712605090.471387,9417003.16829874,9782.0,3.1881835424665886e-10,10150.0,BID
750,1712605091.2309637,9417030.21447966,9782.0,2.9292678134145795e-10,10150.0,BID
751,1712605091.470757,9417050.84163265,9782.0,2.2340475910205047e-10,10150.0,BID
752,1712605092.0907671,9417066.24518492,9782.0,1.6682994916462923e-10,10150.0,BID
753,1712605095.2547936,9417096.81518491,9782.0,3.310919101179457e-10,10150.0,BID
754,1712605102.651135,9417097.42874457,9773.0,-6.645228646738124e-12,10150.0,ASK
755,1712605102.711,9417131.50490486,9782.0,3.690657835890281e-10,10150.0,BID
756,1712605110.0409331,9417150.59650167,9782.0,2.0677374083488902e-10,10150.0,BID
757,1712605110.3506105,9417150.59650167,9782.0,0.0,10150.0,BID
758,1712605140.1164024,9417152.64107333,9782.0,2.2143515144879173e-11,10150.0,BID
759,1712605140.2236035,9417152.64107333,9782.0,0.0,10150.0,BID
760,1712605149.6810184,9417153.25457026,9780.0,6.644411600433941e-12,10150.0,BID
761,1712605151.1411395,9417191.06654786,9782.0,4.09518499257902e-10,10150.0,BID
762,1712605151.1473331,9417224.81457843,9780.0,3.655043642279044e-10,10150.0,BID
763,1712605157.0215423,9417225.33093834,9780.0,5.5923796700614125e-12,10150.0,BID
764,1712605162.081,9417304.994583,9780.0,8.62788414634721e-10,10150.0,BID
765,1712605170.213663,9417304.994583,9780.0,0.0,10150.0,BID
766,1712605171.7364943,9418057.39971476,9773.0,-8.148710208991762e-09,10150.0,ASK
767,1712605174.5408528,9418058.01321169,9773.0,-6.644304352555886e-12,10150.0,ASK
768,1712605179.420896,9418058.62670862,9780.0,6.644304352555886e-12,10150.0,BID
769,1712605188.051223,9418076.19292647,9780.0,1.902459362550212e-10,10150.0,BID
770,1712605188.0570354,9418320.55556474,9780.0,2.6465001913402623e-09,10150.0,BID
771,1712605188.1525652,9418530.06013253,9780.0,2.2689797534691062e-09,10150.0,BID
772,1712605188.241871,9418604.84774356,9780.0,8.099659927627973e-10,10150.0,BID
773,1712605190.7213037,9418655.92146544,9780.0,5.531394475227083e-10,10150.0,BID
774,1712605200.2635596,9418655.92146544,9780.0,0.0,10150.0,BID
775,1712605210.1011248,9418656.53496237,9773.0,-6.643470012230791e-12,10150.0,ASK
776,1712605215.5411048,9418657.53496237,9773.0,-1.082885617479945e-11,10150.0,ASK
777,1712605215.5477264,9418685.70564691,9773.0,-3.0505629123628315e-10,10150.0,ASK
778,1712605217.29069,9418699.41070708,9773.0,1.4841012545833506e-10,10150.0,BID
779,1712605217.43082,9418713.11576725,9773.0,1.4841012543816478e-10,10150.0,BID
780,1712605223.9313736,9418713.7297036,9773.0,6.648228431919413e-12,10150.0,BID
781,1712605230.2311883,9418713.7297036,9773.0,0.0,10150.0,BID
782,1712605250.8212476,9418746.51275952,9773.0,3.550008256809849e-10,10150.0,BID
783,1712605252.4709718,9418747.12669587,9765.0,-6.648187759173449e-12,10150.0,ASK
784,1712605256.967508,9418759.86252307,9773.0,1.3791359727973325e-10,10150.0,BID
785,1712605260.340981,9418759.86252307,9773.0,0.0,10150.0,BID
786,1712605262.842374,9418780.32706824,9773.0,2.216051786540855e-10,10150.0,BID
787,1712605263.810949,9418785.44064646,9773.0,5.53735939784438e-11,10150.0,BID
788,1712605268.971113,9418790.04261105,9773.0,4.983346448637479e-11,10150.0,BID
789,1712605273.8027768,9418794.18414384,9773.0,4.484756959873276e-11,10150.0,BID
790,1712605280.040938,9418795.09482523,9773.0,9.861529328135939e-12,10150.0,BID
791,1712605280.052191,9419695.85007327,9773.0,9.754041734562054e-09,10150.0,BID
792,1712605288.0109408,9420365.85825143,9773.0,-7.255342387943149e-09,10150.0,ASK
793,1712605290.3411272,9420365.85825143,9773.0,-0.0,10150.0,ASK
794,1712605298.1514318,9420366.47187384,9778.0,6.643626573612218e-12,10150.0,BID
795,1712605312.6845765,9420565.82493293,9773.0,-2.158375018298692e-09,10150.0,ASK
796,1712605320.2320611,9420565.82493293,9773.0,-0.0,10150.0,ASK
797,1712605322.2113576,9420576.05720551,9765.0,-1.1078141632513556e-10,10150.0,ASK
798,1712605322.219774,9420617.21829613,9765.0,-4.4563745547101454e-10,10150.0,ASK
799,1712605324.8814704,9420617.83191854,9754.0,-6.643486005683374e-12,10150.0,ASK
800,1712605350.2331717,9420617.83191854,9754.0,-0.0,10150.0,ASK
801,1712605354.7610264,9420661.90133697,9760.0,-4.771223312734867e-10,10150.0,ASK
802,1712605354.7708635,9420668.21687334,9754.0,-6.837583847628376e-11,10150.0,ASK
803,1712605360.911385,9420668.83074688,9774.0,6.6461683566986936e-12,10150.0,BID
804,1712605369.0213158,9420679.0829511,9770.0,1.1099659929085768e-10,10150.0,BID
805,1712605380.3471167,9420679.0829511,9770.0,0.0,10150.0,BID
806,1712605396.1911535,9420679.69682464,9760.0,-6.646125336008345e-12,10150.0,ASK
807,1712605396.991275,9420723.15236953,9760.0,-4.70473117521571e-10,10150.0,ASK
808,1712605397.1512368,9420767.22178796,9760.0,4.771192428374139e-10,10150.0,BID
809,1712605403.2613368,9420801.37475927,9760.0,3.6975844913369255e-10,10150.0,BID
810,1712605403.3637524,9420845.4441777,9760.0,4.771192428575792e-10,10150.0,BID
811,1712605407.8914158,9420865.87908847,9754.0,-2.2123934242744718e-10,10150.0,ASK
812,1712605410.351306,9420865.87908847,9754.0,-0.0,10150.0,ASK
813,1712605412.231283,9420886.71216145,9760.0,2.25545609231834e-10,10150.0,BID
814,1712605412.631142,9420920.20070119,9760.0,3.6255779959371857e-10,10150.0,BID
815,1712605414.4115567,9420920.71811922,9760.0,5.601735522550062e-12,10150.0,BID
816,1712605421.5236337,9420930.96402085,9754.0,-1.1092545624188374e-10,10150.0,ASK
817,1712605421.530608,9421022.99642445,9752.0,-9.963726695448787e-10,10150.0,ASK
818,1712605421.5361252,9421053.42685746,9750.0,-3.2944974366001035e-10,10150.0,ASK
819,1712605421.5407326,9421081.39246649,9751.0,-3.027647593001577e-10,10150.0,ASK
820,1712605421.543934,9421154.18733828,9750.0,-7.881009068346215e-10,10150.0,ASK
821,1712605421.547186,9421178.08428984,9754.0,-2.5871615309947246e-10,10150.0,ASK
822,1712605421.550429,9421412.44434058,9750.0,-2.5372579684700433e-09,10150.0,ASK
823,1712605421.553681,9421415.37506285,9747.0,-3.172895043275438e-11,10150.0,ASK
824,1712605421.556929,9421713.02839672,9741.0,-3.222491592834827e-09,10150.0,ASK
825,1712605421.5601702,9422010.02839672,9743.0,-3.215418388317855e-09,10150.0,ASK
826,1712605421.5637388,9422010.62839672,9750.0,-6.495794719841336e-12,10150.0,ASK
827,1712605421.5669825,9422040.32792482,9748.0,-3.2153672988889995e-10,10150.0,ASK
828,1712605421.5702152,9422091.62576005,9747.0,-5.553670123976487e-10,10150.0,ASK
829,1712605421.5734963,9422388.62576005,9746.0,-3.215418388317855e-09,10150.0,ASK
830,1712605434.1648371,9422389.65182202,9760.0,1.1108479873008955e-11,10150.0,BID
831,1712605438.0911727,9422390.67788399,9760.0,1.1108479893174555e-11,10150.0,BID
832,1712605440.221603,9422390.67788399,9760.0,0.0,10150.0,BID
833,1712605444.0115252,9422400.92378562,9760.0,1.109076116694915e-10,10150.0,BID
834,1712605446.041306,9422503.38280201,9760.0,1.1090761177433576e-09,10150.0,BID
835,1712605452.981274,9422504.40739217,9760.0,1.1090761142754322e-11,10150.0,BID
836,1712605457.6415548,9422514.6532938,9760.0,1.109076116694915e-10,10150.0,BID
837,1712605468.9213302,9422515.26804789,9760.0,6.6544566171005794e-12,10150.0,BID
838,1712605470.23575,9422515.26804789,9760.0,0.0,10150.0,BID
839,1712605474.6623447,9422522.75018185,9746.0,-8.098991334863466e-11,10150.0,ASK
840,1712605482.671202,9422605.10943952,9746.0,-8.91492878570116e-10,10150.0,ASK
841,1712605482.7522418,9422622.7821608,9746.0,1.912973187420919e-10,10150.0,BID
842,1712605482.771223,9422635.43095278,9746.0,1.3691609530830508e-10,10150.0,BID
843,1712605482.83125,9422653.25585564,9746.0,1.9294459919663128e-10,10150.0,BID
844,1712605483.4126854,9422655.88255564,9746.0,2.8432557668325696e-11,10150.0,BID
845,1712605484.4713166,9422656.90861761,9746.0,1.1106546680528124e-11,10150.0,BID
846,1712605484.9112282,9422938.04631676,9746.0,3.043158277279399e-09,10150.0,BID
847,1712605487.651471,9422964.06325539,9746.0,2.8161880239595515e-10,10150.0,BID
848,1712605496.6818433,9422964.66325539,9740.0,-6.494664254411161e-12,10150.0,ASK
849,1712605496.6906729,9422984.08185672,9740.0,-2.1019549334886168e-10,10150.0,ASK
850,1712605500.2431672,9422984.08185672,9740.0,-0.0,10150.0,ASK
851,1712605501.2316575,9423002.11869547,9746.0,1.952310420007689e-10,10150.0,BID
852,1712605501.4517386,9423085.21869546,9746.0,8.994757791961395e-10,10150.0,BID
853,1712605501.571592,9423098.67588261,9746.0,1.4566081707162287e-10,10150.0,BID
854,1712605501.811787,9423147.92575766,9746.0,5.330814649952922e-10,10150.0,BID
855,1712605502.0813582,9423148.54051175,9740.0,-6.654108474828302e-12,10150.0,ASK
856,1712605511.2924483,9423165.08007949,9746.0,1.7902455574979734e-10,10150.0,BID
857,1712605511.6315897,9423463.38685654,9746.0,3.228877506098471e-09,10150.0,BID
858,1712605511.7315118,9423722.25403566,9746.0,2.801982643494241e-09,10150.0,BID
859,1712605511.8314788,9423764.95133704,9746.0,4.621562988342565e-10,10150.0,BID
860,1712605512.5312936,9424331.52957304,9746.0,6.132652230585131e-09,10150.0,BID
861,1712605512.6114209,9424539.24925315,9746.0,2.248361265259753e-09,10150.0,BID
862,1712605512.63576,9424611.26116328,9746.0,7.794581104998641e-10,10150.0,BID
863,1712605512.6397333,9424633.66728956,9746.0,2.42524282767032e-10,10150.0,BID
864,1712605512.7112532,9424638.68271452,9750.0,5.428704300658616e-11,10150.0,BID
865,1712605513.8013625,9424639.29809913,9750.0,6.660933236849652e-12,10150.0,BID
866,1712605526.321185,9424658.57843557,9750.0,2.0869068163902319e-10,10150.0,BID
867,1712605530.2414258,9424658.57843557,9750.0,0.0,10150.0,BID
868,1712605537.2613823,9424662.62285608,9750.0,4.376914312953733e-11,10150.0,BID
869,1712605538.801471,9424762.3693689,9750.0,1.079467227723554e-09,10150.0,BID
870,1712605541.6514356,9424766.00914325,9750.0,3.9390019927266446e-11,10150.0,BID
871,1712605560.35175,9424766.00914325,9750.0,0.0,10150.0,BID
872,1712605577.0822494,9424976.00914325,9750.0,2.272616272959309e-09,10150.0,BID
873,1712605577.0904942,9425325.28541225,9750.0,3.779861584228414e-09,10150.0,BID
1074,1712605582.9974782,9425325.90079686,9741.0,-6.6596813316911194e-12,10150.0,ASK
874,1712605582.9974782,9425325.90079686,9741.0,-6.65968133169112e-12,10150.0,ASK
875,1712605585.631646,9425325.90079725,9750.0,4.212920164143895e-18,10150.0,BID
876,1712605590.3516266,9425325.90079725,9750.0,0.0,10150.0,BID
877,1712605613.9613757,9425451.40143089,9750.0,1.3580853989183391e-09,10150.0,BID
878,1712605616.071519,9425452.01650008,9755.0,6.65587465249659e-12,10150.0,BID
879,1712605620.2346897,9425452.01650008,9755.0,0.0,10150.0,BID
880,1712605622.0912535,9425454.08979657,9755.0,2.243555384392072e-11,10150.0,BID
881,1712605632.113699,9425462.61971996,9755.0,9.230399825191132e-11,10150.0,BID
882,1712605638.9138937,9425462.61971998,9755.0,2.21716591577924e-19,10150.0,BID
883,1712605638.9214838,9425566.61971996,9760.0,1.125404693187469e-09,10150.0,BID
884,1712605638.991397,9425716.61971996,9760.0,1.6231798462632483e-09,10150.0,BID
885,1712605640.2114952,9425844.46315698,9760.0,1.383419269649731e-09,10150.0,BID
886,1712605641.3414257,9425984.46315698,9760.0,1.514967856512365e-09,10150.0,BID
887,1712605641.421458,9425996.2082326,9760.0,1.270958002691711e-10,10150.0,BID
888,1712605641.8416336,9426188.54721348,9760.0,2.081338382764235e-09,10150.0,BID
889,1712605641.849312,9426238.54721348,9760.0,5.41059948754416e-10,10150.0,BID
890,1712605650.2322276,9426238.54721348,9760.0,0.0,10150.0,BID
891,1712605653.123369,9426239.16228267,9750.0,-6.655233246695349e-12,10150.0,ASK
892,1712605658.4616432,9426337.42577419,9750.0,-1.0632404716319403e-09,10150.0,ASK
893,1712605658.4692454,9426477.69306671,9744.0,-1.5177342057113847e-09,10150.0,ASK
894,1712605680.3519533,9426477.69306671,9744.0,-0.0,10150.0,ASK
895,1712605696.903016,9426478.30719158,9770.0,6.644847834687048e-12,10150.0,BID
896,1712605703.182259,9426480.74224777,9770.0,2.6347374349487403e-11,10150.0,BID
897,1712605703.1917143,9426512.41223968,9774.0,3.4267017584797327e-10,10150.0,BID
898,1712605710.3614538,9426512.41223968,9774.0,0.0,10150.0,BID
1099,1712605721.8215806,9426513.02636455,9751.0,-6.644823437604417e-12,10150.0,ASK
899,1712605721.8215806,9426513.02636455,9751.0,-6.6448234376044165e-12,10150.0,ASK
900,1712605740.2363522,9426513.02636455,9751.0,-0.0,10150.0,ASK
901,1712605750.21181,9426523.38583826,9760.0,1.1208936915908224e-10,10150.0,BID
902,1712605750.2595763,9426523.38583828,9760.0,2.015379599112797e-19,10150.0,BID
903,1712605753.0818849,9426525.85843481,9760.0,-2.6753461899047275e-11,10150.0,ASK
904,1712605755.3714674,9426526.47262254,9769.0,6.6455031573690335e-12,10150.0,BID
905,1712605770.2343264,9426526.47262254,9769.0,0.0,10150.0,BID
906,1712605786.2019148,9426527.08681027,9745.0,-6.645493720595477e-12,10150.0,ASK
907,1712605800.2546258,9426527.08681027,9745.0,-0.0,10150.0,ASK
908,1712605806.0945091,9426559.88307359,9747.0,-3.5514638772489107e-10,10150.0,ASK
909,1712605817.3915937,9426560.79375499,9754.0,-9.861648137059984e-12,10150.0,ASK
910,1712605826.4623554,9426561.40794272,9769.0,6.650957511007139e-12,10150.0,BID
911,1712605830.2345176,9426561.40794272,9769.0,0.0,10150.0,BID
912,1712605846.8549922,9426604.93376527,9748.0,-4.713336546790161e-10,10150.0,ASK
913,1712605849.3816562,9426656.01524379,9748.0,-5.531525551125459e-10,10150.0,ASK
914,1712605853.2218032,9426656.62943152,9748.0,-6.650933416168101e-12,10150.0,ASK
915,1712605860.3451667,9426656.62943152,9748.0,-0.0,10150.0,ASK
916,1712605869.511901,9426745.3862537,9751.0,-9.611227182586022e-10,10150.0,ASK
917,1712605883.9019043,9426746.00044143,9769.0,6.650866564817404e-12,10150.0,BID
918,1712605890.3541903,9426746.00044143,9769.0,0.0,10150.0,BID
919,1712605908.371591,9426754.33591972,9768.0,9.026170329578186e-11,10150.0,BID
920,1712605920.2349398,9426754.33591972,9768.0,0.0,10150.0,BID
921,1712605946.3018932,9426783.17784973,9768.0,3.1231794308557237e-10,10150.0,BID
922,1712605950.2322292,9426783.17784973,9768.0,0.0,10150.0,BID
923,1712605952.8820543,9426783.79203746,9752.0,-6.650777628288103e-12,10150.0,ASK
924,1712605960.794532,9426825.69783881,9752.0,-4.5378009545200056e-10,10150.0,ASK
925,1712605966.372369,9426866.22326084,9769.0,4.388325550389904e-10,10150.0,BID
926,1712605966.3808937,9426869.56043452,9769.0,3.6136834094218875e-11,10150.0,BID
1126,1712605966.3808937,9426869.56043452,9769.0,3.613683409421888e-11,10150.0,BID
927,1712605980.299113,9426894.86043452,9769.0,2.7396293698031753e-10,10150.0,BID
928,1712605980.3457785,9426894.86043452,9769.0,0.0,10150.0,BID
929,1712605984.8119528,9426895.47462225,9769.0,6.65069912736593e-12,10150.0,BID
1129,1712605984.8119528,9426895.47462225,9769.0,6.6506991273659294e-12,10150.0,BID
930,1712606003.2119443,9426929.59612905,9769.0,3.6948291905639406e-10,10150.0,BID
931,1712606010.342647,9426929.59612905,9769.0,0.0,10150.0,BID
932,1712606016.0024705,9427036.93522039,9769.0,1.1623113627618634e-09,10150.0,BID
933,1712606016.009748,9427081.24055841,9769.0,4.797562301689379e-10,10150.0,BID
934,1712606020.0124016,9427081.85474614,9758.0,-6.650674689798866e-12,10150.0,ASK
935,1712606024.9323397,9427133.03705714,9769.0,-5.542228921948201e-10,10150.0,ASK
936,1712606024.9421525,9427133.03705753,9769.0,-4.215421253297191e-18,10150.0,ASK
937,1712606029.4026072,9427184.21936853,9769.0,-5.542228921948201e-10,10150.0,ASK
938,1712606029.4217362,9427184.21936892,9769.0,-4.215421253297191e-18,10150.0,ASK
939,1712606040.243634,9427184.21936892,9769.0,-0.0,10150.0,ASK
940,1712606050.7618234,9427184.83349379,9770.0,6.64981489967826e-12,10150.0,BID
941,1712606055.739267,9427200.05777993,9769.0,1.6485032568125352e-10,10150.0,BID
942,1712606056.2217896,9427211.3419866,9769.0,1.2218669088024782e-10,10150.0,BID
943,1712606064.9414818,9427226.41646337,9769.0,1.6322817253180297e-10,10150.0,BID
944,1712606067.472398,9427295.69587437,9769.0,7.50165450180259e-10,10150.0,BID
945,1712606070.21329,9427295.69587437,9769.0,0.0,10150.0,BID
946,1712606080.6623156,9427296.30999924,9753.0,-6.649736486147825e-12,10150.0,ASK
947,1712606094.4923117,9427588.34467474,9770.0,3.162147849699172e-09,10150.0,BID
1147,1712606094.4923117,9427588.34467474,9770.0,3.1621478496991722e-09,10150.0,BID
948,1712606094.4992826,9427596.06308624,9769.0,8.357486413188059e-11,10150.0,BID
949,1712606094.711906,9427649.93461198,9770.0,5.833202135610225e-10,10150.0,BID
950,1712606094.8951273,9427695.23046262,9770.0,4.904629097799313e-10,10150.0,BID
951,1712606094.9992812,9427721.50485515,9770.0,2.8449879693164624e-10,10150.0,BID
952,1712606095.0319588,9427733.09496118,9770.0,1.2549752454879515e-10,10150.0,BID
953,1712606095.232021,9427764.87081555,9770.0,3.4406855761672435e-10,10150.0,BID
954,1712606095.320294,9427806.33081555,9770.0,4.489283665416072e-10,10150.0,BID
955,1712606095.3287275,9427832.92174707,9770.0,2.8792627719035344e-10,10150.0,BID
956,1712606095.440319,9427893.6150939,9770.0,6.57186807839117e-10,10150.0,BID
957,1712606095.531848,9427938.9057396,9770.0,4.90406550751745e-10,10150.0,BID
958,1712606096.05515,9427939.44451743,9760.0,-5.833879671778496e-12,10150.0,ASK
959,1712606098.8019445,9428072.6187296,9770.0,1.4420087201322612e-09,10150.0,BID
960,1712606100.2461543,9428072.6187296,9770.0,0.0,10150.0,BID
961,1712606106.8923292,9428106.14714259,9774.0,3.630227256118395e-10,10150.0,BID
962,1712606114.9225228,9428106.76101613,9774.0,6.646602875023367e-12,10150.0,BID
963,1712606130.2358823,9428106.76101613,9774.0,0.0,10150.0,BID
964,1712606140.6525428,9428107.37488967,9748.0,-6.6465788397827655e-12,10150.0,ASK
965,1712606146.4526825,9428121.9712555,9769.0,1.5803889567083422e-10,10150.0,BID
966,1712606146.4609146,9428122.78560318,9769.0,8.817167892532286e-12,10150.0,BID
967,1712606146.465237,9428134.5337806,9770.0,1.2720077088296418e-10,10150.0,BID
968,1712606153.7126317,9428166.85502161,9770.0,3.49951028594683e-10,10150.0,BID
969,1712606153.8323646,9428214.3134514,9770.0,-5.13845564131662e-10,10150.0,ASK
970,1712606153.8407488,9428341.47888975,9770.0,-1.3768554226812063e-09,10150.0,ASK
971,1712606153.852062,9428646.30450731,9770.0,-3.300431390426212e-09,10150.0,ASK
972,1712606160.34604,9428646.30450731,9770.0,-0.0,10150.0,ASK
973,1712606185.3620453,9428646.91863218,9770.0,6.648920583895767e-12,10150.0,BID
974,1712606190.352119,9428646.91863218,9770.0,0.0,10150.0,BID
1175,1712606206.7523096,9428657.15404671,9770.0,1.108153362159182e-10,10150.0,BID
975,1712606206.7523096,9428657.15404671,9770.0,1.1081533621591819e-10,10150.0,BID
976,1712606206.9921055,9428667.38946124,9770.0,1.1081533619575195e-10,10150.0,BID
977,1712606208.201914,9428668.00358611,9750.0,-6.648920151982219e-12,10150.0,ASK
978,1712606220.235633,9428668.00358611,9750.0,-0.0,10150.0,ASK
979,1712606236.1922476,9428697.19631776,9773.0,3.160590270711779e-10,10150.0,BID
980,1712606236.2021437,9429010.33637415,9774.0,3.390252845964317e-09,10150.0,BID
981,1712606236.2059617,9429028.0371441,9770.0,1.9163976142019047e-10,10150.0,BID
982,1712606245.342185,9429038.27255863,9770.0,-1.1081508906052354e-10,10150.0,ASK
983,1712606250.2322311,9429038.27255863,9770.0,-0.0,10150.0,ASK
984,1712606255.2824762,9429044.58547572,9770.0,6.834496635345707e-11,10150.0,BID
985,1712606257.5127754,9429054.82089025,9770.0,1.1081074747769908e-10,10150.0,BID
986,1712606261.2224193,9429060.50220038,9770.0,6.150705673835858e-11,10150.0,BID
987,1712606276.032446,9429070.73761491,9770.0,1.1081074747769908e-10,10150.0,BID
988,1712606280.3638792,9429070.73761491,9770.0,0.0,10150.0,BID
989,1712606284.4023824,9429080.97302944,9770.0,1.1081036698655843e-10,10150.0,BID
990,1712606303.2025025,9429115.09104376,9770.0,3.6936752058705846e-10,10150.0,BID
991,1712606307.302335,9429115.70516863,9770.0,6.648622018386894e-12,10150.0,BID
992,1712606310.3677173,9429115.70516863,9770.0,0.0,10150.0,BID
1193,1712606315.0029793,9429116.72871008,9770.0,1.1080983945830559e-11,10150.0,BID
993,1712606315.0029793,9429116.72871008,9770.0,1.108098394583056e-11,10150.0,BID
994,1712606324.9024537,9429138.06536309,9769.0,2.3099319503514717e-10,10150.0,BID
1194,1712606324.9024537,9429138.06536309,9769.0,2.309931950351472e-10,10150.0,BID
995,1712606339.4923785,9429138.67948796,9760.0,-6.648590375564426e-12,10150.0,ASK
996,1712606340.2229462,9429138.67948796,9760.0,-0.0,10150.0,ASK
997,1712606343.9549727,9429150.71695887,9769.0,1.3031880435703468e-10,10150.0,BID
998,1712606343.9600863,9429331.14379217,9770.0,1.953318048919477e-09,10150.0,BID
999,1712606356.6924436,9429332.16733362,9774.0,1.1080957042328765e-11,10150.0,BID
1000,1712606361.697605,9429333.19093108,9770.0,-1.1081563409094435e-11,10150.0,ASK
1201,1712606368.233733,9429340.10645074,9770.0,-7.486807324131639e-11,10150.0,ASK
1202,1712606368.3529184,9429346.0568483,9770.0,-6.441956964129717e-11,10150.0,ASK
1203,1712606370.2361555,9429346.0568483,9770.0,-0.0,10150.0,ASK
1204,1712606373.3925748,9429962.55474679,9770.0,-6.674118461275513e-09,10150.0,ASK
1205,1712606373.395286,9429963.6918873,9771.0,-1.2310521241813264e-11,10150.0,ASK
1206,1712606373.4156868,9430064.9974833,9770.0,-1.0967199566263304e-09,10150.0,ASK
1207,1712606373.4724357,9430090.25108276,9770.0,-2.7339187169662357e-10,10150.0,ASK
1208,1712606373.512403,9430119.06477563,9770.0,-3.1193293602838224e-10,10150.0,ASK
1209,1712606373.5377092,9430140.84016992,9770.0,-2.357373178087553e-10,10150.0,ASK
1210,1712606373.5389223,9430141.86366992,9770.0,-1.1080265267596604e-11,10150.0,ASK
1211,1712606378.7526796,9430143.91075282,9770.0,-2.2161427966553008e-11,10150.0,ASK
1212,1712606383.6934807,9430164.66141833,9775.0,2.2464374996884302e-10,10150.0,BID
1213,1712606383.6970465,9430169.8411552,9775.0,5.60750937665688e-11,10150.0,BID
1214,1712606383.700533,9430407.08179178,9774.0,2.5683333491547246e-09,10150.0,BID
1215,1712606383.704259,9430431.63212061,9778.0,2.6577836399037167e-10,10150.0,BID
1216,1712606383.7078545,9430439.91075282,9778.0,8.962329345494747e-11,10150.0,BID
1217,1712606383.713283,9430583.91075282,9778.0,1.558923494757789e-09,10150.0,BID
1218,1712606396.6631036,9430604.47857971,9761.0,-2.22664365097798e-10,10150.0,ASK
1219,1712606400.3367205,9430604.47857971,9761.0,-0.0,10150.0,ASK
1220,1712606430.2330525,9430604.47857971,9761.0,-0.0,10150.0,ASK
1221,1712606446.2727847,9430648.54799814,9770.0,-4.770258365111619e-10,10150.0,ASK
1222,1712606446.2760184,9430812.57629071,9770.0,-1.7755109157732615e-09,10150.0,ASK
1223,1712606448.8431091,9430813.18991312,9778.0,6.642105885770533e-12,10150.0,BID
1224,1712606452.0324695,9430814.09191312,9778.0,9.763625665888987e-12,10150.0,BID
1225,1712606452.5526242,9430822.34291312,9778.0,8.931227859214409e-11,10150.0,BID
1226,1712606454.5245166,9430830.58591312,9778.0,8.922568326875475e-11,10150.0,BID
1227,1712606460.3481708,9430830.58591312,9778.0,0.0,10150.0,BID
1228,1712606473.2432337,9430831.19953553,9768.0,-6.641947053944902e-12,10150.0,ASK
1229,1712606490.346513,9430831.19953553,9768.0,-0.0,10150.0,ASK
1230,1712606510.9152534,9430834.67846513,9770.0,-3.7656487640972754e-11,10150.0,ASK
1231,1712606511.6823418,9430835.29208754,9778.0,6.6419466230251096e-12,10150.0,BID
1232,1712606520.246489,9430835.29208754,9778.0,0.0,10150.0,BID
1233,1712606520.5762105,9430845.00777581,9778.0,1.0516411051041183e-10,10150.0,BID
1234,1712606527.0930834,9430936.61006221,9778.0,9.915172968405523e-10,10150.0,BID
1235,1712606539.0128193,9430937.22368462,9771.0,-6.641943748067475e-12,10150.0,ASK
1236,1712606550.2577376,9430937.22368462,9771.0,-0.0,10150.0,ASK
1237,1712606555.2930276,9430946.13039359,9778.0,9.640655356643656e-11,10150.0,BID
1238,1712606555.2964337,9430947.00012599,9778.0,9.414016259478355e-12,10150.0,BID
1239,1712606562.4930005,9430991.06954442,9780.0,4.77009045938042e-10,10150.0,BID
1240,1712606562.5925431,9430997.5048408,9780.0,6.965589055437747e-11,10150.0,BID
1241,1712606562.623041,9431041.57425923,9780.0,4.77009045938042e-10,10150.0,BID
1242,1712606562.6727068,9431108.01550883,9780.0,7.19162589644337e-10,10150.0,BID
1243,1712606562.69305,9431387.8242042,9780.0,3.028659863864139e-09,10150.0,BID
1244,1712606577.3653443,9431398.04915239,9780.0,-1.1067522453860039e-10,10150.0,ASK
1245,1712606577.3725772,9431409.4555532,9780.0,-1.2346331225153702e-10,10150.0,ASK
1246,1712606577.382355,9431409.45555388,9780.0,-7.358889571927662e-18,10150.0,ASK
1247,1712606577.9348242,9431410.06892537,9782.0,6.639156119287693e-12,10150.0,BID
1248,1712606580.24551,9431410.06892537,9782.0,0.0,10150.0,BID
1249,1712606588.7225952,9431460.06892537,9780.0,-5.411747959757479e-10,10150.0,ASK
1250,1712606602.412708,9431460.23680891,9778.0,-1.8170868055151464e-12,10150.0,ASK
1251,1712606602.4165142,9431460.68229686,9778.0,-4.8217370089876335e-12,10150.0,ASK
1252,1712606605.063315,9431643.44626143,9782.0,1.978145024769231e-09,10150.0,BID
1253,1712606607.5529451,9431643.96251577,9782.0,5.587676735572252e-12,10150.0,BID
1254,1712606610.2253814,9431643.96251577,9782.0,0.0,10150.0,BID
1255,1712606636.0746603,9431644.57588726,9782.0,6.638659424850067e-12,10150.0,BID
1256,1712606640.3454225,9431644.57588726,9782.0,0.0,10150.0,BID
1257,1712606643.8432975,9431769.34222739,9778.0,-1.350374446988944e-09,10150.0,ASK
1258,1712606643.8470807,9432093.81100551,9778.0,-3.5117993070856767e-09,10150.0,ASK
1259,1712606643.8538654,9432217.00654038,9778.0,-1.333373264752576e-09,10150.0,ASK
1260,1712606667.101243,9432217.61991187,9772.0,-6.638658993739757e-12,10150.0,ASK
1261,1712606669.281304,9432238.08655089,9772.0,-2.2151508426664168e-10,10150.0,ASK
1262,1712606669.2851555,9432563.67325987,9772.0,-3.5238989267775883e-09,10150.0,ASK
1263,1712606670.3354416,9432563.67325987,9772.0,-0.0,10150.0,ASK
1264,1712606696.2611043,9432563.67326022,9772.0,-3.789679823399802e-18,10150.0,ASK
1265,1712606700.2237504,9432563.67326022,9772.0,-0.0,10150.0,ASK
1266,1712606706.681946,9432564.2872594,9772.0,6.645027357713298e-12,10150.0,BID
1267,1712606721.930576,9432565.82872858,9771.0,-1.6682603501616277e-11,10150.0,ASK
1268,1712606721.9337006,9432566.82872858,9768.0,-1.0822534571378656e-11,10150.0,ASK
1269,1712606721.9368026,9432592.40530704,9761.0,-2.768034045876289e-10,10150.0,ASK
1270,1712606721.939861,9432593.68580485,9771.0,-1.3858231815914712e-11,10150.0,ASK
1271,1712606721.941745,9432624.29035089,9760.0,-3.312187575624592e-10,10150.0,ASK
1272,1712606721.9431417,9432625.37425622,9761.0,-1.1730602905245224e-11,10150.0,ASK
1273,1712606721.9446704,9432636.03062314,9760.0,-1.1532889939806366e-10,10150.0,ASK
1274,1712606730.211793,9432636.03062314,9760.0,-0.0,10150.0,ASK
1275,1712606760.349218,9432636.03062314,9760.0,-0.0,10150.0,ASK
1276,1712606766.888134,9432636.64462232,9760.0,-6.644976565174968e-12,10150.0,ASK
1277,1712606778.2880917,9432637.24462232,9760.0,-6.493471104326992e-12,10150.0,ASK
1278,1712606778.290863,9432637.78837218,9760.0,-5.884706672007631e-12,10150.0,ASK
1279,1712606786.5380614,9432657.40924339,9760.0,2.1234593387669747e-10,10150.0,BID
1280,1712606789.1680384,9432662.01530896,9760.0,4.9848922830666525e-11,10150.0,BID
1281,1712606790.3479204,9432662.01530896,9760.0,0.0,10150.0,BID
1282,1712606791.1702647,9432718.19553896,9760.0,6.080061651668338e-10,10150.0,BID
1283,1712606791.2353606,9432727.59043443,9760.0,1.0167552476409579e-10,10150.0,BID
1284,1712606805.28731,9432734.63738449,9760.0,7.62650683599284e-11,10150.0,BID
1285,1712606805.4774878,9432735.25213858,9760.0,6.65312827710062e-12,10150.0,BID
1286,1712606808.0271544,9432748.69133516,9760.0,1.4544465866384179e-10,10150.0,BID
1287,1712606808.4275858,9432853.01931373,9760.0,1.129081425420416e-09,10150.0,BID
1288,1712606808.4315205,9432906.89079761,9760.0,5.83019940015224e-10,10150.0,BID
1289,1712606820.2281363,9432906.89079761,9760.0,0.0,10150.0,BID
1290,1712606823.687179,9432908.20581096,9760.0,1.4231261509835296e-11,10150.0,BID
1291,1712606835.5267255,9432908.82056505,9760.0,-6.652956195567183e-12,10150.0,ASK
1292,1712606850.2212229,9432908.82056505,9760.0,-0.0,10150.0,ASK
1293,1712606865.2260413,9432909.43456423,9772.0,6.6447850820552015e-12,10150.0,BID
1294,1712606873.4164846,9432918.20656552,9772.0,9.493182620526392e-11,10150.0,BID
1295,1712606873.4209464,9433026.19995705,9780.0,1.1687196041540795e-09,10150.0,BID
1296,1712606873.4252443,9433125.90294562,9782.0,1.0789997024954747e-09,10150.0,BID
1297,1712606880.3258004,9433125.90294562,9782.0,0.0,10150.0,BID
1298,1712606900.7052176,9433126.5169448,9763.0,-6.6446324254408e-12,10150.0,ASK
1299,1712606910.3455162,9433126.5169448,9763.0,-0.0,10150.0,ASK
1300,1712606913.0050197,9433315.08973914,9770.0,-2.04071416110963e-09,10150.0,ASK
1301,1712606926.2186697,9433327.45229441,9780.0,1.3378622135544002e-10,10150.0,BID
1302,1712606931.5996552,9433340.91824747,9780.0,1.4572707161310662e-10,10150.0,BID
1303,1712606932.2948785,9433341.5317444,9780.0,6.639196688030193e-12,10150.0,BID
1304,1712606940.2286646,9433341.5317444,9780.0,0.0,10150.0,BID
1305,1712606943.5172672,9433532.63726587,9780.0,2.068076036672239e-09,10150.0,BID
1306,1712606954.0547938,9433544.26959961,9780.0,1.2588098172442286e-10,10150.0,BID
1307,1712606958.4041305,9433563.72845412,9780.0,2.1057680807160376e-10,10150.0,BID
1308,1712606961.2417717,9433585.48040771,9780.0,2.353919113466869e-10,10150.0,BID
1309,1712606961.4147215,9433609.38123798,9780.0,2.5864629111268944e-10,10150.0,BID
1310,1712606961.7538834,9433624.69907276,9780.0,1.6576416420474215e-10,10150.0,BID
1311,1712606961.976333,9433645.40432045,9780.0,2.2406483210674143e-10,10150.0,BID
1312,1712606962.0340607,9433663.67441133,9780.0,1.9771243052419408e-10,10150.0,BID
1313,1712606962.0441732,9433679.21175329,9780.0,1.6813959289807366e-10,10150.0,BID
1314,1712606962.764608,9433679.82525022,9770.0,-6.6390457403711855e-12,10150.0,ASK
1315,1712606962.8844,9433705.55881215,9780.0,2.784794618106241e-10,10150.0,BID
1316,1712606962.8887846,9433779.82525022,9780.0,8.036849993525515e-10,10150.0,BID
1317,1712606970.2171843,9433779.82525022,9780.0,0.0,10150.0,BID
1318,1712606976.543971,9433803.15331477,9780.0,2.524363142641581e-10,10150.0,BID
1319,1712606976.563884,9433804.97482207,9780.0,1.971079034592077e-11,10150.0,BID
1320,1712606976.5680032,9433839.25912124,9780.0,3.709952919943965e-10,10150.0,BID
1321,1712606976.5839372,9433924.59999205,9780.0,9.234857370027168e-10,10150.0,BID
1322,1712606976.5873096,9434024.59999205,9782.0,1.0821142650998434e-09,10150.0,BID
1323,1712606976.612072,9434092.90356729,9782.0,7.391227312460624e-10,10150.0,BID
1324,1712606976.6154416,9434144.59999205,9782.0,5.594143868737493e-10,10150.0,BID
1325,1712606976.6238956,9434385.00891792,9782.0,2.601499281417268e-09,10150.0,BID
1326,1712606984.7675536,9434402.37470675,9782.0,1.8791767818135206e-10,10150.0,BID
1327,1712606985.3898506,9434421.97432017,9782.0,2.1209021270928624e-10,10150.0,BID
1328,1712606985.450847,9434452.28126828,9782.0,3.2795580881970836e-10,10150.0,BID
1329,1712606985.7237313,9434473.90153067,9782.0,2.3395594347423446e-10,10150.0,BID
1330,1712606986.00625,9434493.46116198,9782.0,2.1165756061081003e-10,10150.0,BID
1331,1712606986.0635307,9434513.18851101,9782.0,2.1347245797808504e-10,10150.0,BID
1332,1712606986.1235795,9434530.21857091,9782.0,1.8428470753440683e-10,10150.0,BID
1333,1712606986.1635616,9434549.05611738,9782.0,2.0384377754282647e-10,10150.0,BID
1334,1712606986.5437562,9434563.12137602,9782.0,1.5220217017524126e-10,10150.0,BID
1335,1712606986.563532,9434583.42773596,9782.0,2.1973801762543816e-10,10150.0,BID
1336,1712606992.9835904,9434611.19849354,9782.0,3.005113293013805e-10,10150.0,BID
1337,1712606994.4137185,9434616.74398385,9782.0,6.000854170986845e-11,10150.0,BID
1338,1712606999.2236986,9434688.46257552,9782.0,-7.76077111185172e-10,10150.0,ASK
1339,1712607000.308835,9434688.46257552,9782.0,-0.0,10150.0,ASK
1340,1712607000.9135542,9434700.49560021,9782.0,1.302309311700627e-10,10150.0,BID
1341,1712607003.1235409,9434701.1089717,9782.0,6.638392448347184e-12,10150.0,BID
1342,1712607007.4536731,9434725.2985689,9782.0,2.6179899476209953e-10,10150.0,BID
1343,1712607007.5532074,9434730.44780372,9782.0,5.572910075896648e-11,10150.0,BID
1344,1712607009.026397,9434730.96405806,9782.0,5.587313669056332e-12,10150.0,BID
1345,1712607011.653751,9434738.83186272,9782.0,8.51516184320079e-11,10150.0,BID
1346,1712607011.6570563,9434807.44988502,9784.0,7.426386273325528e-10,10150.0,BID
1347,1712607011.659624,9434880.29398701,9784.0,7.88376611527919e-10,10150.0,BID
1348,1712607014.803295,9434911.11608587,9782.0,3.3358118497072484e-10,10150.0,BID
1349,1712607014.8068118,9435177.09398701,9787.0,2.8786236732255707e-09,10150.0,BID
1350,1712607015.6230056,9435206.68360347,9787.0,3.2024228349422587e-10,10150.0,BID
1351,1712607015.6687405,9435221.28765171,9787.0,1.5805658594585627e-10,10150.0,BID
1352,1712607015.672195,9435239.1064523,9787.0,1.9284918402728128e-10,10150.0,BID
1353,1712607016.653411,9435250.78338375,9787.0,1.2637700786011377e-10,10150.0,BID
1354,1712607017.122893,9435266.77024811,9787.0,1.7302251807461886e-10,10150.0,BID
1355,1712607017.2049887,9435329.89478534,9787.0,6.831837775120922e-10,10150.0,BID
1356,1712607017.3289185,9435353.69227747,9787.0,2.5755532288345393e-10,10150.0,BID
1357,1712607017.4064443,9435370.47189167,9787.0,1.816022852035067e-10,10150.0,BID
1358,1712607019.0531266,9435689.74204007,9787.0,3.4553946151133953e-09,10150.0,BID
1359,1712607019.056018,9435697.60842548,9787.0,8.513625818438475e-11,10150.0,BID
1360,1712607019.6130524,9435699.74204007,9787.0,2.309166830443708e-11,10150.0,BID
1361,1712607019.6158242,9436082.18186948,9788.0,4.139066974388966e-09,10150.0,BID
1362,1712607019.7130134,9436357.0948962,9788.0,2.975326684650097e-09,10150.0,BID
1363,1712607019.8161674,9436389.45701498,9788.0,3.5024850124106983e-10,10150.0,BID
1364,1712607019.8931825,9436431.8109425,9788.0,4.5838777542594716e-10,10150.0,BID
1365,1712607023.3130112,9436451.9577876,9788.0,2.1804512703113246e-10,10150.0,BID
1366,1712607023.433138,9436535.10355164,9788.0,8.99869363835957e-10,10150.0,BID
1367,1712607030.21881,9436535.10355164,9788.0,0.0,10150.0,BID
1368,1712607030.6149468,9436635.10355164,9780.0,-1.082067611164897e-09,10150.0,ASK
1369,1712607032.8231058,9436635.71692313,9780.0,-6.6370942449068005e-12,10150.0,ASK
1370,1712607042.4129198,9436650.86202693,9790.0,1.6388026288822247e-10,10150.0,BID
1371,1712607042.4169068,9436652.10782161,9787.0,1.3480340733565879e-11,10150.0,BID
1372,1712607044.3226335,9436652.10782163,9790.0,2.2170587857838483e-19,10150.0,BID
1373,1712607060.1959395,9436658.76415751,9793.0,7.202605463827601e-11,10150.0,BID
1374,1712607060.3362205,9436658.76415751,9793.0,0.0,10150.0,BID
1375,1712607061.522579,9436660.09334763,9793.0,1.438254752433164e-11,10150.0,BID
1376,1712607064.0124362,9436660.70590505,9795.0,6.628198689255756e-12,10150.0,BID
1377,1712607069.1041677,9436816.13680424,9800.0,1.6818454038590502e-09,10150.0,BID
1378,1712607069.1154256,9436835.61408811,9800.0,2.1075462169055038e-10,10150.0,BID
1379,1712607069.117144,9436836.05692637,9795.0,4.791746650787677e-12,10150.0,BID
1380,1712607069.122532,9436867.77737039,9800.0,3.4323215822144616e-10,10150.0,BID
1381,1712607085.265686,9436900.71501061,9813.0,3.5640287167229853e-10,10150.0,BID
1382,1712607085.2707486,9436919.09746653,9814.0,1.9890799810847288e-10,10150.0,BID
1383,1712607085.2755516,9436927.41885649,9809.0,9.004188698070015e-11,10150.0,BID
1384,1712607088.8118222,9436941.65404467,9805.0,1.5403234450965032e-10,10150.0,BID
1385,1712607090.3323967,9436941.65404467,9805.0,0.0,10150.0,BID
1386,1712607093.9720693,9436947.24802884,9815.0,6.052808235189299e-11,10150.0,BID
1387,1712607094.076583,9436948.24802884,9815.0,1.0820209799231075e-11,10150.0,BID
1388,1712607094.080305,9436990.93098541,9815.0,-4.6183854492693127e-10,10150.0,ASK
1389,1712607095.9719324,9436991.54354283,9815.0,-6.6279998039623465e-12,10150.0,ASK
1390,1712607097.5237586,9436996.98623713,9816.0,5.889109418742593e-11,10150.0,BID
1391,1712607097.5270882,9437096.98623713,9816.0,1.0820209799231075e-09,10150.0,BID
1392,1712607097.8226273,9437101.10669308,9816.0,4.4584197852884735e-11,10150.0,BID
1393,1712607097.826652,9437102.10669308,9820.0,1.0820209799231075e-11,10150.0,BID
1394,1712607097.830686,9437115.84028767,9818.0,1.4860037477001965e-10,10150.0,BID
1395,1712607097.8340788,9437158.86387567,9820.0,4.655242484742243e-10,10150.0,BID
1396,1712607097.835914,9437159.3917913,9818.0,5.71215787819069e-12,10150.0,BID
1397,1712607097.83776,9437176.21968443,9820.0,1.8208133413069222e-10,10150.0,BID
1398,1712607097.8424566,9437190.51023324,9826.0,1.5462673627830858e-10,10150.0,BID
1399,1712607097.8442807,9437191.73234853,9824.0,1.3223543830371207e-11,10150.0,BID
1400,1712607097.846156,9437344.69787328,9826.0,1.655119069842638e-09,10150.0,BID
1401,1712607097.8480368,9437350.21968443,9822.0,5.974715511488923e-11,10150.0,BID
1402,1712607097.9019153,9437502.21968443,9826.0,1.644671889483123e-09,10150.0,BID
1403,1712607097.9223435,9437504.09596636,9826.0,2.0301764126552864e-11,10150.0,BID
1404,1712607097.926167,9437557.28265063,9828.0,5.754910823411536e-10,10150.0,BID
1405,1712607097.9293897,9437602.21968443,9829.0,4.86228133455401e-10,10150.0,BID
1406,1712607098.3848703,9437659.27891355,9829.0,6.173928300674185e-10,10150.0,BID
1407,1712607100.0118084,9437669.32104108,9829.0,1.0865792669613639e-10,10150.0,BID
1408,1712607102.7823014,9437669.3210411,9829.0,2.2169632425818934e-19,10150.0,BID
1409,1712607102.7865946,9437717.54384567,9831.0,5.21780862560893e-10,10150.0,BID
1410,1712607102.7902496,9437731.29585395,9830.0,1.4879961474804211e-10,10150.0,BID
1411,1712607102.7920406,9437732.29585395,9831.0,1.0820209799231075e-11,10150.0,BID
1412,1712607103.971799,9437746.04786225,9831.0,1.4879961496973843e-10,10150.0,BID
1413,1712607103.981706,9437749.73053173,9832.0,3.9847256388332207e-11,10150.0,BID
1414,1712607105.3318048,9437751.80382822,9829.0,-2.2433503009242903e-11,10150.0,ASK
1415,1712607109.742122,9437775.49011363,9832.0,2.5629057750149253e-10,10150.0,BID
1416,1712607110.5019083,9437781.60569384,9830.0,-6.617186090107267e-11,10150.0,ASK
1417,1712607110.506183,9437786.63912983,9829.0,-5.4462833433987506e-11,10150.0,ASK
1418,1712607114.7616718,9437787.65621689,9832.0,1.1005095363496266e-11,10150.0,BID
1419,1712607120.2179196,9437787.65621689,9832.0,0.0,10150.0,BID
1420,1712607123.892146,9437888.81694998,9829.0,-1.0944819240061319e-09,10150.0,ASK
1421,1712607123.8965583,9437895.15538137,9830.0,-6.857699001340558e-11,10150.0,ASK
1422,1712607123.9007175,9437952.23053489,9829.0,-6.17509600111937e-10,10150.0,ASK
1423,1712607123.9714415,9438001.59041295,9829.0,-5.340362080887617e-10,10150.0,ASK
1424,1712607128.912783,9438002.20141091,9820.0,6.610531600178151e-12,10150.0,BID
1425,1712607134.321426,9438005.19453091,9820.0,-3.2383273984263275e-11,10150.0,ASK
1426,1712607135.0321424,9438049.26394934,9830.0,4.76797472693333e-10,10150.0,BID
1427,1712607135.035735,9438050.55330498,9829.0,1.3949843954160826e-11,10150.0,BID
1428,1712607135.0382106,9438347.55330498,9828.0,3.213313323246974e-09,10150.0,BID
1429,1712607135.1115878,9438513.84152989,9830.0,-1.7991116788101855e-09,10150.0,ASK
1430,1712607136.719684,9438546.21581989,9829.0,-3.502651090362156e-10,10150.0,ASK
1431,1712607143.9380949,9438703.87765436,9829.0,-1.7057807180908791e-09,10150.0,ASK
1432,1712607144.5214958,9438806.14810932,9830.0,1.106488267667735e-09,10150.0,BID
1433,1712607144.5260289,9438922.12392815,9830.0,1.25476984451066e-09,10150.0,BID
1434,1712607144.6013052,9439130.4389872,9830.0,-2.253809948401712e-09,10150.0,ASK
1435,1712607146.3711886,9439365.62877564,9832.0,2.5445740090460204e-09,10150.0,BID
1436,1712607150.2421596,9439365.62877564,9832.0,0.0,10150.0,BID
1437,1712607150.5646265,9439367.06139302,9832.0,1.549722597454075e-11,10150.0,BID
1438,1712607150.5667028,9439413.37036931,9832.0,5.009437129611e-10,10150.0,BID
1439,1712607150.6154814,9439519.001845,9832.0,-1.1426601898514972e-09,10150.0,ASK
1440,1712607151.7013574,9439520.51745061,9830.0,1.6394944618375755e-11,10150.0,BID
1441,1712607157.0610723,9439521.12844857,9820.0,-6.609422431849558e-12,10150.0,ASK
1442,1712607171.2846594,9439614.09066789,9830.0,1.005611504363172e-09,10150.0,BID
1443,1712607171.2891707,9439622.85784837,9830.0,9.483828609135036e-11,10150.0,BID
1444,1712607180.3455362,9439622.85784837,9830.0,0.0,10150.0,BID
1445,1712607182.1011202,9439666.9272668,9830.0,4.767044311493008e-10,10150.0,BID
