,time,acc_trade_volume,trade_price,dev,high,ask_bid
0,1712601588.4145918,413859.79299664,6308.0,0.0,6311.0,BID
1,1712601598.1066208,413860.74416975,6299.0,-3.564609828961755e-10,6311.0,ASK
2,1712601600.146149,413860.74416975,6299.0,-0.0,6311.0,ASK
3,1712601600.6375794,413861.69534286,6308.0,3.5685005355950436e-10,6311.0,BID
4,1712601630.0562637,413862.64651597,6299.0,-3.5685005355950436e-10,6311.0,ASK
5,1712601630.1265738,413862.64651597,6299.0,-0.0,6311.0,ASK
6,1712601634.2063074,413863.59768908,6308.0,3.568484481666279e-10,6311.0,BID
7,1712601660.2058744,413863.59768908,6308.0,0.0,6311.0,BID
8,1712601663.6667576,413864.54886219,6305.0,-3.5684764490257515e-10,6311.0,ASK
9,1712601667.536284,413865.5000353,6308.0,3.5684764490257515e-10,6311.0,BID
10,1712601690.1960976,413865.5000353,6308.0,0.0,6311.0,BID
11,1712601696.0259783,413866.45120841,6299.0,-3.5684603878917354e-10,6311.0,ASK
12,1712601700.9861512,413867.40238152,6308.0,3.5684603876733607e-10,6311.0,BID
13,1712601720.126282,413867.40238152,6308.0,0.0,6311.0,BID
14,1712601731.6258962,413868.35355463,6299.0,-3.5684443341058273e-10,6311.0,ASK
15,1712601750.1266797,413868.35355463,6299.0,-0.0,6311.0,ASK
16,1712601771.335743,413869.30472774,6308.0,3.5684363131064056e-10,6311.0,BID
17,1712601780.1958003,413869.30472774,6308.0,0.0,6311.0,BID
18,1712601798.7255144,413870.25590085,6299.0,-3.5684282806827325e-10,6311.0,ASK
19,1712601804.425919,413871.20707396,6308.0,3.5684282806827325e-10,6311.0,BID
20,1712601808.335648,414477.74390585,6308.0,2.275488196055419e-07,6311.0,BID
21,1712601810.2056954,414477.74390585,6308.0,0.0,6311.0,BID
22,1712601812.676123,414514.17916758,6309.0,1.3649427037047491e-08,6311.0,BID
23,1712601812.6806104,414529.41707069,6309.0,5.708443876140465e-09,6311.0,BID
24,1712601812.7893193,414552.41670524,6309.0,8.616154207833153e-09,6311.0,BID
25,1712601812.7906363,414602.51596626,6309.0,1.8768252935038533e-08,6311.0,BID
26,1712601836.3958397,414610.44240887,6309.0,2.9694146530383343e-09,6311.0,BID
27,1712601836.995301,414611.39358198,6308.0,-3.5632975718534045e-10,6311.0,ASK
28,1712601840.1255906,414611.39358198,6308.0,-0.0,6311.0,ASK
29,1712601846.0855782,414612.97861922,6309.0,5.936012889455371e-10,6311.0,BID
30,1712601870.135322,414612.97861922,6309.0,0.0,6311.0,BID
31,1712601870.8954794,414613.92964156,6309.0,3.5615943803522547e-10,6311.0,BID
32,1712601896.305657,414614.8806639,6308.0,-3.5615943803522547e-10,6311.0,ASK
33,1712601900.1455636,414614.8806639,6308.0,-0.0,6311.0,ASK
34,1712601903.6453383,414615.83168624,6309.0,3.5617384758037016e-10,6311.0,BID
35,1712601930.125521,414615.83168624,6309.0,0.0,6311.0,BID
36,1712601933.3950937,414616.78270858,6308.0,-3.56173047245429e-10,6311.0,ASK
37,1712601960.195101,414616.78270858,6308.0,-0.0,6311.0,ASK
38,1712601969.6274493,414617.73373092,6309.0,3.56172246997344e-10,6311.0,BID
39,1712601990.1949422,414617.73373092,6309.0,0.0,6311.0,BID
40,1712601993.9449306,414618.68475326,6308.0,-3.5617144664779635e-10,6311.0,ASK
41,1712602000.0850058,414619.6357756,6309.0,3.5617144664779635e-10,6311.0,BID
42,1712602008.685306,414869.6357756,6308.0,-9.362856992757357e-08,6311.0,ASK
43,1712602020.1248305,414869.6357756,6308.0,-0.0,6311.0,ASK
44,1712602032.0047452,414870.58679794,6308.0,-3.5595961409437136e-10,6311.0,ASK
45,1712602034.8347888,414871.53782028,6309.0,3.5595961407258476e-10,6311.0,BID
46,1712602050.1271803,414871.53782028,6309.0,0.0,6311.0,BID
47,1712602064.8247857,414872.48884262,6308.0,-3.55958015414431e-10,6311.0,ASK
48,1712602080.1944551,414872.48884262,6308.0,-0.0,6311.0,ASK
49,1712602103.9862173,414873.43986496,6309.0,3.559572161540918e-10,6311.0,BID
50,1712602110.1945658,414873.43986496,6309.0,0.0,6311.0,BID
51,1712602122.6945298,414889.29023744,6309.0,5.9326070011662524e-09,6311.0,BID
52,1712602133.334627,414890.24125978,6308.0,-3.5595641679242324e-10,6311.0,ASK
53,1712602137.774336,414891.19228212,6309.0,3.5595641677063675e-10,6311.0,BID
54,1712602140.1143436,414891.19228212,6309.0,0.0,6311.0,BID
55,1712602167.9743426,414892.14330446,6308.0,-3.559414957317245e-10,6311.0,ASK
56,1712602170.1244106,414892.14330446,6308.0,-0.0,6311.0,ASK
57,1712602172.0193782,414893.0943268,6309.0,3.5594069656735486e-10,6311.0,BID
58,1712602200.1442575,414893.0943268,6309.0,0.0,6311.0,BID
59,1712602200.5738297,414894.04534914,6308.0,-3.5715655119708024e-10,6311.0,ASK
60,1712602204.3241656,414894.99637148,6309.0,3.5715655119708024e-10,6311.0,BID
61,1712602230.1343613,414894.99637148,6309.0,0.0,6311.0,BID
62,1712602234.6242204,414895.94739382,6308.0,-3.571549417696931e-10,6311.0,ASK
63,1712602240.1442134,414896.89841616,6309.0,3.571549417915529e-10,6311.0,BID
64,1712602260.1449132,414896.89841616,6309.0,0.0,6311.0,BID
65,1712602260.618051,415676.54742416,6308.0,-2.927946374848902e-07,6311.0,ASK
66,1712602260.6587207,416393.76171016,6308.0,-2.6934748164056e-07,6311.0,ASK
67,1712602261.1639743,420261.60075916,6308.0,-1.4525543168547062e-06,6311.0,ASK
68,1712602261.2542114,420328.49277125,6308.0,-2.512107657364108e-08,6311.0,ASK
69,1712602261.4440596,421204.30466025,6308.0,-3.289082932363844e-07,6311.0,ASK
70,1712602261.5240593,422247.41737225,6308.0,-3.917375706658004e-07,6311.0,ASK
71,1712602267.9240413,422248.36839459,6308.0,-3.5715333235681044e-10,6311.0,ASK
72,1712602268.0240135,422414.95528959,6308.0,-6.25611641017623e-08,6311.0,ASK
73,1712602268.0259895,422414.95528995,6308.0,-1.3520222511022026e-16,6311.0,ASK
74,1712602270.6341517,422415.90631229,6309.0,3.5715333235681044e-10,6311.0,BID
75,1712602290.1339753,422415.90631229,6309.0,0.0,6311.0,BID
76,1712602301.5339031,422416.85733463,6298.0,-3.5090299728601206e-10,6311.0,ASK
77,1712602304.9237363,422417.80835697,6309.0,3.509029973074892e-10,6311.0,BID
78,1712602320.1942296,422417.80835697,6309.0,0.0,6311.0,BID
79,1712602333.8339417,422418.75937931,6298.0,-3.5090144495623876e-10,6311.0,ASK
80,1712602342.823827,422419.71040165,6309.0,3.5090144495623876e-10,6311.0,BID
81,1712602350.2135222,422419.71040165,6309.0,0.0,6311.0,BID
82,1712602366.414003,422420.66142399,6298.0,-3.5089989264019976e-10,6311.0,ASK
83,1712602380.114287,422420.66142399,6298.0,-0.0,6311.0,ASK
84,1712602409.8835542,422421.61244633,6309.0,3.5089911718602364e-10,6311.0,BID
85,1712602410.124096,422421.61244633,6309.0,0.0,6311.0,BID
86,1712602439.733519,422422.56346867,6298.0,-3.50898340337895e-10,6311.0,ASK
87,1712602440.193305,422422.56346867,6298.0,-0.0,6311.0,ASK
88,1712602442.8834352,422423.51449101,6309.0,3.5089756486910297e-10,6311.0,BID
89,1712602470.193272,422423.51449101,6309.0,0.0,6311.0,BID
90,1712602477.183589,422424.46551335,6298.0,-3.508967880493243e-10,6311.0,ASK
91,1712602481.5434551,422425.41653569,6309.0,3.50896788070801e-10,6311.0,BID
92,1712602500.153446,422425.41653569,6309.0,0.0,6311.0,BID
93,1712602511.59337,422426.36755803,6298.0,-3.508961421860285e-10,6311.0,ASK
94,1712602515.0233965,422427.31858037,6309.0,3.508961421860285e-10,6311.0,BID
95,1712602530.1254666,422427.31858037,6309.0,0.0,6311.0,BID
96,1712602541.9140868,422428.26960271,6298.0,-3.5089458991690587e-10,6311.0,ASK
97,1712602560.195149,422428.26960271,6298.0,-0.0,6311.0,ASK
98,1712602580.2953825,422429.22062505,6309.0,3.508938144861668e-10,6311.0,BID
99,1712602590.1857018,422429.22062505,6309.0,0.0,6311.0,BID
100,1712602612.466436,422430.17164739,6298.0,-3.508930376615168e-10,6311.0,ASK
101,1712602616.206251,422431.12266973,6309.0,3.508930376615168e-10,6311.0,BID
102,1712602620.1367185,422431.12266973,6309.0,0.0,6311.0,BID
103,1712602647.9774332,422432.07369207,6298.0,-3.5089148541986107e-10,6311.0,ASK
104,1712602650.1271298,422432.07369207,6298.0,-0.0,6311.0,ASK
105,1712602651.0471094,422433.02471441,6309.0,3.5089071000284315e-10,6311.0,BID
106,1712602680.2085257,422433.02471441,6309.0,0.0,6311.0,BID
107,1712602681.2578847,422433.97573675,6298.0,-3.5088993319193847e-10,6311.0,ASK
108,1712602710.1912313,422433.97573675,6298.0,-0.0,6311.0,ASK
109,1712602710.7983608,422441.11268889,6298.0,-2.6332495253760926e-09,6311.0,ASK
110,1712602710.800747,422994.97748521,6298.0,-2.043539291589204e-07,6311.0,ASK
111,1712602711.078433,423075.18281084,6298.0,-2.9592553166166426e-08,6311.0,ASK
112,1712602718.8685408,423076.13383318,6309.0,3.5088915776030483e-10,6311.0,BID
113,1712602740.1189058,423076.13383318,6309.0,0.0,6311.0,BID
114,1712602745.019126,423077.08485552,6298.0,-3.5036634358619086e-10,6311.0,ASK
115,1712602747.8391378,423078.03587786,6309.0,3.5036634358619086e-10,6311.0,BID
116,1712602770.139798,423078.03587786,6309.0,0.0,6311.0,BID
117,1712602778.269687,423078.9869002,6298.0,-3.503647960223334e-10,6311.0,ASK
118,1712602782.8602252,423079.93792254,6309.0,3.503647960008892e-10,6311.0,BID
119,1712602800.1707606,423079.93792254,6309.0,0.0,6311.0,BID
120,1712602812.1304488,423080.88894488,6298.0,-3.5040786911896833e-10,6311.0,ASK
121,1712602818.3612394,423081.83996722,6309.0,3.5040786911896833e-10,6311.0,BID
122,1712602830.1346874,423081.83996722,6309.0,0.0,6311.0,BID
123,1712602849.4809997,423082.79098956,6299.0,-3.5040632118825165e-10,6311.0,ASK
124,1712602852.4912736,423083.7420119,6309.0,3.5040632116680513e-10,6311.0,BID
125,1712602855.0210197,423115.44275686,6309.0,1.1680210813823332e-08,6311.0,BID
126,1712602860.200868,423115.44275686,6309.0,0.0,6311.0,BID
127,1712602889.3916652,423116.3937792,6299.0,-3.5037895363683053e-10,6311.0,ASK
128,1712602890.20114,423116.3937792,6299.0,-0.0,6311.0,ASK
129,1712602920.134519,423116.3937792,6299.0,-0.0,6311.0,ASK
130,1712602921.6519885,423141.14460957,6298.0,-9.118766765315393e-09,6311.0,ASK
131,1712602921.654132,423145.5927792,6299.0,-1.6388064877969183e-09,6311.0,ASK
132,1712602923.522015,423146.54380154,6309.0,3.5037818033921234e-10,6311.0,BID
133,1712602950.142451,423146.54380154,6309.0,0.0,6311.0,BID
134,1712602958.032698,423147.49482388,6298.0,-3.5035366843693816e-10,6311.0,ASK
135,1712602959.7321818,423148.44584622,6309.0,3.5035366841549474e-10,6311.0,BID
136,1712602980.2026978,423148.44584622,6309.0,0.0,6311.0,BID
137,1712602993.5931344,423149.39686856,6298.0,-3.5035212094216437e-10,6311.0,ASK
138,1712602995.5027618,423150.3478909,6309.0,3.5035212094216437e-10,6311.0,BID
139,1712603010.203009,423150.3478909,6309.0,0.0,6311.0,BID
140,1712603027.753485,423151.29891324,6298.0,-3.503505735039472e-10,6311.0,ASK
141,1712603029.8837342,423152.24993558,6309.0,3.503505734825041e-10,6311.0,BID
142,1712603040.1337757,423152.24993558,6309.0,0.0,6311.0,BID
143,1712603058.4436588,423153.20095792,6298.0,-3.5034902603651364e-10,6311.0,ASK
144,1712603062.80358,423154.15198026,6309.0,3.5034902603651364e-10,6311.0,BID
145,1712603070.1738389,423154.15198026,6309.0,0.0,6311.0,BID
146,1712603100.1942966,423154.15198026,6309.0,0.0,6311.0,BID
147,1712603129.564499,423155.1030026,6298.0,-3.5046605657385704e-10,6311.0,ASK
148,1712603130.1961343,423155.1030026,6298.0,-0.0,6311.0,ASK
149,1712603133.791381,423156.05402494,6309.0,3.5046528299308914e-10,6311.0,BID
150,1712603160.1348844,423156.05402494,6309.0,0.0,6311.0,BID
151,1712603163.494679,423157.00504728,6298.0,-3.5046450808610727e-10,6311.0,ASK
152,1712603167.6846862,423157.95606962,6309.0,3.5046450808610727e-10,6311.0,BID
153,1712603190.1250737,423157.95606962,6309.0,0.0,6311.0,BID
154,1712603201.905053,423158.90709196,6298.0,-3.504629596549416e-10,6311.0,ASK
155,1712603204.1549983,423159.8581143,6309.0,3.5046295963349137e-10,6311.0,BID
156,1712603220.2050366,423159.8581143,6309.0,0.0,6311.0,BID
157,1712603231.475112,423160.80913664,6298.0,-3.5046141119455807e-10,6311.0,ASK
158,1712603237.585345,423161.76015898,6309.0,3.5046141119455807e-10,6311.0,BID
159,1712603250.2156806,423161.76015898,6309.0,0.0,6311.0,BID
160,1712603270.6856186,423162.71118132,6298.0,-3.5045986279075787e-10,6311.0,ASK
161,1712603271.795632,423163.66220366,6309.0,3.5045986276930783e-10,6311.0,BID
162,1712603280.1259289,423163.66220366,6309.0,0.0,6311.0,BID
163,1712603300.246281,423164.613226,6298.0,-3.5045831435774005e-10,6311.0,ASK
164,1712603304.955575,423165.56424834,6309.0,3.5045831435774005e-10,6311.0,BID
165,1712603310.1476135,423165.56424834,6309.0,0.0,6311.0,BID
166,1712603333.966384,423166.51527068,6298.0,-3.504567659813046e-10,6311.0,ASK
167,1712603338.4760869,423167.46629302,6309.0,3.5045676595985476e-10,6311.0,BID
168,1712603340.2058623,423167.46629302,6309.0,0.0,6311.0,BID
169,1712603369.1061738,423168.41731536,6298.0,-3.5045521757565166e-10,6311.0,ASK
170,1712603370.2008183,423168.41731536,6298.0,-0.0,6311.0,ASK
171,1712603374.8263574,423169.3683377,6309.0,3.5045444408563126e-10,6311.0,BID
172,1712603400.1565402,423169.3683377,6309.0,0.0,6311.0,BID
173,1712603405.7166588,423170.31936004,6298.0,-3.504650481691883e-10,6311.0,ASK
174,1712603409.086305,423171.27038238,6309.0,3.504650481691883e-10,6311.0,BID
175,1712603430.1473567,423171.27038238,6309.0,0.0,6311.0,BID
176,1712603434.356693,423172.22140472,6298.0,-3.5046349971179955e-10,6311.0,ASK
177,1712603437.7267427,423173.17242706,6309.0,3.5046349973324994e-10,6311.0,BID
178,1712603460.1966822,423173.17242706,6309.0,0.0,6311.0,BID
179,1712603465.0869424,423174.1234494,6298.0,-3.504619512680941e-10,6311.0,ASK
180,1712603470.3670225,423175.07447174,6309.0,3.504619512680941e-10,6311.0,BID
181,1712603489.7972677,423199.48854332,6298.0,-8.996847712808065e-09,6311.0,ASK
182,1712603490.201947,423199.48854332,6298.0,-0.0,6311.0,ASK
183,1712603497.2871006,423200.43956566,6298.0,-3.5044054623354475e-10,6311.0,ASK
184,1712603502.1469789,423201.390588,6309.0,3.5044054621209565e-10,6311.0,BID
185,1712603520.1440692,423201.390588,6309.0,0.0,6311.0,BID
186,1712603532.287043,423202.34161034,6298.0,-3.5043899797121296e-10,6311.0,ASK
187,1712603534.6772006,423203.29263268,6309.0,3.5043899797121296e-10,6311.0,BID
188,1712603549.34759,423222.281355,6298.0,-6.9970899134535155e-09,6311.0,ASK
189,1712603550.1473036,423222.281355,6298.0,-0.0,6311.0,ASK
190,1712603565.9374142,423223.23237734,6298.0,-3.504220075514956e-10,6311.0,ASK
191,1712603580.1575582,423223.23237734,6298.0,-0.0,6311.0,ASK
192,1712603602.890302,423224.18339968,6309.0,3.5042123416517064e-10,6311.0,BID
193,1712603610.1276474,423224.18339968,6309.0,0.0,6311.0,BID
194,1712603632.1276703,423225.13442202,6298.0,-3.5042045945296747e-10,6311.0,ASK
195,1712603635.0276823,423226.08544436,6309.0,3.5042045945296747e-10,6311.0,BID
196,1712603640.1976025,423226.08544436,6309.0,0.0,6311.0,BID
197,1712603664.3034017,423227.0364667,6298.0,-3.5041891141101257e-10,6311.0,ASK
198,1712603669.3978157,423227.98748904,6309.0,3.5041891138956507e-10,6311.0,BID
199,1712603670.2075236,423227.98748904,6309.0,0.0,6311.0,BID
200,1712603696.618426,423228.93851138,6298.0,-3.5041736333984036e-10,6311.0,ASK
201,1712603700.1782272,423228.93851138,6298.0,-0.0,6311.0,ASK
202,1712603730.13822,423228.93851138,6298.0,-0.0,6311.0,ASK
203,1712603737.0583365,423229.88953372,6309.0,3.5042184956825715e-10,6311.0,BID
204,1712603760.2080674,423229.88953372,6309.0,0.0,6311.0,BID
205,1712603761.9182444,423230.84055606,6298.0,-3.5042107487478057e-10,6311.0,ASK
206,1712603768.6882386,423231.7915784,6309.0,3.5042107485333286e-10,6311.0,BID
207,1712603790.2139668,423231.7915784,6309.0,0.0,6311.0,BID
208,1712603807.7982218,423232.74260074,6298.0,-3.5041952678449314e-10,6311.0,ASK
209,1712603820.1383295,423232.74260074,6298.0,-0.0,6311.0,ASK
210,1712603841.0784087,423233.69362308,6309.0,3.5041875343056557e-10,6311.0,BID
211,1712603850.174142,423233.69362308,6309.0,0.0,6311.0,BID
212,1712603869.3187325,423234.64464542,6298.0,-3.5041797875077867e-10,6311.0,ASK
213,1712603874.108675,423235.59566776,6309.0,3.5041797872933117e-10,6311.0,BID
214,1712603880.2210672,423235.59566776,6309.0,0.0,6311.0,BID
215,1712603904.698755,423236.5466901,6298.0,-3.5041643068784704e-10,6311.0,ASK
216,1712603909.755856,423237.49771244,6309.0,3.5041643068784704e-10,6311.0,BID
217,1712603910.2087324,423237.49771244,6309.0,0.0,6311.0,BID
218,1712603940.1296864,423237.49771244,6309.0,0.0,6311.0,BID
219,1712603940.806436,423238.44873478,6298.0,-3.504148826814876e-10,6311.0,ASK
220,1712603945.2601788,423239.39975712,6309.0,3.5041488266004034e-10,6311.0,BID
221,1712603965.009147,423333.14002784,6309.0,3.453965757038688e-08,6311.0,BID
222,1712603965.012528,425030.60200592,6309.0,6.254489667175648e-07,6311.0,BID
223,1712603970.1322732,425030.60200592,6309.0,0.0,6311.0,BID
224,1712603972.2690845,425033.77157803,6310.0,1.1630167236939635e-09,6311.0,BID
225,1712603972.2787883,425094.44100231,6310.0,2.22615396040307e-08,6311.0,BID
226,1712603972.281597,426451.4221612,6311.0,4.979195067211395e-07,6311.0,BID
227,1712603974.938952,426454.6811612,6309.0,-1.1958306581887603e-09,6311.0,ASK
228,1712603975.8288753,426455.63218354,6309.0,-3.489603162901297e-10,6311.0,ASK
229,1712603976.3888514,426597.64417846,6311.0,5.210871351884288e-08,6311.0,BID
230,1712603979.1190238,426598.59489942,6311.0,3.488497303909177e-10,6311.0,BID
231,1712603980.4389284,427237.61335925,6311.0,2.344761784051123e-07,6311.0,BID
232,1712603980.5648842,427239.19789419,6311.0,5.814162197601546e-10,6311.0,BID
233,1712603980.5682852,427761.66104353,6311.0,1.917083313169546e-07,6311.0,BID
234,1712603980.6791227,427801.68360876,6311.0,1.4685550942616928e-08,6311.0,BID
235,1712603980.6813676,427806.02802182,6311.0,1.5941032000737215e-09,6311.0,BID
236,1712603980.738865,427933.00394998,6311.0,4.659150283752556e-08,6311.0,BID
237,1712603980.8195465,427934.58773206,6314.0,5.811399715099287e-10,6314.0,BID
238,1712603980.8230455,427938.54847319,6312.0,1.453321777371138e-09,6314.0,BID
239,1712603980.8265245,427940.13250614,6313.0,5.812320236892427e-10,6314.0,BID
240,1712603980.830017,427989.62090486,6312.0,1.815886603706418e-08,6314.0,BID
241,1712603980.8326292,427991.20443614,6315.0,5.810479450245773e-10,6315.0,BID
242,1712603981.629618,427992.24426976,6315.0,-3.815479969854232e-10,6315.0,ASK
243,1712603982.1496887,428036.61827926,6310.0,-1.628223411706374e-08,6315.0,ASK
244,1712603982.1528597,428179.01179581,6309.0,-5.224870592814111e-08,6315.0,ASK
245,1712603985.0884037,428180.04092817,6316.0,3.776213646667743e-10,6316.0,BID
246,1712604000.1802232,428180.04092817,6316.0,0.0,6316.0,BID
247,1712604010.543071,428180.99164913,6299.0,-3.4632659193237285e-10,6316.0,ASK
248,1712604010.5450208,428189.30609495,6299.0,-3.028768488175985e-09,6316.0,ASK
249,1712604010.6490562,428210.03432772,6299.0,7.550836169783264e-09,6316.0,BID
250,1712604010.652037,428225.35862742,6299.0,5.582303022893522e-09,6316.0,BID
251,1712604014.0389886,428226.30919776,6312.0,3.4627172442087345e-10,6316.0,BID
252,1712604015.1287608,428227.10074571,6312.0,2.8834338929702957e-10,6316.0,BID
253,1712604030.1416264,428227.10074571,6312.0,0.0,6316.0,BID
254,1712604045.409007,428228.05131605,6300.0,-3.4623433418750715e-10,6316.0,ASK
255,1712604048.679152,428229.00188639,6312.0,3.4623433418750715e-10,6316.0,BID
256,1712604060.2090745,428229.00188639,6312.0,0.0,6316.0,BID
257,1712604077.749175,428229.95245673,6300.0,-3.462328223112735e-10,6316.0,ASK
258,1712604090.2073605,428229.95245673,6300.0,-0.0,6316.0,ASK
259,1712604115.68936,428230.90302707,6312.0,3.462320670655659e-10,6316.0,BID
260,1712604120.1493134,428230.90302707,6312.0,0.0,6316.0,BID
261,1712604122.2992237,428231.69470033,6312.0,2.883553785447995e-10,6316.0,BID
262,1712604141.099656,428232.64527067,6300.0,-3.4623131042704207e-10,6316.0,ASK
263,1712604146.7858293,428233.59584101,6312.0,3.4623131040584086e-10,6316.0,BID
264,1712604150.1393678,428233.59584101,6312.0,0.0,6316.0,BID
265,1712604176.5693448,428234.54641135,6300.0,-3.4622916838735125e-10,6316.0,ASK
266,1712604180.202156,428234.54641135,6300.0,-0.0,6316.0,ASK
267,1712604181.379398,428235.49698169,6312.0,3.4622841315758404e-10,6316.0,BID
268,1712604208.6499135,428236.44755203,6300.0,-3.4622841315758404e-10,6316.0,ASK
269,1712604210.2126954,428236.44755203,6300.0,-0.0,6316.0,ASK
270,1712604212.6595192,428237.39812237,6312.0,3.462269013330602e-10,6316.0,BID
271,1712604240.1295905,428237.39812237,6312.0,0.0,6316.0,BID
272,1712604240.709549,428238.34869271,6300.0,-3.4622614467471256e-10,6316.0,ASK
273,1712604244.6897228,428239.29926305,6312.0,3.4622614469591356e-10,6316.0,BID
274,1712604270.1397245,428239.29926305,6312.0,0.0,6316.0,BID
275,1712604276.2573438,428240.24983339,6300.0,-3.4622463284879847e-10,6316.0,ASK
276,1712604289.820095,428241.04138134,6312.0,2.883041757649141e-10,6316.0,BID
277,1712604295.02004,428352.9313083,6312.0,4.075347951854744e-08,6316.0,BID
278,1712604295.024684,428388.27655626,6312.0,1.2873740093969754e-08,6316.0,BID
279,1712604297.7595928,428456.13993293,6312.0,2.4717763308299522e-08,6316.0,BID
280,1712604297.7695615,428505.07162679,6312.0,1.7822308385665117e-08,6316.0,BID
281,1712604297.7726748,428520.75057113,6313.0,5.710715471844794e-09,6316.0,BID
282,1712604300.2193005,428520.75057113,6313.0,0.0,6316.0,BID
283,1712604301.1200273,428595.54201605,6316.0,2.7224137790738016e-08,6316.0,BID
284,1712604301.1239505,428596.09616425,6316.0,2.0171032888260808e-10,6316.0,BID
285,1712604301.1277611,428639.96614075,6313.0,1.5968701853395613e-08,6316.0,BID
286,1712604304.4303083,428641.54917067,6317.0,5.76223988119276e-10,6317.0,BID
287,1712604304.4344733,428648.76527044,6316.0,2.626665317957666e-09,6317.0,BID
288,1712604304.4378269,428747.24684,6317.0,3.5847359579909105e-08,6317.0,BID
289,1712604305.569847,428748.11753402,6300.0,-3.1693322678252547e-10,6317.0,ASK
290,1712604309.3297944,428748.90895671,6317.0,2.8807840772690463e-10,6317.0,BID
291,1712604313.0194676,428749.85877466,6317.0,3.457343921299988e-10,6317.0,BID
292,1712604330.200534,428749.85877466,6317.0,0.0,6317.0,BID
293,1712604344.3300097,428750.01883319,6298.0,-5.823074514226938e-11,6317.0,ASK
294,1712604344.333711,428750.80859261,6300.0,-2.87321640993486e-10,6317.0,ASK
295,1712604348.279735,428751.75841056,6317.0,3.4555238613575536e-10,6317.0,BID
296,1712604351.8942912,428816.86446548,6317.0,2.3686173365056225e-08,6317.0,BID
297,1712604351.8994186,428848.24872701,6317.0,1.1417879035185002e-08,6317.0,BID
298,1712604355.4110162,428883.94539798,6317.0,1.298677270786224e-08,6317.0,BID
299,1712604355.4149473,428908.5652701,6319.0,8.956932807212532e-09,6319.0,BID
300,1712604355.419308,428929.2848591,6317.0,7.537974428182064e-09,6319.0,BID
301,1712604355.4234896,428930.86763847,6318.0,5.758294924015667e-10,6319.0,BID
302,1712604355.4262166,428932.45016736,6319.0,5.757383654976639e-10,6319.0,BID
303,1712604355.4281418,428935.07601699,6320.0,9.553079147995251e-10,6320.0,BID
304,1712604359.4698715,428936.06201699,6299.0,-3.5871574412053247e-10,6320.0,ASK
305,1712604360.1831756,428936.06201699,6299.0,-0.0,6320.0,ASK
306,1712604365.2195537,428936.85256393,6320.0,2.874851218319785e-10,6320.0,BID
307,1712604378.4098468,428937.80238188,6299.0,-3.454045740542907e-10,6320.0,ASK
308,1712604383.219843,428938.75174896,6320.0,3.4524061361538717e-10,6320.0,BID
309,1712604390.147134,428938.75174896,6320.0,0.0,6320.0,BID
310,1712604399.8198547,428940.33402745,6320.0,5.753974783714195e-10,6320.0,BID
311,1712604399.8240552,429017.86567301,6320.0,2.8194476276407094e-08,6320.0,BID
312,1712604415.089916,429018.81504009,6299.0,-3.4523848193000256e-10,6320.0,ASK
313,1712604418.8698106,429019.76440717,6320.0,3.4523848193000256e-10,6320.0,BID
314,1712604420.161617,429019.76440717,6320.0,0.0,6320.0,BID
315,1712604450.1453254,429019.76440717,6320.0,0.0,6320.0,BID
316,1712604450.2397635,429020.71377425,6299.0,-3.4517421664651585e-10,6320.0,ASK
317,1712604453.4102287,429021.66314133,6320.0,3.4517421664651585e-10,6320.0,BID
318,1712604480.2163887,429021.66314133,6320.0,0.0,6320.0,BID
319,1712604480.9879706,429022.61250841,6299.0,-3.451727131592832e-10,6320.0,ASK
320,1712604510.210212,429022.61250841,6299.0,-0.0,6320.0,ASK
321,1712604519.7161217,429023.56187549,6320.0,3.45171962671587e-10,6320.0,BID
322,1712604536.370695,429268.8783084,6320.0,8.919242767835464e-08,6320.0,BID
323,1712604536.3749466,429307.43065503,6320.0,1.4016906033730181e-08,6320.0,BID
324,1712604540.1401963,429307.43065503,6320.0,0.0,6320.0,BID
325,1712604550.5503037,429308.38002211,6320.0,-3.449462076326073e-10,6320.0,ASK
326,1712604570.144096,429308.38002211,6320.0,-0.0,6320.0,ASK
327,1712604588.590149,429309.329239,6321.0,3.4489088520377884e-10,6321.0,BID
328,1712604600.1902592,429309.329239,6321.0,0.0,6321.0,BID
329,1712604620.9336088,429310.27845589,6320.0,-3.4489192475420403e-10,6321.0,ASK
330,1712604630.1537278,429310.27845589,6320.0,-0.0,6321.0,ASK
331,1712604642.570595,429311.06959514,6320.0,-2.8745479224910467e-10,6321.0,ASK
332,1712604658.530639,429312.01881203,6321.0,3.4489117296791404e-10,6321.0,BID
333,1712604660.2166402,429312.01881203,6321.0,0.0,6321.0,BID
334,1712604687.8304396,429312.96802892,6320.0,-3.4488979454339915e-10,6321.0,ASK
335,1712604690.2121394,429312.96802892,6320.0,-0.0,6321.0,ASK
336,1712604692.5308907,429313.91724581,6321.0,3.44889042766396e-10,6321.0,BID
337,1712604720.1469376,429313.91724581,6321.0,0.0,6321.0,BID
338,1712604721.5706923,429314.8664627,6320.0,-3.448882909160203e-10,6321.0,ASK
339,1712604725.2402997,429315.81567959,6321.0,3.4488829089487115e-10,6321.0,BID
340,1712604750.154179,429315.81567959,6321.0,0.0,6321.0,BID
341,1712604755.4305258,429316.76489648,6320.0,-3.44886787301752e-10,6321.0,ASK
342,1712604760.870598,429317.71411337,6321.0,3.4488678728060285e-10,6321.0,BID
343,1712604777.1204886,429318.71411337,6320.0,-3.633382327299072e-10,6321.0,ASK
344,1712604780.1503086,429318.71411337,6320.0,-0.0,6321.0,ASK
345,1712604794.385994,429319.66333026,6320.0,-3.4488449174660556e-10,6321.0,ASK
346,1712604810.1505969,429319.66333026,6320.0,-0.0,6321.0,ASK
347,1712604830.2605166,429320.61254715,6321.0,3.448837399927194e-10,6321.0,BID
348,1712604840.2103744,429320.61254715,6321.0,0.0,6321.0,BID
349,1712604857.640662,429321.56176404,6320.0,-3.448829881443148e-10,6321.0,ASK
350,1712604860.4706004,429322.51098093,6321.0,3.4488298816546357e-10,6321.0,BID
351,1712604870.210772,429322.51098093,6321.0,0.0,6321.0,BID
352,1712604888.320746,429323.46019782,6320.0,-3.448814845762831e-10,6321.0,ASK
353,1712604893.488453,429324.40941471,6321.0,3.4488148459743167e-10,6321.0,BID
354,1712604900.1452065,429324.40941471,6321.0,0.0,6321.0,BID
355,1712604924.6107616,429325.3586316,6320.0,-3.4489113120030825e-10,6321.0,ASK
356,1712604927.1409116,429326.30784849,6321.0,3.4489113122145755e-10,6321.0,BID
357,1712604930.1405528,429326.30784849,6321.0,0.0,6321.0,BID
358,1712604958.4807425,429327.25706538,6320.0,-3.4488962756127416e-10,6321.0,ASK
359,1712604960.2106864,429327.25706538,6320.0,-0.0,6321.0,ASK
360,1712604961.1507738,429328.20628227,6321.0,3.4488887582729703e-10,6321.0,BID
361,1712604987.751794,429329.15549916,6320.0,-3.4488887580614783e-10,6321.0,ASK
362,1712604990.2128825,429329.15549916,6320.0,-0.0,6321.0,ASK
363,1712604992.6207905,429330.10471605,6321.0,3.4488737218677955e-10,6321.0,BID
364,1712605020.202704,429330.10471605,6321.0,0.0,6321.0,BID
365,1712605025.9533389,429331.05393294,6320.0,-3.4488662034368757e-10,6321.0,ASK
366,1712605031.8707352,429332.00314983,6321.0,3.4488662032253853e-10,6321.0,BID
367,1712605050.1545124,429332.00314983,6321.0,0.0,6321.0,BID
368,1712605062.070954,429332.95236672,6320.0,-3.4488511674398556e-10,6321.0,ASK
369,1712605065.001036,429333.90158361,6321.0,3.4488511672283667e-10,6321.0,BID
370,1712605080.2244616,429333.90158361,6321.0,0.0,6321.0,BID
371,1712605099.0512407,429334.8508005,6320.0,-3.44883613157394e-10,6321.0,ASK
372,1712605101.7807784,429335.80001739,6321.0,3.4488361313624516e-10,6321.0,BID
373,1712605110.2154248,429335.80001739,6321.0,0.0,6321.0,BID
374,1712605135.5408916,429336.74923428,6320.0,-3.448821095839128e-10,6321.0,ASK
375,1712605140.1454644,429336.74923428,6320.0,-0.0,6321.0,ASK
376,1712605140.1814396,429337.69845117,6321.0,3.4488135784041124e-10,6321.0,BID
377,1712605170.1651816,429337.69845117,6321.0,0.0,6321.0,BID
378,1712605170.8608568,429338.64766806,6320.0,-3.448806060023929e-10,6321.0,ASK
379,1712605177.430948,429339.59688495,6321.0,3.4488060602354156e-10,6321.0,BID
380,1712605200.1736093,429339.59688495,6321.0,0.0,6321.0,BID
381,1712605205.7109375,429340.54610184,6320.0,-3.4487910245513164e-10,6321.0,ASK
382,1712605215.000831,429341.49531873,6321.0,3.4487910247628027e-10,6321.0,BID
383,1712605230.147281,429341.49531873,6321.0,0.0,6321.0,BID
384,1712605248.3913336,429342.44453562,6320.0,-3.448775989209801e-10,6321.0,ASK
385,1712605252.051518,429343.39375251,6321.0,3.4487759894212845e-10,6321.0,BID
386,1712605260.2111642,429343.39375251,6321.0,0.0,6321.0,BID
387,1712605283.7813058,429344.3429694,6320.0,-3.448760953999381e-10,6321.0,ASK
388,1712605290.2022998,429344.3429694,6320.0,-0.0,6321.0,ASK
389,1712605290.2517238,429345.29218629,6321.0,3.448753437249511e-10,6321.0,BID
390,1712605319.8997233,429346.24140318,6320.0,-3.4487534370380245e-10,6321.0,ASK
391,1712605320.1427605,429346.24140318,6320.0,-0.0,6321.0,ASK
392,1712605325.1762884,429347.19062007,6321.0,3.448738402024242e-10,6321.0,BID
393,1712605350.1511345,429347.19062007,6321.0,0.0,6321.0,BID
394,1712605354.9610157,429348.13983696,6320.0,-3.4487308841833035e-10,6321.0,ASK
395,1712605359.2815063,429349.08905385,6321.0,3.448730883971822e-10,6321.0,BID
396,1712605380.2016993,429349.08905385,6321.0,0.0,6321.0,BID
397,1712605392.1815426,429350.03827074,6320.0,-3.448715849366159e-10,6321.0,ASK
398,1712605396.8312025,429350.98748763,6321.0,3.448715849154678e-10,6321.0,BID
399,1712605410.2157786,429350.98748763,6321.0,0.0,6321.0,BID
400,1712605428.5913072,429351.93670452,6320.0,-3.4487008146801027e-10,6321.0,ASK
401,1712605440.1353748,429351.93670452,6320.0,-0.0,6321.0,ASK
402,1712605467.9813452,429352.88592141,6321.0,3.4486932977694277e-10,6321.0,BID
403,1712605470.1481757,429352.88592141,6321.0,0.0,6321.0,BID
404,1712605494.7715433,429370.56571891,6321.0,6.423407218527133e-09,6321.0,BID
405,1712605497.4413846,429371.5149358,6320.0,-3.4486857799136554e-10,6321.0,ASK
406,1712605500.1766777,429371.5149358,6320.0,-0.0,6321.0,ASK
407,1712605505.3515604,429372.46415269,6321.0,3.4486698119398756e-10,6321.0,BID
408,1712605530.1486998,429372.46415269,6321.0,0.0,6321.0,BID
409,1712605541.841251,429373.41336958,6320.0,-3.4486622939750194e-10,6321.0,ASK
410,1712605560.213221,429373.41336958,6320.0,-0.0,6321.0,ASK
411,1712605560.4501095,429381.32476198,6320.0,-2.8743337254750303e-09,6321.0,ASK
412,1712605560.4525928,429963.4856872,6320.0,-2.115082524559374e-07,6321.0,ASK
413,1712605580.31136,429964.43490409,6321.0,3.4486547776552155e-10,6321.0,BID
414,1712605590.2126937,429964.43490409,6321.0,0.0,6321.0,BID
415,1712605612.3013575,429965.38412098,6320.0,-3.443981027112698e-10,6321.0,ASK
416,1712605615.431432,429966.33333787,6321.0,3.443981027323889e-10,6321.0,BID
417,1712605620.1516235,429966.33333787,6321.0,0.0,6321.0,BID
418,1712605648.631617,429967.28255476,6320.0,-3.443966033681153e-10,6321.0,ASK
419,1712605650.1423545,429967.28255476,6320.0,-0.0,6321.0,ASK
420,1712605651.1817863,429968.23177165,6321.0,3.4439585378185683e-10,6321.0,BID
421,1712605680.2115014,429968.23177165,6321.0,0.0,6321.0,BID
422,1712605683.8614566,429969.18098854,6320.0,-3.4439510403801555e-10,6321.0,ASK
423,1712605687.971498,429970.13020543,6321.0,3.4439510403801555e-10,6321.0,BID
424,1712605710.214134,429970.13020543,6321.0,0.0,6321.0,BID
425,1712605717.554589,429971.07942232,6320.0,-3.443936047420893e-10,6321.0,ASK
426,1712605720.7916431,429972.02863921,6321.0,3.443936047209705e-10,6321.0,BID
427,1712605740.1519234,429972.02863921,6321.0,0.0,6321.0,BID
428,1712605751.5523264,429972.9778561,6320.0,-3.443921054380986e-10,6321.0,ASK
429,1712605754.661518,429973.92707299,6321.0,3.4439210541697984e-10,6321.0,BID
430,1712605770.1482844,429973.92707299,6321.0,0.0,6321.0,BID
431,1712605782.8016794,429974.87628988,6320.0,-3.443906061471621e-10,6321.0,ASK
432,1712605786.701731,429975.82550677,6321.0,3.4439060612604344e-10,6321.0,BID
433,1712605800.1696954,429975.82550677,6321.0,0.0,6321.0,BID
434,1712605812.661819,430052.74850677,6320.0,-2.7918927058465645e-08,6321.0,ASK
435,1712605814.0233254,430053.69772366,6320.0,-3.4451486699491447e-10,6321.0,ASK
436,1712605819.382042,430054.64694055,6321.0,3.4451486701604067e-10,6321.0,BID
437,1712605830.141651,430054.64694055,6321.0,0.0,6321.0,BID
438,1712605850.711954,430055.59615744,6320.0,-3.4445258906040486e-10,6321.0,ASK
439,1712605851.11169,430056.54537433,6321.0,3.444525890815273e-10,6321.0,BID
440,1712605860.2122886,430056.54537433,6321.0,0.0,6321.0,BID
441,1712605881.4219737,430057.49459122,6320.0,-3.4445108924279936e-10,6321.0,ASK
442,1712605883.0217907,430058.44380811,6321.0,3.444510892639217e-10,6321.0,BID
443,1712605890.211549,430058.44380811,6321.0,0.0,6321.0,BID
444,1712605914.371915,430059.393025,6320.0,-3.4444958943825484e-10,6321.0,ASK
445,1712605920.153673,430059.393025,6320.0,-0.0,6321.0,ASK
446,1712605950.1561835,430059.393025,6320.0,-0.0,6321.0,ASK
447,1712605951.982473,430060.34224189,6321.0,3.4444883960020287e-10,6321.0,BID
448,1712605974.4620185,430411.37895979,6321.0,1.2738310012689685e-07,6321.0,BID
449,1712605974.4664128,430429.0350294,6321.0,6.406979009025332e-09,6321.0,BID
450,1712605980.2078495,430429.0350294,6321.0,0.0,6321.0,BID
451,1712605982.032719,430429.98424629,6321.0,-3.441570411137822e-10,6321.0,ASK
452,1712605983.1723194,430430.93301289,6324.0,3.4399377972455367e-10,6324.0,BID
453,1712606010.2119606,430430.93301289,6324.0,0.0,6324.0,BID
454,1712606014.9219944,430431.88177949,6321.0,-3.4399228307146683e-10,6324.0,ASK
455,1712606017.792012,430432.83054609,6324.0,3.4399228307146683e-10,6324.0,BID
456,1712606040.1520746,430432.83054609,6324.0,0.0,6324.0,BID
457,1712606047.3121283,430433.77931269,6321.0,-3.4399078680749407e-10,6324.0,ASK
458,1712606049.3019507,430434.72807929,6324.0,3.4399078678639e-10,6324.0,BID
459,1712606070.137291,430434.72807929,6324.0,0.0,6324.0,BID
460,1712606076.802338,430435.67684589,6321.0,-3.4398929051433006e-10,6324.0,ASK
461,1712606082.2920668,430436.62561249,6324.0,3.4398929051433006e-10,6324.0,BID
462,1712606100.167895,430436.62561249,6324.0,0.0,6324.0,BID
463,1712606103.4920316,430437.81157074,6324.0,4.3001879895675336e-10,6324.0,BID
464,1712606112.462162,430438.76033734,6321.0,-3.4401503915696047e-10,6324.0,ASK
465,1712606113.5819814,430439.70910394,6324.0,3.4401503915696047e-10,6324.0,BID
466,1712606130.1447415,430439.70910394,6324.0,0.0,6324.0,BID
467,1712606137.7346928,430440.65787054,6321.0,-3.440126071567192e-10,6324.0,ASK
468,1712606144.5920627,430441.60663714,6324.0,3.440126071567192e-10,6324.0,BID
469,1712606159.932225,430490.44394481,6321.0,-1.7707884677050582e-08,6324.0,ASK
470,1712606160.2134342,430490.44394481,6321.0,-0.0,6324.0,ASK
471,1712606174.2324994,430491.39271141,6320.0,-3.4397260947874164e-10,6324.0,ASK
472,1712606177.822152,430492.34147801,6324.0,3.4397260947874164e-10,6324.0,BID
473,1712606184.9419916,430517.4852079,6320.0,-9.115787151834913e-09,6324.0,ASK
474,1712606190.2130358,430517.4852079,6320.0,-0.0,6324.0,ASK
475,1712606204.9422252,430518.4339745,6320.0,-3.439512979245902e-10,6324.0,ASK
476,1712606209.8920157,430519.3827411,6324.0,3.439512979245902e-10,6324.0,BID
477,1712606220.1496177,430519.3827411,6324.0,0.0,6324.0,BID
478,1712606239.5723853,430520.3315077,6320.0,-3.439498021143442e-10,6324.0,ASK
479,1712606241.7251315,430521.2802743,6324.0,3.4394980213544567e-10,6324.0,BID
480,1712606250.1460469,430521.2802743,6324.0,0.0,6324.0,BID
481,1712606271.148382,430522.2290409,6320.0,-3.4394830631710835e-10,6324.0,ASK
482,1712606273.692265,430523.1778075,6324.0,3.4394830631710835e-10,6324.0,BID
483,1712606280.2121203,430523.1778075,6324.0,0.0,6324.0,BID
484,1712606304.5024807,430524.1265741,6320.0,-3.4394681053288267e-10,6324.0,ASK
485,1712606305.9422572,430525.0753407,6324.0,3.4394681053288267e-10,6324.0,BID
486,1712606310.2235065,430525.0753407,6324.0,0.0,6324.0,BID
487,1712606335.4924333,430526.0241073,6320.0,-3.439453147616668e-10,6324.0,ASK
488,1712606340.1456733,430526.0241073,6320.0,-0.0,6324.0,ASK
489,1712606340.8724663,430526.9728739,6324.0,3.4394456713863445e-10,6324.0,BID
490,1712606370.152254,430526.9728739,6324.0,0.0,6324.0,BID
491,1712606374.8324392,430527.9216405,6320.0,-3.4394381900346063e-10,6324.0,ASK
492,1712606400.1968162,430527.9216405,6320.0,-0.0,6324.0,ASK
493,1712606408.515163,430528.8704071,6324.0,3.4409148026352384e-10,6324.0,BID
494,1712606430.152516,430528.8704071,6324.0,0.0,6324.0,BID
495,1712606436.9128137,430529.8191737,6320.0,-3.440907315102138e-10,6324.0,ASK
496,1712606460.207273,430529.8191737,6320.0,-0.0,6324.0,ASK
497,1712606471.8841908,430530.7679403,6324.0,3.4408998323375384e-10,6324.0,BID
498,1712606490.209106,430530.7679403,6324.0,0.0,6324.0,BID
499,1712606499.4924424,430531.7167069,6320.0,-3.4408923448695875e-10,6324.0,ASK
500,1712606511.8830457,430581.02894191,6320.0,-1.7884070956542064e-08,6324.0,ASK
501,1712606511.8888755,430583.38987174,6298.0,-8.562385500179463e-10,6324.0,ASK
502,1712606520.1633182,430583.38987174,6298.0,-0.0,6324.0,ASK
503,1712606537.552825,430584.33863834,6324.0,3.4404774419966616e-10,6324.0,BID
504,1712606550.1666925,430584.33863834,6324.0,0.0,6324.0,BID
505,1712606564.7634823,430585.28740494,6299.0,-3.440469956366857e-10,6324.0,ASK
506,1712606570.742629,430586.23617154,6324.0,3.440469956366857e-10,6324.0,BID
507,1712606580.1606872,430586.23617154,6324.0,0.0,6324.0,BID
508,1712606598.802576,430587.18493814,6299.0,-3.4404550147967927e-10,6324.0,ASK
509,1712606602.3727407,430588.13370474,6324.0,3.4404550147967927e-10,6324.0,BID
510,1712606610.143942,430588.13370474,6324.0,0.0,6324.0,BID
511,1712606630.691985,430589.08247134,6299.0,-3.4404400735675827e-10,6324.0,ASK
512,1712606634.5119038,430590.03123794,6324.0,3.440440073356509e-10,6324.0,BID
513,1712606640.2116091,430590.03123794,6324.0,0.0,6324.0,BID
514,1712606663.2314906,430590.98000454,6299.0,-3.440425132046e-10,6324.0,ASK
515,1712606667.460966,430591.92877114,6324.0,3.440425132046e-10,6324.0,BID
516,1712606670.2076464,430591.92877114,6324.0,0.0,6324.0,BID
517,1712606694.9506445,430592.87753774,6299.0,-3.4404101908652685e-10,6324.0,ASK
518,1712606699.830022,430593.82630434,6324.0,3.4404101908652685e-10,6324.0,BID
519,1712606700.1392367,430593.82630434,6324.0,0.0,6324.0,BID
520,1712606730.1445122,430593.82630434,6324.0,0.0,6324.0,BID
521,1712606732.3191714,430594.77507094,6299.0,-3.44039525002538e-10,6324.0,ASK
522,1712606760.208474,430594.77507094,6299.0,-0.0,6324.0,ASK
523,1712606766.1381233,430595.72398759,6323.0,3.4409319006751623e-10,6324.0,BID
524,1712606790.208654,430595.72398759,6323.0,0.0,6324.0,BID
525,1712606794.717837,430596.67290424,6309.0,-3.4409244144627144e-10,6324.0,ASK
526,1712606799.3375192,430597.62182089,6323.0,3.4409244142516443e-10,6324.0,BID
527,1712606820.1588202,430597.62182089,6323.0,0.0,6324.0,BID
528,1712606832.526635,430598.57073754,6310.0,-3.4409094582892076e-10,6324.0,ASK
529,1712606850.151117,430598.57073754,6310.0,-0.0,6324.0,ASK
530,1712606864.097283,430599.51980429,6322.0,3.4414462702644427e-10,6324.0,BID
531,1712606880.2052543,430599.51980429,6322.0,0.0,6324.0,BID
532,1712606895.5652738,430600.46887104,6310.0,-3.4414387829979547e-10,6324.0,ASK
533,1712606897.7152786,430601.41793779,6322.0,3.4414387829979547e-10,6324.0,BID
534,1712606910.2054071,430601.41793779,6322.0,0.0,6324.0,BID
535,1712606928.5648,430602.36700454,6310.0,-3.441423822352659e-10,6324.0,ASK
536,1712606931.3546588,430603.31607129,6322.0,3.441423822352659e-10,6324.0,BID
537,1712606940.136936,430603.31607129,6322.0,0.0,6324.0,BID
538,1712606956.0546403,430608.07042946,6310.0,-1.7239767738543535e-09,6324.0,ASK
539,1712606959.1443975,430609.01949621,6310.0,-3.4414088618374356e-10,6324.0,ASK
540,1712606962.3851233,430609.96856296,6322.0,3.4414088618374356e-10,6324.0,BID
541,1712606970.1504257,430609.96856296,6322.0,0.0,6324.0,BID
542,1712606990.7435093,430610.91762971,6310.0,-3.441356465529552e-10,6324.0,ASK
543,1712607000.1761973,430610.91762971,6310.0,-0.0,6324.0,ASK
544,1712607030.1431446,430610.91762971,6310.0,-0.0,6324.0,ASK
545,1712607031.9231768,430611.86669646,6322.0,3.441428827459773e-10,6324.0,BID
546,1712607059.2025628,430612.81576321,6310.0,-3.441428827459773e-10,6324.0,ASK
547,1712607060.2057023,430612.81576321,6310.0,-0.0,6324.0,ASK
548,1712607062.799715,430613.76482996,6322.0,3.4414138669010337e-10,6324.0,BID
549,1712607090.2018194,430613.76482996,6322.0,0.0,6324.0,BID
550,1712607091.191985,430614.71389671,6302.0,-3.4414063795644747e-10,6324.0,ASK
551,1712607096.3622031,430615.66326379,6320.0,3.4424954047099927e-10,6324.0,BID
552,1712607120.1646616,430615.66326379,6320.0,0.0,6324.0,BID
553,1712607125.0018702,430616.61263087,6302.0,-3.44248044908985e-10,6324.0,ASK
554,1712607126.2123148,430626.11187235,6320.0,3.444500421896858e-09,6324.0,BID
555,1712607127.9016876,430627.06108924,6321.0,3.4419358483355345e-10,6324.0,BID
556,1712607150.1504247,430627.06108924,6321.0,0.0,6324.0,BID
557,1712607153.6612208,430628.01030613,6320.0,-3.4418459665835236e-10,6324.0,ASK
558,1712607158.541334,430628.95952302,6321.0,3.441845966794584e-10,6324.0,BID
559,1712607180.2128117,430628.95952302,6321.0,0.0,6324.0,BID
560,1712607185.9009151,430650.22234256,6321.0,7.70983239314422e-09,6324.0,BID
561,1712607190.3107026,430651.17155945,6320.0,-3.4418309917362227e-10,6324.0,ASK
562,1712607193.9503872,430652.12077634,6321.0,3.441830991947281e-10,6324.0,BID
563,1712607210.21069,430652.12077634,6321.0,0.0,6324.0,BID
564,1712607224.930261,430653.06999323,6320.0,-3.4416482929753836e-10,6324.0,ASK
565,1712607226.280177,430654.01921012,6321.0,3.4416482931864315e-10,6324.0,BID
566,1712607240.1435232,430654.01921012,6321.0,0.0,6324.0,BID
567,1712607247.6500428,430681.05414399,6320.0,-9.802220144784122e-09,6324.0,ASK
568,1712607255.8998313,430682.00336088,6303.0,-3.4416333200591606e-10,6324.0,ASK
569,1712607260.775412,430682.95272796,6320.0,3.4421778729459e-10,6324.0,BID
570,1712607270.147944,430682.95272796,6320.0,0.0,6324.0,BID
571,1712607290.4194112,430683.90209504,6303.0,-3.4419496897544157e-10,6324.0,ASK
572,1712607294.229483,430684.85146212,6320.0,3.4419496897544157e-10,6324.0,BID
573,1712607300.1533804,430684.85146212,6320.0,0.0,6324.0,BID
574,1712607324.2394896,430685.8008292,6303.0,-3.4419347353289887e-10,6324.0,ASK
575,1712607326.679047,430686.75019628,6320.0,3.4419347353289887e-10,6324.0,BID
576,1712607330.142949,430686.75019628,6320.0,0.0,6324.0,BID
577,1712607355.3091776,430687.69956336,6303.0,-3.441919781033508e-10,6324.0,ASK
578,1712607357.5688343,430688.64893044,6320.0,3.441919781033508e-10,6324.0,BID
579,1712607360.213343,430688.64893044,6320.0,0.0,6324.0,BID
580,1712607386.2485795,430689.59829752,6303.0,-3.4419048268679714e-10,6324.0,ASK
581,1712607390.1984072,430689.59829752,6303.0,-0.0,6324.0,ASK
582,1712607392.0086243,430690.5476646,6320.0,3.44189735990359e-10,6324.0,BID
583,1712607420.1553748,430690.5476646,6320.0,0.0,6324.0,BID
584,1712607421.7983403,430691.49703168,6303.0,-3.4418898728323765e-10,6324.0,ASK
585,1712607423.81817,430692.44639876,6320.0,3.4418898728323765e-10,6324.0,BID
586,1712607450.1458144,430692.44639876,6320.0,0.0,6324.0,BID
587,1712607450.9980066,430693.39576584,6303.0,-3.441874918926724e-10,6324.0,ASK
588,1712607462.0983937,430704.20743091,6303.0,-3.919706046295157e-09,6324.0,ASK
589,1712607480.207786,430704.20743091,6303.0,-0.0,6324.0,ASK
590,1712607489.2074668,430705.15679799,6320.0,3.4417824199194755e-10,6324.0,BID
591,1712607510.197578,430705.15679799,6320.0,0.0,6324.0,BID
592,1712607517.6475568,430706.10616507,6303.0,-3.4417749333483047e-10,6324.0,ASK
593,1712607521.4974377,430707.05568239,6319.0,3.4423196037581525e-10,6324.0,BID
594,1712607540.1296113,430707.05568239,6319.0,0.0,6324.0,BID
595,1712607551.4469917,430708.00519971,6303.0,-3.4423046486959163e-10,6324.0,ASK
596,1712607553.9795897,430708.95471703,6319.0,3.442304648484895e-10,6324.0,BID
597,1712607570.137474,430708.95471703,6319.0,0.0,6324.0,BID
598,1712607581.6570485,430709.90423435,6303.0,-3.4422896923708524e-10,6324.0,ASK
599,1712607585.306725,430710.85375167,6319.0,3.4422896921598325e-10,6324.0,BID
600,1712607600.147997,430710.85375167,6319.0,0.0,6324.0,BID
601,1712607616.5170617,430711.80326899,6303.0,-3.4422747361757567e-10,6324.0,ASK
602,1712607618.676397,430712.75278631,6319.0,3.442274735964738e-10,6324.0,BID
603,1712607630.124376,430712.75278631,6319.0,0.0,6324.0,BID
604,1712607647.2248118,430713.70230363,6303.0,-3.4422597801106246e-10,6324.0,ASK
605,1712607650.7069492,430714.65212158,6317.0,3.4433496457938717e-10,6324.0,BID
606,1712607660.148072,430714.65212158,6317.0,0.0,6324.0,BID
607,1712607677.4161885,430715.60193953,6303.0,-3.443334685334413e-10,6324.0,ASK
608,1712607690.1368833,430715.60193953,6303.0,-0.0,6324.0,ASK
609,1712607716.1959467,430716.55175748,6317.0,3.4433272121648004e-10,6324.0,BID
610,1712607720.2059784,430716.55175748,6317.0,0.0,6324.0,BID
611,1712607742.0856562,430717.50157543,6303.0,-3.4433197222175783e-10,6324.0,ASK
612,1712607745.357127,430718.2981667,6303.0,-2.8878359591936234e-10,6324.0,ASK
613,1712607750.1956928,430718.2981667,6303.0,-0.0,6324.0,ASK
614,1712607752.195968,430719.09059861,6316.0,2.8727458096780676e-10,6324.0,BID
615,1712607780.1384156,430719.09059861,6316.0,0.0,6324.0,BID
616,1712607784.07542,430720.04056694,6316.0,3.443844894749893e-10,6324.0,BID
617,1712607810.1514018,430720.04056694,6316.0,0.0,6324.0,BID
618,1712607812.0055785,430720.99053527,6303.0,-3.4438374041584677e-10,6324.0,ASK
619,1712607815.0561345,430721.9405036,6316.0,3.443837403947453e-10,6324.0,BID
620,1712607840.1851497,430721.9405036,6316.0,0.0,6324.0,BID
621,1712607843.095368,430722.89047193,6303.0,-3.44382243785822e-10,6324.0,ASK
622,1712607848.0054257,430723.84044026,6316.0,3.4438224380692336e-10,6324.0,BID
623,1712607870.1947577,430723.84044026,6316.0,0.0,6324.0,BID
624,1712607876.7251153,430724.79040859,6303.0,-3.4438074718990635e-10,6324.0,ASK
625,1712607879.0146596,430725.74037692,6316.0,3.4438074718990635e-10,6324.0,BID
626,1712607881.164988,430748.84384419,6316.0,8.375425864248391e-09,6324.0,BID
627,1712607881.169471,430773.23879363,6316.0,8.84361157173926e-09,6324.0,BID
628,1712607900.1577945,430773.23879363,6316.0,0.0,6324.0,BID
629,1712607907.794948,430774.18876196,6303.0,-3.4434180174653e-10,6324.0,ASK
630,1712607910.0048587,430775.13873029,6316.0,3.44341801725431e-10,6324.0,BID
631,1712607930.1407378,430775.13873029,6316.0,0.0,6324.0,BID
632,1712607938.6296785,430776.08869862,6303.0,-3.443403054809955e-10,6324.0,ASK
633,1712607942.034667,430777.03866695,6316.0,3.4434030550209433e-10,6324.0,BID
634,1712607960.1905904,430777.03866695,6316.0,0.0,6324.0,BID
635,1712607968.724417,430777.98863528,6303.0,-3.4433880924956287e-10,6324.0,ASK
636,1712607974.3861113,430778.93860361,6316.0,3.4433880924956287e-10,6324.0,BID
637,1712607990.1941104,430778.93860361,6316.0,0.0,6324.0,BID
638,1712608003.1443465,430779.88857194,6303.0,-3.4433731305223177e-10,6324.0,ASK
639,1712608006.5540607,430780.83854027,6316.0,3.4433731303113313e-10,6324.0,BID
640,1712608020.1510155,430780.83854027,6316.0,0.0,6324.0,BID
641,1712608035.574047,430781.7885086,6303.0,-3.4433581682570605e-10,6324.0,ASK
642,1712608040.8942602,430782.73847693,6316.0,3.4433581684680463e-10,6324.0,BID
643,1712608050.1289144,430782.73847693,6316.0,0.0,6324.0,BID
644,1712608071.2642071,430783.68844526,6303.0,-3.4433432063328136e-10,6324.0,ASK
645,1712608073.3238816,430784.63841359,6316.0,3.4433432063328136e-10,6324.0,BID
646,1712608080.1940966,430784.63841359,6316.0,0.0,6324.0,BID
647,1712608102.0539825,430785.58838192,6303.0,-3.4433282447495756e-10,6324.0,ASK
648,1712608110.199188,430785.58838192,6303.0,-0.0,6324.0,ASK
649,1712608121.193836,430796.83447444,6315.0,4.076336310288297e-09,6324.0,BID
650,1712608128.3437076,430876.16177889,6316.0,2.8753522252398144e-08,6324.0,BID
651,1712608129.6435282,430912.51206904,6315.0,-1.3175777041150588e-08,6324.0,ASK
652,1712608138.653789,430913.4621878,6315.0,3.443866030415731e-10,6324.0,BID
653,1712608140.137267,430913.4621878,6315.0,0.0,6324.0,BID
654,1712608167.8936937,430914.41230656,6304.0,-3.4428582056920785e-10,6324.0,ASK
655,1712608170.132089,430914.41230656,6304.0,-0.0,6324.0,ASK
656,1712608172.343532,430915.36242532,6315.0,3.4428507331943136e-10,6324.0,BID
657,1712608200.2651284,430915.36242532,6315.0,0.0,6324.0,BID
658,1712608202.5936685,430916.31254408,6304.0,-3.4446486369758725e-10,6324.0,ASK
659,1712608204.7493634,430917.26266284,6315.0,3.4446486369758725e-10,6324.0,BID
660,1712608230.1931767,430917.26266284,6315.0,0.0,6324.0,BID
661,1712608230.202885,430918.2127816,6304.0,-3.444633663834977e-10,6324.0,ASK
662,1712608234.8432496,430919.16290036,6315.0,3.444633663834977e-10,6324.0,BID
663,1712608260.1351109,430919.16290036,6315.0,0.0,6324.0,BID
664,1712608263.6631312,430920.11301912,6304.0,-3.4446186908242517e-10,6324.0,ASK
665,1712608270.6696389,430984.17592075,6304.0,-2.3225756361660576e-08,6324.0,ASK
666,1712608270.6751032,431015.84654624,6304.0,-1.148206235957778e-08,6324.0,ASK
667,1712608281.6831968,431063.35248448,6303.0,-1.7223093541213182e-08,6324.0,ASK
668,1712608281.6903362,431142.67978893,6303.0,-2.8759806363804848e-08,6324.0,ASK
669,1712608290.131445,431142.67978893,6303.0,-0.0,6324.0,ASK
670,1712608290.682696,431149.03101154,6298.0,-2.3014355357342224e-09,6324.0,ASK
671,1712608290.6883097,431568.90576012,6298.0,-1.521462443184477e-07,6324.0,ASK
672,1712608294.7630198,431995.13173132,6298.0,-1.5444767985778869e-07,6324.0,ASK
673,1712608299.7827635,431996.08200056,6314.0,3.4434053595328427e-10,6324.0,BID
674,1712608320.192768,431996.08200056,6314.0,0.0,6324.0,BID
675,1712608327.932718,431997.0322698,6298.0,-3.4367120290086087e-10,6324.0,ASK
676,1712608332.052663,431997.98253904,6314.0,3.436712028798097e-10,6324.0,BID
677,1712608350.1924798,431997.98253904,6314.0,0.0,6324.0,BID
678,1712608362.874099,431998.93280828,6299.0,-3.436697133053128e-10,6324.0,ASK
679,1712608366.1033435,431999.88307752,6314.0,3.436697133053128e-10,6324.0,BID
680,1712608377.1626306,432000.88307752,6307.0,-3.6165509608693904e-10,6324.0,ASK
681,1712608380.124788,432000.88307752,6307.0,-0.0,6324.0,ASK
682,1712608394.4925132,432001.83334676,6306.0,-3.43667439716734e-10,6324.0,ASK
683,1712608410.1334405,432001.83334676,6306.0,-0.0,6324.0,ASK
684,1712608433.4723375,432002.78467068,6307.0,3.440481219713103e-10,6324.0,BID
685,1712608440.1473286,432002.78467068,6307.0,0.0,6324.0,BID
686,1712608465.0824032,432003.68626384,6305.0,-3.260621896250471e-10,6324.0,ASK
687,1712608465.0901935,432003.7359946,6306.0,-1.798518579390493e-11,6324.0,ASK
688,1712608465.982204,432003.83440144,6305.0,-3.5588945377817564e-11,6324.0,ASK
689,1712608469.4325347,432004.78602713,6305.0,3.4415651087935874e-10,6324.0,BID
690,1712608470.1342793,432004.78602713,6305.0,0.0,6324.0,BID
691,1712608472.1622052,432018.12721031,6305.0,4.824832021071061e-09,6324.0,BID
692,1712608500.1622603,432018.12721031,6305.0,0.0,6324.0,BID
693,1712608500.8628404,432019.078836,6305.0,-3.441460000879621e-10,6324.0,ASK
694,1712608502.3218737,432020.02925576,6313.0,3.437098874679122e-10,6324.0,BID
695,1712608502.4620082,432032.53652544,6305.0,-4.523130131630965e-09,6324.0,ASK
696,1712608530.1375787,432032.53652544,6305.0,-0.0,6324.0,ASK
697,1712608531.3219662,432033.4869452,6305.0,-3.4369859421382207e-10,6324.0,ASK
698,1712608560.1948116,432033.4869452,6305.0,-0.0,6324.0,ASK
699,1712608571.161786,432034.43736496,6313.0,3.436978493927839e-10,6324.0,BID
700,1712608590.1914928,432034.43736496,6313.0,0.0,6324.0,BID
701,1712608599.0817554,432035.38778472,6305.0,-3.43697103672051e-10,6324.0,ASK
702,1712608602.891771,432036.33820448,6313.0,3.43697103672051e-10,6324.0,BID
703,1712608620.123871,432036.33820448,6313.0,0.0,6324.0,BID
704,1712608634.5213225,432037.28862424,6305.0,-3.4369561314320816e-10,6324.0,ASK
705,1712608638.3214717,432038.239044,6313.0,3.436956131221589e-10,6324.0,BID
706,1712608650.1416917,432038.239044,6313.0,0.0,6324.0,BID
707,1712608668.4012957,432039.18946376,6305.0,-3.4369412262729347e-10,6324.0,ASK
708,1712608680.2201118,432039.18946376,6305.0,-0.0,6324.0,ASK
709,1712608698.9719434,432196.6649861,6305.0,-5.694672657076101e-08,6324.0,ASK
710,1712608707.261784,432197.61661179,6305.0,3.4412946953972724e-10,6324.0,BID
711,1712608710.191942,432197.61661179,6305.0,0.0,6324.0,BID
712,1712608717.9626825,432198.61661179,6301.0,-3.6149214126497767e-10,6324.0,ASK
713,1712608717.9702628,432199.61661179,6303.0,-3.6149214126497767e-10,6324.0,ASK
714,1712608717.9763272,432200.61661179,6304.0,-3.6149214126497767e-10,6324.0,ASK
715,1712608717.9795375,432201.61661179,6300.0,-3.6149214126497767e-10,6324.0,ASK
716,1712608717.9827504,432202.61661179,6302.0,-3.6149214126497767e-10,6324.0,ASK
717,1712608717.986013,432215.29640929,6299.0,-4.583647149068471e-09,6324.0,ASK
718,1712608737.7724185,432240.00403571,6299.0,-8.931612780146361e-09,6324.0,ASK
719,1712608739.0097,432240.9556614,6299.0,-3.4400520835383954e-10,6324.0,ASK
720,1712608740.135006,432240.9556614,6299.0,-0.0,6324.0,ASK
721,1712608741.8823593,432241.90743804,6304.0,3.440258236555401e-10,6324.0,BID
722,1712608770.1187768,432241.90743804,6304.0,0.0,6324.0,BID
723,1712608770.863306,432242.30695868,6299.0,-1.4440900666272287e-10,6324.0,ASK
724,1712608770.869994,432242.85921468,6299.0,-1.9961607087124664e-10,6324.0,ASK
725,1712608772.6926136,432243.81099132,6304.0,3.4402507755500885e-10,6324.0,BID
726,1712608800.1551013,432243.81099132,6304.0,0.0,6324.0,BID
727,1712608800.7263365,432244.76276796,6299.0,-3.4428657908002536e-10,6324.0,ASK
728,1712608805.463035,432245.7145446,6304.0,3.4428657905896994e-10,6324.0,BID
729,1712608827.2030282,432248.98294561,6304.0,1.1822801227535135e-09,6324.0,BID
730,1712608830.1322424,432248.98294561,6304.0,0.0,6324.0,BID
731,1712608835.4334476,432249.93472225,6299.0,-3.4428251923211245e-10,6324.0,ASK
732,1712608837.1534216,432250.88649889,6304.0,3.4428251925316787e-10,6324.0,BID
733,1712608860.2013574,432250.88649889,6304.0,0.0,6324.0,BID
734,1712608864.5734549,432251.83827553,6299.0,-3.4428102542034976e-10,6324.0,ASK
735,1712608866.7334154,432278.2932175,6304.0,9.569403330406573e-09,6324.0,BID
736,1712608890.193391,432278.2932175,6304.0,0.0,6324.0,BID
737,1712608900.1540496,432305.9736575,6304.0,1.0012070420670348e-08,6324.0,BID
738,1712608906.693939,432306.92392674,6314.0,3.4371428162257685e-10,6324.0,BID
739,1712608920.1495044,432306.92392674,6314.0,0.0,6324.0,BID
740,1712608926.9642534,432322.86282171,6314.0,5.764753778171374e-09,6324.0,BID
741,1712608934.5747836,432323.81309095,6299.0,-3.4369184325244827e-10,6324.0,ASK
742,1712608939.1639187,432324.76336019,6314.0,3.4369184323139565e-10,6324.0,BID
743,1712608950.1324065,432324.76336019,6314.0,0.0,6324.0,BID
744,1712608969.3140397,432325.71362943,6299.0,-3.4367784400267745e-10,6324.0,ASK
745,1712608971.5238469,432326.66389867,6314.0,3.4367784400267745e-10,6324.0,BID
746,1712608980.2049932,432326.66389867,6314.0,0.0,6324.0,BID
747,1712608987.1042757,432341.98431355,6313.0,5.540813181746474e-09,6324.0,BID
748,1712609000.3239946,432342.93458279,6305.0,-3.4367635423144544e-10,6324.0,ASK
749,1712609010.1962252,432342.93458279,6305.0,-0.0,6324.0,ASK
750,1712609015.274408,432422.05702853,6313.0,2.861452574528434e-08,6324.0,BID
751,1712609039.464356,432423.00744829,6313.0,3.4371802384924936e-10,6324.0,BID
752,1712609040.139281,432423.00744829,6313.0,0.0,6324.0,BID
753,1712609047.854377,432502.20909568,6313.0,2.8637933517347733e-08,6324.0,BID
754,1712609067.9951725,432503.15951544,6305.0,-3.4365519907631357e-10,6324.0,ASK
755,1712609070.1311522,432503.15951544,6305.0,-0.0,6324.0,ASK
756,1712609070.3097925,432504.1099352,6313.0,3.4359233610270125e-10,6324.0,BID
757,1712609099.1645403,432505.06035496,6305.0,-3.435923360816583e-10,6324.0,ASK
758,1712609100.1541357,432505.06035496,6305.0,-0.0,6324.0,ASK
759,1712609104.0044124,432506.01077472,6313.0,3.4368413254465235e-10,6324.0,BID
760,1712609130.1371346,432506.01077472,6313.0,0.0,6324.0,BID
761,1712609138.154508,432506.96119448,6305.0,-3.4368338686239325e-10,6324.0,ASK
762,1712609160.157579,432506.96119448,6305.0,-0.0,6324.0,ASK
763,1712609168.185105,432507.91146372,6314.0,3.4362821237497783e-10,6324.0,BID
764,1712609190.132492,432507.91146372,6314.0,0.0,6324.0,BID
765,1712609196.3751838,432508.86173296,6305.0,-3.4362746679622757e-10,6324.0,ASK
766,1712609201.695047,432509.81215272,6313.0,3.4368189645251635e-10,6324.0,BID
767,1712609220.2049105,432509.81215272,6313.0,0.0,6324.0,BID
768,1712609236.155187,432510.76257248,6305.0,-3.436804061735136e-10,6324.0,ASK
769,1712609250.1962569,432510.76257248,6305.0,-0.0,6324.0,ASK
770,1712609269.3952284,432511.71299224,6313.0,3.4367966143130177e-10,6324.0,BID
771,1712609280.1351235,432511.71299224,6313.0,0.0,6324.0,BID
772,1712609300.5451472,432512.663412,6305.0,-3.4367891578949274e-10,6324.0,ASK
773,1712609301.8049831,432513.61383176,6313.0,3.4367891578949274e-10,6324.0,BID
774,1712609309.851351,432671.63862187,6313.0,5.714294969186489e-08,6324.0,BID
775,1712609310.1295714,432671.63862187,6313.0,0.0,6324.0,BID
776,1712609331.5820093,432672.58904163,6305.0,-3.4355349126604915e-10,6324.0,ASK
777,1712609336.8551974,432673.53946139,6313.0,3.4355349128708993e-10,6324.0,BID
778,1712609340.185518,432673.53946139,6313.0,0.0,6324.0,BID
779,1712609369.905052,432674.48988115,6305.0,-3.435520020036066e-10,6324.0,ASK
780,1712609370.1872933,432674.48988115,6305.0,-0.0,6324.0,ASK
781,1712609370.7480328,432675.44030091,6313.0,3.4355125781777605e-10,6324.0,BID
782,1712609399.5653777,432676.39072067,6305.0,-3.4355125783881673e-10,6324.0,ASK
783,1712609400.170507,432676.39072067,6305.0,-0.0,6324.0,ASK
784,1712609404.8653493,432677.34114043,6313.0,3.435599686115404e-10,6324.0,BID
785,1712609430.1365392,432677.34114043,6313.0,0.0,6324.0,BID
786,1712609430.895369,432678.29156019,6305.0,-3.4355922344693315e-10,6324.0,ASK
787,1712609460.1951578,432678.29156019,6305.0,-0.0,6324.0,ASK
788,1712609470.2354147,432679.24197995,6313.0,3.435584792718993e-10,6324.0,BID
789,1712609490.199644,432679.24197995,6313.0,0.0,6324.0,BID
790,1712609498.875297,432680.19239971,6305.0,-3.4355773413479316e-10,6324.0,ASK
791,1712609502.4051943,432681.14281947,6313.0,3.4355773413479316e-10,6324.0,BID
792,1712609520.1385026,432681.14281947,6313.0,0.0,6324.0,BID
793,1712609533.2151432,432682.09323923,6305.0,-3.4355624479348394e-10,6324.0,ASK
794,1712609536.905313,432683.04365899,6313.0,3.435562448145248e-10,6324.0,BID
795,1712609550.1246283,432683.04365899,6313.0,0.0,6324.0,BID
796,1712609564.7455745,432683.99407875,6305.0,-3.435547555071686e-10,6324.0,ASK
797,1712609569.1753762,432684.94449851,6313.0,3.4355475548612785e-10,6324.0,BID
798,1712609575.8457017,432687.19018078,6305.0,-8.117621872817101e-10,6324.0,ASK
799,1712609580.2018774,432687.19018078,6305.0,-0.0,6324.0,ASK
800,1712609600.3551917,432688.14060054,6305.0,-3.4355150784751803e-10,6324.0,ASK
801,1712609604.488822,432689.0910203,6313.0,3.4355150786855835e-10,6324.0,BID
802,1712609610.1966028,432689.0910203,6313.0,0.0,6324.0,BID
803,1712609627.7857842,432689.18212352,6305.0,-3.293125232192789e-11,6324.0,ASK
804,1712609627.7941754,433092.84425203,6305.0,-1.4591250896972382e-07,6324.0,ASK
805,1712609627.8005133,433371.31502916,6305.0,-1.0065935567393077e-07,6324.0,ASK
806,1712609631.25539,433611.00977516,6305.0,-8.664291075513246e-08,6324.0,ASK
807,1712609631.2608593,433636.17887904,6305.0,-9.097923328123448e-09,6324.0,ASK
808,1712609634.2653267,433637.1292988,6303.0,-3.4355001860227105e-10,6324.0,ASK
809,1712609637.9653995,433638.08092449,6305.0,3.439859283744182e-10,6324.0,BID
810,1712609640.1288009,433638.08092449,6305.0,0.0,6324.0,BID
811,1712609646.3739438,433678.27798397,6305.0,1.44987484769192e-08,6324.0,BID
1012,1712609669.2955103,433679.22960966,6303.0,-3.432435531774468e-10,6324.0,ASK
812,1712609669.2955103,433679.22960966,6303.0,-3.4324355317744676e-10,6324.0,ASK
813,1712609670.135488,433679.22960966,6303.0,-0.0,6324.0,ASK
814,1712609671.0985086,433680.18123535,6305.0,3.4321143613352667e-10,6324.0,BID
815,1712609699.5653448,433681.13286104,6303.0,-3.4321143611253366e-10,6324.0,ASK
816,1712609700.195039,433681.13286104,6303.0,-0.0,6324.0,ASK
817,1712609701.7052803,433682.08448673,6305.0,3.4332576760207673e-10,6324.0,BID
818,1712609728.5653186,433683.03611242,6303.0,-3.433257676230768e-10,6324.0,ASK
819,1712609730.195013,433683.03611242,6303.0,-0.0,6324.0,ASK
820,1712609732.0553648,433683.98773811,6305.0,3.4332428147098697e-10,6324.0,BID
821,1712609743.675201,433785.08817916,6305.0,3.6474673440778594e-08,6324.0,BID
822,1712609760.1486473,433785.08817916,6305.0,0.0,6324.0,BID
823,1712609762.9554207,433786.03980485,6303.0,-3.4324460153565984e-10,6324.0,ASK
824,1712609767.2753327,433786.99143054,6305.0,3.4324460153565984e-10,6324.0,BID
825,1712609790.1400435,433786.99143054,6305.0,0.0,6324.0,BID
826,1712609797.2558515,433787.94305623,6303.0,-3.4324311612815645e-10,6324.0,ASK
827,1712609801.6953845,433788.89468192,6305.0,3.4324311610716157e-10,6324.0,BID
828,1712609820.2054987,433788.89468192,6305.0,0.0,6324.0,BID
829,1712609832.0855384,433789.84630761,6303.0,-3.4324163069152006e-10,6324.0,ASK
830,1712609850.1959069,433789.84630761,6303.0,-0.0,6324.0,ASK
831,1712609866.4859426,433790.7979333,6305.0,3.4324088812732966e-10,6324.0,BID
832,1712609871.4855466,433991.97681103,6305.0,7.25630018055565e-08,6324.0,BID
833,1712609871.4933784,434028.70435677,6305.0,1.324722057262815e-08,6324.0,BID
834,1712609880.1362343,434028.70435677,6305.0,0.0,6324.0,BID
835,1712609881.9355288,434031.52655258,6303.0,-1.0173822548226091e-09,6324.0,ASK
836,1712609881.945108,434595.56136842,6303.0,-2.033306869416189e-07,6324.0,ASK
837,1712609898.8455403,434596.51299411,6299.0,-3.430545417074493e-10,6324.0,ASK
838,1712609900.3049922,434597.46492176,6303.0,3.4316339623345307e-10,6324.0,BID
839,1712609910.1375182,434597.46492176,6303.0,0.0,6324.0,BID
840,1712609929.9956062,434597.55538598,6299.0,-3.2569640820535027e-11,6324.0,ASK
841,1712609930.004962,434598.41684941,6299.0,-3.101508475124951e-10,6324.0,ASK
842,1712609935.96548,434599.36877706,6303.0,3.4272048835398647e-10,6324.0,BID
843,1712609940.1641183,434599.36877706,6303.0,0.0,6324.0,BID
844,1712609957.8152535,434833.51120834,6305.0,8.429743774683452e-08,6324.0,BID
845,1712609957.8248427,434899.36877706,6303.0,2.3710458070258265e-08,6324.0,BID
846,1712609966.0855598,434900.18216814,6299.0,-2.9284219676081927e-10,6324.0,ASK
847,1712609966.096352,434900.32070471,6299.0,-4.9876811381291676e-11,6324.0,ASK
848,1712609969.775056,434901.2723304,6305.0,3.4261029462192587e-10,6324.0,BID
849,1712609970.226213,434901.2723304,6305.0,0.0,6324.0,BID
850,1712609999.3236678,434902.22395609,6299.0,-3.423756777964663e-10,6324.0,ASK
851,1712610000.2236402,434902.22395609,6299.0,-0.0,6324.0,ASK
852,1712610002.045338,434903.17573273,6304.0,3.426815937810278e-10,6324.0,BID
853,1712610003.125105,434928.45807273,6304.0,9.102758148683756e-09,6324.0,BID
854,1712610027.5356424,434928.45807322,6304.0,1.7641877635235452e-16,6324.0,BID
855,1712610027.5423477,434929.40969842,6305.0,3.4262706868494657e-10,6324.0,BID
856,1712610030.1391366,434929.40969842,6305.0,0.0,6324.0,BID
857,1712610031.8082955,434930.36147506,6299.0,-3.426604501520168e-10,6324.0,ASK
858,1712610036.185156,434931.31310075,6305.0,3.42606104828053e-10,6324.0,BID
859,1712610039.9452715,434934.58098338,6305.0,1.1765093677968011e-09,6324.0,BID
860,1712610060.2142727,434934.58098338,6305.0,0.0,6324.0,BID
861,1712610067.5152042,434976.22119103,6305.0,1.4991211423862754e-08,6324.0,BID
1062,1712610068.5021777,435016.88210908,6305.0,1.463864984293042e-08,6324.0,BID
862,1712610068.5021777,435016.88210908,6305.0,1.4638649842930421e-08,6324.0,BID
863,1712610069.5753288,435017.83373477,6299.0,-3.426020839197857e-10,6324.0,ASK
864,1712610090.1869576,435017.83373477,6299.0,-0.0,6324.0,ASK
865,1712610100.555456,435018.78536046,6305.0,3.4253735313345536e-10,6324.0,BID
866,1712610102.615335,435020.37291404,6299.0,-5.714393873309832e-10,6324.0,ASK
867,1712610120.1411765,435020.37291404,6299.0,-0.0,6324.0,ASK
868,1712610131.0150356,435021.32453973,6299.0,-3.425353804055039e-10,6324.0,ASK
869,1712610133.7850516,435022.27616542,6305.0,3.425353804264556e-10,6324.0,BID
870,1712610150.1439729,435022.27616542,6305.0,0.0,6324.0,BID
871,1712610162.7352583,435023.22779111,6299.0,-3.4253390157843236e-10,6324.0,ASK
872,1712610165.8253274,435024.1794168,6305.0,3.4253390157843236e-10,6324.0,BID
873,1712610180.2027826,435024.1794168,6305.0,0.0,6324.0,BID
874,1712610186.225248,435056.99014748,6305.0,1.1810041690566465e-08,6324.0,BID
875,1712610187.2074444,435071.81731331,6305.0,5.336956629009874e-09,6324.0,BID
876,1712610194.8357272,435072.768939,6299.0,-3.4253242276413003e-10,6324.0,ASK
877,1712610198.2051067,436462.94553983,6305.0,5.003864063001909e-07,6324.0,BID
878,1712610198.444934,436463.89716552,6305.0,3.4253242276413003e-10,6324.0,BID
879,1712610210.2180195,436463.89716552,6305.0,0.0,6324.0,BID
880,1712610228.2850091,436464.84879121,6299.0,-3.414168890356999e-10,6324.0,ASK
881,1712610231.1896589,436465.8004169,6305.0,3.414168890565832e-10,6324.0,BID
882,1712610240.1419814,436465.8004169,6305.0,0.0,6324.0,BID
883,1712610257.685001,436466.75204259,6299.0,-3.414154198505594e-10,6324.0,ASK
884,1712610262.7449946,436467.70366828,6305.0,3.414154198505594e-10,6324.0,BID
885,1712610270.120008,436467.70366828,6305.0,0.0,6324.0,BID
886,1712610293.264844,436468.65529397,6299.0,-3.4141395069894635e-10,6324.0,ASK
887,1712610294.10456,436469.60691966,6305.0,3.4141395067806324e-10,6324.0,BID
888,1712610300.1951883,436469.60691966,6305.0,0.0,6324.0,BID
889,1712610306.905275,436510.01043811,6305.0,1.4495541140138736e-08,6324.0,BID
890,1712610307.084799,436546.17199733,6305.0,1.2973656490187789e-08,6324.0,BID
891,1712610310.104504,436558.77877944,6305.0,4.522926114628123e-09,6324.0,BID
892,1712610322.7352092,436559.73040513,6299.0,-3.4141406167503315e-10,6324.0,ASK
893,1712610326.124892,436560.68203082,6305.0,3.4141406165415004e-10,6324.0,BID
894,1712610330.2189193,436560.68203082,6305.0,0.0,6324.0,BID
895,1712610356.6347213,436561.63365651,6299.0,-3.413437402276563e-10,6324.0,ASK
896,1712610358.9586513,436562.5852822,6305.0,3.4134374024853504e-10,6324.0,BID
897,1712610360.1378052,436562.5852822,6305.0,0.0,6324.0,BID
898,1712610366.8986695,436580.27878143,6305.0,6.3465491574803604e-09,6324.0,BID
1098,1712610366.8986695,436580.27878143,6305.0,6.34654915748036e-09,6324.0,BID
899,1712610387.6585064,436581.23040712,6299.0,-3.4134227169287363e-10,6324.0,ASK
900,1712610390.1487658,436581.23040712,6299.0,-0.0,6324.0,ASK
901,1712610390.9847918,436582.18203281,6305.0,3.413278795452928e-10,6324.0,BID
902,1712610420.2022674,436582.18203281,6305.0,0.0,6324.0,BID
903,1712610420.525165,436583.1336585,6299.0,-3.4132714498460544e-10,6324.0,ASK
904,1712610426.2848368,436621.83512558,6305.0,1.38813626032059e-08,6324.0,BID
905,1712610427.3148034,436643.75804251,6305.0,7.863266748927678e-09,6324.0,BID
906,1712610450.2093267,436643.75804251,6305.0,0.0,6324.0,BID
907,1712610470.4046018,436659.62639699,6305.0,5.690836295176908e-09,6324.0,BID
908,1712610480.130852,436659.62639699,6305.0,0.0,6324.0,BID
909,1712610491.1846676,436660.57802268,6305.0,3.412673769294569e-10,6324.0,BID
910,1712610510.13484,436660.57802268,6305.0,0.0,6324.0,BID
911,1712610521.0149703,436661.52964837,6299.0,-3.4126664260828356e-10,6324.0,ASK
912,1712610524.0352216,436662.48127406,6305.0,3.4126664260828356e-10,6324.0,BID
913,1712610540.2018268,436662.48127406,6305.0,0.0,6324.0,BID
914,1712610543.724655,436966.30466819,6305.0,1.0895496493237205e-07,6324.0,BID
915,1712610555.935376,436967.25629388,6299.0,-3.412651747159367e-10,6324.0,ASK
916,1712610568.9052207,437117.25629388,6299.0,-5.379192338579623e-08,6324.0,ASK
917,1712610568.910639,437286.03691346,6299.0,-6.052689438303324e-08,6324.0,ASK
918,1712610570.2151666,437286.03691346,6299.0,-0.0,6324.0,ASK
919,1712610592.3244877,437286.9894456,6299.0,3.4110954607168405e-10,6324.0,BID
920,1712610600.1633525,437286.9894456,6299.0,0.0,6324.0,BID
921,1712610603.2647858,437763.20696471,6299.0,1.7053763737364457e-07,6324.0,BID
922,1712610604.9081976,438475.71783945,6299.0,2.5515634411826935e-07,6324.0,BID
923,1712610606.594737,438485.40771869,6299.0,3.4700300717920673e-09,6324.0,BID
924,1712610606.894375,438502.86721348,6299.0,6.25239700712675e-09,6324.0,BID
925,1712610609.7844927,438548.51782248,6299.0,1.6347880309145582e-08,6324.0,BID
926,1712610621.944575,438549.47035462,6298.0,-3.4111004774472033e-10,6324.0,ASK
927,1712610623.4344208,438550.42288676,6299.0,3.4111004772387563e-10,6324.0,BID
928,1712610630.1431367,438550.42288676,6299.0,0.0,6324.0,BID
1129,1712610631.3944802,438552.48865276,6299.0,7.376664596885201e-10,6324.0,BID
929,1712610631.3944802,438552.48865276,6299.0,7.3766645968852e-10,6324.0,BID
930,1712610644.2447786,438555.75964815,6299.0,1.1680430353662543e-09,6324.0,BID
931,1712610651.4045951,438555.80711601,6298.0,-1.695034588837914e-11,6324.0,ASK
932,1712610651.4137866,438556.71218029,6298.0,-3.2319031450537955e-10,6324.0,ASK
933,1712610660.2094252,438556.71218029,6298.0,-0.0,6324.0,ASK
934,1712610690.146623,438557.66471243,6299.0,3.4013584871942463e-10,6324.0,BID
935,1712610690.2034235,438557.66471243,6299.0,0.0,6324.0,BID
936,1712610714.0644023,438558.61724457,6298.0,-3.4013511999537115e-10,6324.0,ASK
937,1712610720.1441245,438558.61724457,6298.0,-0.0,6324.0,ASK
938,1712610721.0563364,438568.83491348,6299.0,3.648570426043582e-09,6324.0,BID
939,1712610721.0629315,438571.74697168,6299.0,1.039850627497218e-09,6324.0,BID
940,1712610733.3147714,438590.03679924,6305.0,-6.531012554876911e-09,6324.0,ASK
941,1712610733.3226452,438769.11561937,6299.0,-6.394625748917938e-08,6324.0,ASK
942,1712610733.4242752,438836.97899604,6299.0,2.423295482667081e-08,6324.0,BID
1142,1712610733.4242752,438836.97899604,6299.0,2.4232954826670812e-08,6324.0,BID
943,1712610733.4344604,439235.97081575,6299.0,1.4247376446151588e-07,6324.0,BID
944,1712610733.4378593,440145.59002275,6299.0,3.2481085136528335e-07,6324.0,BID
945,1712610748.044507,440186.62993479,6300.0,-1.465471338674946e-08,6324.0,ASK
946,1712610750.1274524,440186.62993479,6300.0,-0.0,6324.0,ASK
947,1712610754.6146097,440187.58065575,6311.0,3.3824901254003636e-10,6324.0,BID
948,1712610780.2104073,440187.58065575,6311.0,0.0,6324.0,BID
949,1712610784.6173005,440188.53137671,6300.0,-3.3824829048495607e-10,6324.0,ASK
950,1712610789.334617,440189.48209767,6311.0,3.3824829050566536e-10,6324.0,BID
951,1712610810.198245,440189.48209767,6311.0,0.0,6324.0,BID
952,1712610818.5948272,440190.43281863,6300.0,-3.382468476425641e-10,6324.0,ASK
953,1712610820.0648832,440191.38353959,6311.0,3.382468476425641e-10,6324.0,BID
954,1712610840.1426966,440191.38353959,6311.0,0.0,6324.0,BID
955,1712610845.4551573,440192.33426055,6300.0,-3.3824540481248115e-10,6324.0,ASK
956,1712610852.055094,440193.28498151,6311.0,3.382454048331901e-10,6324.0,BID
957,1712610870.1232362,440193.28498151,6311.0,0.0,6324.0,BID
958,1712610883.4152162,440194.23570247,6300.0,-3.3824396199470725e-10,6324.0,ASK
959,1712610883.9550984,440195.18642343,6311.0,3.3824396199470725e-10,6324.0,BID
960,1712610899.6959755,440211.02173617,6311.0,5.633828584886097e-09,6324.0,BID
961,1712610900.1549077,440211.02173617,6311.0,0.0,6324.0,BID
962,1712610905.0155065,440234.04230658,6300.0,-8.19144697732261e-09,6324.0,ASK
963,1712610905.0248966,440265.31730849,6298.0,-1.112863475137786e-08,6324.0,ASK
1163,1712610905.0248966,440265.31730849,6298.0,-1.1128634751377861e-08,6324.0,ASK
964,1712610906.794855,440269.88575763,6311.0,1.625598681197591e-09,6324.0,BID
965,1712610907.4509597,440299.12113555,6311.0,-1.0402872032651311e-08,6324.0,ASK
966,1712610912.7750506,440300.07185651,6298.0,-3.3829658410839194e-10,6324.0,ASK
1167,1712610918.6952755,440300.86403138,6313.0,2.8188087126354316e-10,6324.0,BID
967,1712610918.6952755,440300.86403138,6313.0,2.818808712635432e-10,6324.0,BID
968,1712610918.7049873,440301.02227627,6313.0,5.63085363717905e-11,6324.0,BID
969,1712610930.1502676,440301.02227627,6313.0,0.0,6324.0,BID
970,1712610953.355901,440301.97269603,6298.0,-3.3812115058471435e-10,6324.0,ASK
971,1712610960.205225,440301.97269603,6298.0,-0.0,6324.0,ASK
972,1712610986.4353218,440302.92311579,6313.0,3.3812043058235875e-10,6324.0,BID
973,1712610990.1997533,440302.92311579,6313.0,0.0,6324.0,BID
974,1712611016.0262702,440303.87353555,6298.0,-3.3811970884748767e-10,6324.0,ASK
975,1712611018.5853164,440304.82395531,6313.0,3.3811970882677967e-10,6324.0,BID
976,1712611020.1519866,440304.82395531,6313.0,0.0,6324.0,BID
977,1712611042.066018,440305.77437507,6299.0,-3.3811826710184835e-10,6324.0,ASK
978,1712611049.436071,440306.72479483,6313.0,3.3811826710184835e-10,6324.0,BID
979,1712611050.1350946,440306.72479483,6313.0,0.0,6324.0,BID
980,1712611067.8755782,440314.64495956,6313.0,2.8176402329262476e-09,6324.0,BID
981,1712611073.3956249,440317.02100898,6313.0,8.45292070227834e-10,6324.0,BID
982,1712611078.137789,440317.97142874,6299.0,-3.3811682525418127e-10,6324.0,ASK
983,1712611080.195735,440317.97142874,6299.0,-0.0,6324.0,ASK
984,1712611082.9618683,440318.9218485,6313.0,3.381082866841586e-10,6324.0,BID
985,1712611085.845549,440320.18325006,6313.0,4.4873890280250157e-10,6324.0,BID
986,1712611110.214421,440320.18325006,6313.0,0.0,6324.0,BID
987,1712611113.2258077,440321.76778499,6311.0,5.636895945566976e-10,6324.0,BID
988,1712611114.3055696,440322.71820475,6299.0,-3.3810660718478977e-10,6324.0,ASK
989,1712611115.635419,440323.66892571,6311.0,3.3821375745876536e-10,6324.0,BID
990,1712611140.1256578,440323.66892571,6311.0,0.0,6324.0,BID
991,1712611146.305665,440324.61964667,6299.0,-3.3821111207061086e-10,6324.0,ASK
992,1712611150.607529,440325.57036763,6311.0,3.3821111207061086e-10,6324.0,BID
993,1712611170.1295533,440325.57036763,6311.0,0.0,6324.0,BID
994,1712611179.519596,440326.52108859,6299.0,-3.3820966965976515e-10,6324.0,ASK
995,1712611181.285723,440327.47180955,6311.0,3.38209669680472e-10,6324.0,BID
996,1712611190.2358954,440329.05634448,6311.0,5.636827815928898e-10,6324.0,BID
997,1712611191.815565,440355.47125495,6311.0,9.396845678352004e-09,6324.0,BID
998,1712611200.176004,440355.47125495,6311.0,0.0,6324.0,BID
999,1712611213.0159545,440356.42197591,6299.0,-3.3864480766654324e-10,6324.0,ASK
1000,1712611215.036081,440357.37269687,6311.0,3.3864480764580996e-10,6324.0,BID
1201,1712611230.1280825,440357.37269687,6311.0,0.0,6324.0,BID
1202,1712611245.9461968,440358.32341783,6299.0,-3.3864336153332987e-10,6324.0,ASK
1203,1712611248.1156948,440359.27413879,6311.0,3.3864336153332987e-10,6324.0,BID
1204,1712611260.2058654,440359.27413879,6311.0,0.0,6324.0,BID
1205,1712611277.3157835,440360.22485975,6299.0,-3.386419154539336e-10,6324.0,ASK
1206,1712611283.315742,440361.17558071,6311.0,3.386419154332001e-10,6324.0,BID
1207,1712611290.1994517,440361.17558071,6311.0,0.0,6324.0,BID
1208,1712611311.815987,440362.12630167,6299.0,-3.3864046934542123e-10,6324.0,ASK
1209,1712611315.6957777,440363.07702263,6311.0,3.3864046936615435e-10,6324.0,BID
1210,1712611320.1285608,440363.07702263,6311.0,0.0,6324.0,BID
1211,1712611347.5458798,440364.02774359,6299.0,-3.3863902326999247e-10,6324.0,ASK
1212,1712611350.135926,440364.02774359,6299.0,-0.0,6324.0,ASK
1213,1712611351.0158854,440364.97846455,6311.0,3.386383009249647e-10,6324.0,BID
1214,1712611377.439111,440365.92918551,6299.0,-3.386383009249647e-10,6324.0,ASK
1215,1712611380.1973302,440365.92918551,6299.0,-0.0,6324.0,ASK
1216,1712611382.0364623,440366.87990647,6311.0,3.386368548887881e-10,6324.0,BID
1217,1712611410.2058337,440366.87990647,6311.0,0.0,6324.0,BID
1218,1712611413.4958682,440367.83062743,6299.0,-3.38636131156185e-10,6324.0,ASK
1219,1712611417.7260013,440368.78134839,6311.0,3.38636131156185e-10,6324.0,BID
1220,1712611440.1283855,440368.78134839,6311.0,0.0,6324.0,BID
1221,1712611445.375982,440369.73206935,6299.0,-3.386346851385389e-10,6324.0,ASK
1222,1712611450.5859842,440370.68279031,6311.0,3.38634685117806e-10,6324.0,BID
1223,1712611470.137981,440370.68279031,6311.0,0.0,6324.0,BID
1224,1712611480.136204,440371.63351127,6299.0,-3.386332390917768e-10,6324.0,ASK
1225,1712611484.3660045,440372.58423223,6311.0,3.386332390917768e-10,6324.0,BID
1226,1712611500.1966264,440372.58423223,6311.0,0.0,6324.0,BID
1227,1712611506.3662748,440386.74320299,6311.0,5.043222401827675e-09,6324.0,BID
1228,1712611512.0867004,440387.69392395,6299.0,-3.3863317643902686e-10,6324.0,ASK
1229,1712611513.3860593,440395.61408868,6299.0,-2.821049133407741e-09,6324.0,ASK
1230,1712611515.7959273,440396.56480964,6311.0,3.386331764182942e-10,6324.0,BID
1231,1712611520.3309984,440409.79079789,6299.0,-4.710907406990185e-09,6324.0,ASK
1232,1712611520.344623,440512.47905105,6299.0,-3.6576083637644986e-08,6324.0,ASK
1233,1712611530.19584,440512.47905105,6299.0,-0.0,6324.0,ASK
1234,1712611536.6869738,440528.35458685,6299.0,-5.6528636315743084e-09,6324.0,ASK
1235,1712611541.226369,440628.27823235,6299.0,-3.558020017071081e-08,6324.0,ASK
1236,1712611541.2291105,441205.7010551,6298.0,-2.0560518497670842e-07,6324.0,ASK
1237,1712611541.2318552,441317.45966279,6299.0,-3.979432107897187e-08,6324.0,ASK
1238,1712611541.2345366,441334.07062907,6299.0,-5.9147312161527445e-09,6324.0,ASK
1239,1712611541.2372186,441388.35672629,6298.0,-1.9329861274673016e-08,6324.0,ASK
1240,1712611546.6758847,441389.30744725,6297.0,-3.3852690114957965e-10,6324.0,ASK
1241,1712611546.7558432,441764.82804325,6298.0,1.3371307568938197e-07,6324.0,BID
1242,1712611546.79592,441997.6001334,6298.0,8.288406132748902e-08,6324.0,BID
1243,1712611548.7256591,441998.55100503,6310.0,3.3858055080338103e-10,6324.0,BID
1244,1712611550.9764524,441998.60028407,6297.0,-1.7546978988211718e-11,6324.0,ASK
1245,1712611550.9801793,442028.45333386,6297.0,-1.0629891272658746e-08,6324.0,ASK
1246,1712611560.1351645,442028.45333386,6297.0,-0.0,6324.0,ASK
1247,1712611577.8711443,442029.40420549,6297.0,-3.3743336742053596e-10,6324.0,ASK
1248,1712611580.8814535,442030.35522783,6309.0,3.3748684946784046e-10,6324.0,BID
1249,1712611590.1297858,442030.35522783,6309.0,0.0,6324.0,BID
1250,1712611610.016152,442031.30625017,6297.0,-3.3748541379731427e-10,6324.0,ASK
1251,1712611612.486094,442031.56358555,6309.0,9.131955534190192e-11,6324.0,BID
1252,1712611612.4890745,442032.25716258,6310.0,2.4612684804566926e-10,6324.0,BID
1253,1712611620.19581,442032.25716258,6310.0,0.0,6324.0,BID
1254,1712611641.4458582,442033.20807499,6297.0,-3.3744496780221915e-10,6324.0,ASK
1255,1712611645.82861,442034.15894662,6310.0,3.374304964124252e-10,6324.0,BID
1256,1712611650.1959243,442034.15894662,6310.0,0.0,6324.0,BID
1257,1712611678.13663,442035.10981825,6297.0,-3.3742906096308467e-10,6324.0,ASK
1258,1712611680.140098,442035.10981825,6297.0,-0.0,6324.0,ASK
1259,1712611710.1364985,442035.10981825,6297.0,-0.0,6324.0,ASK
1260,1712611710.8462372,442036.06068988,6310.0,3.3742834399844456e-10,6324.0,BID
1261,1712611720.896085,442100.37787463,6310.0,2.2823733989272908e-08,6324.0,BID
1262,1712611720.8989866,442179.61717732,6310.0,2.8119028734273973e-08,6324.0,BID
1263,1712611738.956185,442180.56804895,6310.0,-3.3742834399844456e-10,6324.0,ASK
1264,1712611740.2068002,442180.56804895,6310.0,-0.0,6324.0,ASK
1265,1712611770.20618,442180.56804895,6310.0,-0.0,6324.0,ASK
1266,1712611776.2043784,442181.51892058,6310.0,3.373184769490661e-10,6324.0,BID
1267,1712611800.3062713,442181.51892058,6310.0,0.0,6324.0,BID
1268,1712611804.739467,442182.46979221,6299.0,-3.3731912991254755e-10,6324.0,ASK
1269,1712611808.3284326,442183.42066384,6310.0,3.3731912993319656e-10,6324.0,BID
1270,1712611830.196334,442183.42066384,6310.0,0.0,6324.0,BID
1271,1712611838.7367368,442184.37153547,6299.0,-3.3731769521372987e-10,6324.0,ASK
1272,1712611840.7358494,442185.3224071,6310.0,3.3731769521372987e-10,6324.0,BID
1273,1712611860.1636922,442185.3224071,6310.0,0.0,6324.0,BID
1274,1712611866.6964917,442213.42177379,6310.0,9.96808927314915e-09,6324.0,BID
1275,1712611867.2960763,442214.37264542,6299.0,-3.3731626054776517e-10,6324.0,ASK
1276,1712611873.2559612,442215.32351705,6310.0,3.3731626052711636e-10,6324.0,BID
1277,1712611890.1439962,442215.32351705,6310.0,0.0,6324.0,BID
1278,1712611902.0760248,442216.27438868,6299.0,-3.372936106324325e-10,6324.0,ASK
1279,1712611905.2459726,442217.22526031,6310.0,3.372936106324325e-10,6324.0,BID
1280,1712611920.226061,442217.22526031,6310.0,0.0,6324.0,BID
1281,1712611934.626084,442218.17613194,6299.0,-3.3729217615068547e-10,6324.0,ASK
1282,1712611939.1667104,442219.12700357,6310.0,3.3729217617133283e-10,6324.0,BID
1283,1712611950.195919,442219.12700357,6310.0,0.0,6324.0,BID
1284,1712611953.3559437,442695.39307754,6299.0,-1.6893987817117634e-07,6324.0,ASK
1285,1712611953.3577046,442758.50209606,6299.0,-2.238586891442441e-08,6324.0,ASK
1286,1712611969.9262786,442759.45296769,6298.0,-3.3729074168113967e-10,6324.0,ASK
1287,1712611971.9362516,442760.40549983,6299.0,3.3787975353097885e-10,6324.0,BID
1288,1712611980.1314847,442760.40549983,6299.0,0.0,6324.0,BID
1289,1712612000.1961048,442761.35803197,6298.0,-3.3747161080774136e-10,6324.0,ASK
1290,1712612005.0100825,442762.31056411,6299.0,3.3747161082836365e-10,6324.0,BID
1291,1712612010.1427393,442762.31056411,6299.0,0.0,6324.0,BID
1292,1712612036.8064706,442763.26309625,6298.0,-3.3747017619881356e-10,6324.0,ASK
1293,1712612040.1961231,442763.26309625,6298.0,-0.0,6324.0,ASK
1294,1712612060.505964,442776.33081864,6298.0,-4.629720110586089e-09,6324.0,ASK
1295,1712612062.5768375,442873.96585864,6298.0,3.4590795143588105e-08,6324.0,BID
1296,1712612062.580287,442873.96585885,6298.0,7.440489584682795e-17,6324.0,BID
1297,1712612062.6762335,443332.68570185,6299.0,1.625183347855197e-07,6324.0,BID
1298,1712612062.6788414,443332.68570208,6299.0,8.149893247967405e-17,6324.0,BID
1299,1712612069.3369634,443333.63657371,6310.0,3.3688116234535816e-10,6324.0,BID
1300,1712612070.1959047,443333.63657371,6310.0,0.0,6324.0,BID
1301,1712612100.1345932,443333.63657371,6310.0,0.0,6324.0,BID
1302,1712612101.876011,443334.58744534,6297.0,-3.3646299552035683e-10,6324.0,ASK
1303,1712612130.145847,443334.58744534,6297.0,-0.0,6324.0,ASK
1304,1712612130.8262856,443346.66434538,6297.0,-4.273364802031557e-09,6324.0,ASK
1305,1712612130.8302536,443348.30723854,6297.0,-5.813314493108491e-10,6324.0,ASK
1306,1712612134.8629894,443349.25811017,6310.0,3.3646228267579736e-10,6324.0,BID
1307,1712612160.1889076,443349.25811017,6310.0,0.0,6324.0,BID
1308,1712612162.1590986,443350.2089818,6297.0,-3.36451283019996e-10,6324.0,ASK
1309,1712612190.1969547,443350.2089818,6297.0,-0.0,6324.0,ASK
1310,1712612204.3459134,443351.15985343,6310.0,3.3645057020446976e-10,6324.0,BID
1311,1712612220.119895,443351.15985343,6310.0,0.0,6324.0,BID
1312,1712612234.3978932,443352.11072506,6297.0,-3.364498559203834e-10,6324.0,ASK
1313,1712612236.5357542,443353.06159669,6310.0,3.364498559203834e-10,6324.0,BID
1314,1712612250.1323571,443353.06159669,6310.0,0.0,6324.0,BID
1315,1712612265.1756968,443354.01246832,6297.0,-3.3644842885347276e-10,6324.0,ASK
1316,1712612269.165765,443354.96333995,6310.0,3.36448428832877e-10,6324.0,BID
1317,1712612280.2025597,443354.96333995,6310.0,0.0,6324.0,BID
1318,1712612299.9768314,443355.91421158,6297.0,-3.3644700175747703e-10,6324.0,ASK
1319,1712612303.966079,443356.86508321,6310.0,3.3644700175747703e-10,6324.0,BID
1320,1712612310.2155778,443356.86508321,6310.0,0.0,6324.0,BID
1321,1712612327.1064012,443383.20040999,6310.0,9.31819172409888e-09,6324.0,BID
1322,1712612332.525776,443384.15128162,6298.0,-3.3644557471477856e-10,6324.0,ASK
1323,1712612340.1308706,443384.15128162,6298.0,-0.0,6324.0,ASK
1324,1712612346.4562192,443384.78821564,6298.0,-2.2535174293084683e-10,6324.0,ASK
1325,1712612346.4599037,443416.36533898,6297.0,-1.1172208671934191e-08,6324.0,ASK
1326,1712612368.3257215,443417.31621061,6310.0,3.3642508078038747e-10,6324.0,BID
1327,1712612370.126682,443417.31621061,6310.0,0.0,6324.0,BID
1328,1712612397.4460924,443418.26708224,6297.0,-3.364002230092379e-10,6324.0,ASK
1329,1712612400.190972,443418.26708224,6297.0,-0.0,6324.0,ASK
1330,1712612400.4270213,443419.21795387,6310.0,3.366230954595903e-10,6324.0,BID
1331,1712612430.138104,443419.21795387,6310.0,0.0,6324.0,BID
1332,1712612431.4863534,443420.1688255,6297.0,-3.36622380442775e-10,6324.0,ASK
1333,1712612436.7657342,443421.11969713,6310.0,3.36622380442775e-10,6324.0,BID
1334,1712612460.1975477,443421.11969713,6310.0,0.0,6324.0,BID
1335,1712612467.0957365,443422.07056876,6297.0,-3.3662095189133473e-10,6324.0,ASK
1336,1712612470.2658494,443423.02144039,6310.0,3.3662095189133473e-10,6324.0,BID
1337,1712612487.335708,443438.86930092,6310.0,5.610349208876697e-09,6324.0,BID
1338,1712612490.1862028,443438.86930092,6310.0,0.0,6324.0,BID
1339,1712612500.7360122,443439.82017255,6298.0,-3.36607607054529e-10,6324.0,ASK
1340,1712612505.6357286,443440.77104418,6310.0,3.36607607054529e-10,6324.0,BID
1341,1712612520.150689,443440.77104418,6310.0,0.0,6324.0,BID
1342,1712612537.365741,443441.72191581,6298.0,-3.366061785357774e-10,6324.0,ASK
1343,1712612538.1456428,443442.67278744,6310.0,3.36606178515172e-10,6324.0,BID
1344,1712612550.1316323,443442.67278744,6310.0,0.0,6324.0,BID
1345,1712612563.8322024,443443.62365907,6298.0,-3.366047499879402e-10,6324.0,ASK
1346,1712612571.1083546,443444.5745307,6310.0,3.366047499879402e-10,6324.0,BID
1347,1712612580.1963408,443444.5745307,6310.0,0.0,6324.0,BID
1348,1712612598.9756784,443445.52540233,6298.0,-3.3660332147283324e-10,6324.0,ASK
1349,1712612610.195576,443445.52540233,6298.0,-0.0,6324.0,ASK
1350,1712612635.1857145,443446.47627396,6310.0,3.3660260792023985e-10,6324.0,BID
1351,1712612640.1345525,443446.47627396,6310.0,0.0,6324.0,BID
1352,1712612663.3257618,443447.42714559,6298.0,-3.3660189296985147e-10,6324.0,ASK
1353,1712612669.2055433,443448.37801722,6310.0,3.3660189296985147e-10,6324.0,BID
1354,1712612670.1314938,443448.37801722,6310.0,0.0,6324.0,BID
1355,1712612697.7454016,443449.32888885,6298.0,-3.366004644789941e-10,6324.0,ASK
1356,1712612700.153448,443449.32888885,6298.0,-0.0,6324.0,ASK
1357,1712612702.4553723,443450.27976048,6310.0,3.3662743460054797e-10,6324.0,BID
1358,1712612705.285519,443451.89040644,6298.0,-5.702006458847207e-10,6324.0,ASK
1359,1712612730.1474595,443451.89040644,6298.0,-0.0,6324.0,ASK
1360,1712612733.8255887,443452.84127807,6298.0,-3.3662551070402827e-10,6324.0,ASK
1361,1712612737.1358185,443453.7921497,6310.0,3.3662551070402827e-10,6324.0,BID
1362,1712612754.915855,443468.80549388,6298.0,-5.314991522070245e-09,6324.0,ASK
1363,1712612760.2284944,443468.80549388,6298.0,-0.0,6324.0,ASK
1364,1712612766.1562507,443469.75636551,6298.0,-3.3661281434491123e-10,6324.0,ASK
1365,1712612790.2059548,443469.75636551,6298.0,-0.0,6324.0,ASK
1366,1712612791.7458804,443481.36944542,6298.0,-4.111073567845392e-09,6324.0,ASK
1367,1712612791.7555542,443629.50077445,6298.0,-5.243904253351455e-08,6324.0,ASK
1368,1712612801.2887633,443630.45179679,6309.0,3.3666545263138507e-10,6324.0,BID
1369,1712612820.1538324,443630.45179679,6309.0,0.0,6324.0,BID
1370,1712612827.1462686,443631.40281913,6298.0,-3.3654487645927886e-10,6324.0,ASK
1371,1712612832.3657436,443632.35384147,6309.0,3.3654487645927886e-10,6324.0,BID
1372,1712612850.1573317,443632.35384147,6309.0,0.0,6324.0,BID
1373,1712612862.612942,443633.30486381,6298.0,-3.3654344858617925e-10,6324.0,ASK
1374,1712612865.7560885,443634.2564895,6305.0,3.367569593105355e-10,6324.0,BID
1375,1712612880.1986003,443634.2564895,6305.0,0.0,6324.0,BID
1376,1712612894.216132,443648.40238919,6305.0,5.0058652314500665e-09,6324.0,BID
1377,1712612894.219107,443657.4507635,6305.0,3.2019838506084394e-09,6324.0,BID
1378,1712612897.4857104,443658.40238919,6298.0,-3.3675553052307017e-10,6324.0,ASK
1379,1712612899.0253606,443659.35401457,6305.0,3.3675542083779257e-10,6324.0,BID
1380,1712612899.0278316,443659.35401488,6305.0,1.0970587576685016e-16,6324.0,BID
1381,1712612899.9158192,443706.96585388,6305.0,1.6848588967725522e-08,6324.0,BID
1382,1712612910.209299,443706.96585388,6305.0,0.0,6324.0,BID
1383,1712612926.3919392,443707.91747957,6298.0,-3.36700909248142e-10,6324.0,ASK
1384,1712612932.1863558,443708.86850145,6309.0,3.3648727125851594e-10,6324.0,BID
1385,1712612932.1899848,443708.86850191,6305.0,1.627609667761818e-16,6324.0,BID
1386,1712612940.1608226,443708.86850191,6305.0,0.0,6324.0,BID
1387,1712612961.425852,443709.81952425,6298.0,-3.364860061607841e-10,6324.0,ASK
1388,1712612963.8202095,443710.77054659,6309.0,3.364860061607841e-10,6324.0,BID
1389,1712612970.1608722,443710.77054659,6309.0,0.0,6324.0,BID
1390,1712612989.3401244,443711.72156893,6298.0,-3.364845787871866e-10,6324.0,ASK
1391,1712612995.516494,443712.67259127,6309.0,3.3648457876659196e-10,6324.0,BID
1392,1712612995.6559355,443714.25762851,6309.0,5.60807633646039e-10,6324.0,BID
1393,1712613000.1564572,443714.25762851,6309.0,0.0,6324.0,BID
1394,1712613026.8260322,443715.20865085,6298.0,-3.364890435988403e-10,6324.0,ASK
1395,1712613028.2170303,443716.15967319,6309.0,3.364890435988403e-10,6324.0,BID
1396,1712613030.1571856,443716.15967319,6309.0,0.0,6324.0,BID
1397,1712613057.4161377,443717.11069553,6298.0,-3.3648761619947286e-10,6324.0,ASK
1398,1712613060.192691,443717.11069553,6298.0,-0.0,6324.0,ASK
1399,1712613062.3163917,443718.06171787,6309.0,3.3648690309616716e-10,6324.0,BID
1400,1712613090.2015555,443718.06171787,6309.0,0.0,6324.0,BID
1401,1712613093.67605,443719.01274021,6298.0,-3.36486188771026e-10,6324.0,ASK
1402,1712613094.5462368,443719.96376255,6309.0,3.36486188771026e-10,6324.0,BID
1403,1712613120.1282864,443719.96376255,6309.0,0.0,6324.0,BID
1404,1712613120.7362962,443720.91478489,6300.0,-3.3648476139587924e-10,6324.0,ASK
1405,1712613126.4832745,443721.86580723,6309.0,3.3648476137528467e-10,6324.0,BID
1406,1712613126.4866822,443736.92395336,6309.0,5.3277788483803634e-09,6324.0,BID
1407,1712613150.1397746,443736.92395336,6309.0,0.0,6324.0,BID
1408,1712613157.0822673,443737.8749757,6303.0,-3.3647202399360404e-10,6324.0,ASK
1409,1712613158.906289,443738.82599804,6309.0,3.3647202399360404e-10,6324.0,BID
1410,1712613177.437219,443739.87062649,6300.0,-3.6958989722648045e-10,6324.0,ASK
1411,1712613177.439627,443743.04623779,6298.0,-1.123532346842771e-09,6324.0,ASK
1412,1712613177.4418778,443903.9636704,6303.0,-5.693264182100032e-08,6324.0,ASK
1413,1712613177.4441469,444185.26287053,6298.0,-9.952375168921188e-08,6324.0,ASK
1414,1712613177.4468153,444187.05828468,6302.0,-6.352181305908321e-10,6324.0,ASK
1415,1712613177.4496446,444375.59193502,6299.0,-6.67032689493014e-08,6324.0,ASK
1416,1712613177.45273,444454.98221764,6298.0,-2.8088308713122013e-08,6324.0,ASK
1417,1712613177.5461516,444628.22490264,6298.0,6.129332026519081e-08,6324.0,BID
1418,1712613177.566169,444628.22490348,6298.0,2.9719042692836523e-16,6324.0,BID
1419,1712613180.1961565,444628.22490348,6298.0,0.0,6324.0,BID
1420,1712613186.5163,444629.17592582,6297.0,-3.3580498516413755e-10,6324.0,ASK
1421,1712613190.7163565,444630.12709893,6308.0,3.3585822187408816e-10,6324.0,BID
1422,1712613210.199737,444630.12709893,6308.0,0.0,6324.0,BID
1423,1712613219.3665016,444631.07827204,6297.0,-3.3585680013930366e-10,6324.0,ASK
1424,1712613222.6663532,444632.02944515,6308.0,3.3585680013930366e-10,6324.0,BID
1425,1712613226.7562706,444683.9998138,6308.0,1.835060467278336e-08,6324.0,BID
1426,1712613240.133899,444683.9998138,6308.0,0.0,6324.0,BID
1427,1712613250.4254854,444684.95098691,6300.0,-3.3581650582261755e-10,6324.0,ASK
1428,1712613253.386191,444685.90216002,6308.0,3.3581650584316823e-10,6324.0,BID
1429,1712613270.1530676,444685.90216002,6308.0,0.0,6324.0,BID
1430,1712613281.7463164,444686.56727262,6300.0,-2.3482039312639747e-10,6324.0,ASK
1431,1712613281.751565,444686.85333313,6297.0,-1.0099469086371604e-10,6324.0,ASK
1432,1712613284.956229,444687.80450624,6308.0,3.3581508399011355e-10,6324.0,BID
1433,1712613300.208336,444687.80450624,6308.0,0.0,6324.0,BID
1434,1712613315.7264235,444688.75567935,6297.0,-3.3584300934574467e-10,6324.0,ASK
1435,1712613318.4166524,444689.70685246,6308.0,3.3584300934574467e-10,6324.0,BID
1436,1712613330.197065,444689.70685246,6308.0,0.0,6324.0,BID
1437,1712613344.8485374,444690.65802557,6297.0,-3.3584158762717136e-10,6324.0,ASK
1438,1712613349.0764728,444691.60919868,6308.0,3.3584158762717136e-10,6324.0,BID
1439,1712613360.14252,444691.60919868,6308.0,0.0,6324.0,BID
1440,1712613376.156641,444692.56037179,6297.0,-3.3584016594118684e-10,6324.0,ASK
1441,1712613382.306739,444693.5115449,6308.0,3.35840165920635e-10,6324.0,BID
1442,1712613389.386594,444713.40061682,6308.0,7.022432765873052e-09,6324.0,BID
1443,1712613389.3904624,445026.4588072,6308.0,1.105345740912718e-07,6324.0,BID
1444,1712613390.1271086,445026.4588072,6308.0,0.0,6324.0,BID
1445,1712613392.8169515,445264.24606981,6309.0,8.38953500292628e-08,6324.0,BID
1446,1712613392.822717,445312.33182556,6309.0,1.6965464280085363e-08,6324.0,BID
1447,1712613392.8769813,445314.23356884,6310.0,6.709670500868005e-10,6324.0,BID
1448,1712613392.8803232,445525.14917796,6310.0,7.44145782222953e-08,6324.0,BID
1449,1712613392.8837335,445614.11500888,6310.0,3.1388643124747134e-08,6324.0,BID
1450,1712613412.8468025,445615.06618199,6309.0,-3.3558988875264023e-10,6324.0,ASK
1451,1712613414.6565409,445616.01690295,6311.0,3.3543036259590804e-10,6324.0,BID
1452,1712613420.2009234,445616.01690295,6311.0,0.0,6324.0,BID
1453,1712613442.8364031,445616.96762391,6310.0,-3.349907150384476e-10,6324.0,ASK
1454,1712613445.9868848,445617.91834487,6311.0,3.349907150384476e-10,6324.0,BID
1455,1712613450.1965463,445617.91834487,6311.0,0.0,6324.0,BID
1456,1712613476.4066482,445618.86906583,6310.0,-3.3498929875173336e-10,6324.0,ASK
1457,1712613478.9567366,445619.81978679,6311.0,3.349892987312238e-10,6324.0,BID
1458,1712613480.1808102,445619.81978679,6311.0,0.0,6324.0,BID
1459,1712613507.0765164,445620.77050775,6309.0,-3.34987882435976e-10,6324.0,ASK
1460,1712613510.141091,445620.77050775,6309.0,-0.0,6324.0,ASK
1461,1712613512.1162753,445621.72122871,6311.0,3.349871744816771e-10,6324.0,BID
1462,1712613540.227734,445621.72122871,6311.0,0.0,6324.0,BID
1463,1712613541.1967626,445622.67194967,6309.0,-3.3498646626491965e-10,6324.0,ASK
1464,1712613543.046958,445623.62267063,6311.0,3.3498646626491965e-10,6324.0,BID
1465,1712613547.3671129,445634.31047326,6311.0,3.765846537376421e-09,6324.0,BID
1466,1712613547.371701,445702.84941757,6311.0,2.4149692414831407e-08,6324.0,BID
1467,1712613547.4465125,445735.8955105,6311.0,1.1643788619831212e-08,6324.0,BID
1468,1712613570.1967187,445735.8955105,6311.0,0.0,6324.0,BID
1469,1712613570.529781,445736.84623146,6309.0,-3.34901439328892e-10,6324.0,ASK
1470,1712613600.3022609,445736.84623146,6309.0,-0.0,6324.0,ASK
1471,1712613608.6565342,445737.79665122,6313.0,3.359946588941961e-10,6324.0,BID
1472,1712613630.2065551,445737.79665122,6313.0,0.0,6324.0,BID
1473,1712613636.638663,445738.74707098,6309.0,-3.359939462059184e-10,6324.0,ASK
1474,1712613641.949931,445739.69749074,6313.0,3.359939461853405e-10,6324.0,BID
1475,1712613660.1472263,445739.69749074,6313.0,0.0,6324.0,BID
1476,1712613670.8565469,445740.6479105,6309.0,-3.35992521289997e-10,6324.0,ASK
1477,1712613673.5566795,445741.59833026,6313.0,3.35992521289997e-10,6324.0,BID
1478,1712613678.1172504,445800.99956581,6313.0,2.0999532774661108e-08,6324.0,BID
1479,1712613678.1228597,445814.61541425,6313.0,4.81347657035624e-09,6324.0,BID
1480,1712613690.1488512,445814.61541425,6313.0,0.0,6324.0,BID
1481,1712613701.2465029,445815.56583401,6309.0,-3.359363532606305e-10,6324.0,ASK
1482,1712613706.4589918,445816.51625377,6313.0,3.3593635324005633e-10,6324.0,BID
1483,1712613719.8175266,445832.35658324,6313.0,5.598939269208861e-09,6324.0,BID
1484,1712613720.2031865,445832.35658324,6313.0,0.0,6324.0,BID
1485,1712613734.0865555,445833.307003,6309.0,-3.3592305531238675e-10,6324.0,ASK
1486,1712613738.8092797,445834.25742276,6313.0,3.3592305531238675e-10,6324.0,BID
1487,1712613750.203091,445834.25742276,6313.0,0.0,6324.0,BID
1488,1712613766.4271977,445835.20784252,6309.0,-3.3592163097710967e-10,6324.0,ASK
1489,1712613779.9970963,446037.37396854,6309.0,-7.14547167914873e-08,6324.0,ASK
1490,1712613780.137271,446037.37396854,6309.0,-0.0,6324.0,ASK
1491,1712613800.6489365,446038.96202634,6297.0,-5.610378469233798e-10,6324.0,ASK
1492,1712613800.6531904,446053.29708034,6296.0,-5.064367198450051e-09,6324.0,ASK
1493,1712613800.6577835,446272.23970389,6308.0,-7.73492615411063e-08,6324.0,ASK
1494,1712613800.6616254,446615.77806812,6296.0,-1.2136713424447109e-07,6324.0,ASK
1495,1712613800.6644816,446617.23265542,6300.0,-5.138846501384228e-10,6324.0,ASK
1496,1712613800.6673374,446664.75364385,6296.0,-1.6788477744356594e-08,6324.0,ASK
1497,1712613800.6701877,446707.41461226,6297.0,-1.5071502979364697e-08,6324.0,ASK
1498,1712613800.6731472,446708.41461226,6296.0,-3.532855333828456e-10,6324.0,ASK
1499,1712613800.6760235,446711.59072787,6297.0,-1.1220756973631908e-09,6324.0,ASK
1500,1712613800.6790023,446712.59072787,6295.0,-3.532855333828456e-10,6324.0,ASK
1501,1712613800.682263,446722.99838698,6293.0,-3.6768753999336014e-09,6324.0,ASK
1502,1712613800.6851869,446798.26334329,6295.0,-2.6590020235029823e-08,6324.0,ASK
1503,1712613800.6881063,447246.09642778,6296.0,-1.58212950120526e-07,6324.0,ASK
1504,1712613800.6910183,447248.09642778,6295.0,-7.06571066765691e-10,6324.0,ASK
1505,1712613800.6939046,447324.20625454,6293.0,-2.6888500742588692e-08,6324.0,ASK
1506,1712613800.6968057,447325.20625454,6294.0,-3.532855333828456e-10,6324.0,ASK
1507,1712613800.7866778,447371.51622948,6314.0,1.6360644197613454e-08,6324.0,BID
1508,1712613806.6079314,447372.46634824,6315.0,3.3566321290232576e-10,6324.0,BID
1509,1712613810.1375082,447372.46634824,6315.0,0.0,6324.0,BID
1510,1712613832.8065798,447373.416467,6314.0,-3.346689934070004e-10,6324.0,ASK
1511,1712613839.467394,447374.36658576,6315.0,3.346689934275032e-10,6324.0,BID
1512,1712613840.1964643,447374.36658576,6315.0,0.0,6324.0,BID
1513,1712613852.4066775,447379.11793198,6314.0,-1.673602925247303e-09,6324.0,ASK
1514,1712613870.2071388,447379.11793198,6314.0,-0.0,6324.0,ASK
1515,1712613874.3863482,447380.06805074,6314.0,-3.3466404248479407e-10,6324.0,ASK
1516,1712613900.144348,447380.06805074,6314.0,-0.0,6324.0,ASK
1517,1712613908.3966246,447381.0181695,6315.0,3.34914077736698e-10,6324.0,BID
1518,1712613930.1351166,447381.0181695,6315.0,0.0,6324.0,BID
1519,1712613942.5765462,447381.96828826,6314.0,-3.3491336940081565e-10,6324.0,ASK
1520,1712613960.196341,447381.96828826,6314.0,-0.0,6324.0,ASK
1521,1712613964.832044,447426.16323986,6314.0,-1.5578524995270844e-08,6324.0,ASK
1522,1712613964.834743,447512.00422814,6314.0,-3.025856875334595e-08,6324.0,ASK
1523,1712613971.9568453,447515.10068276,6301.0,-1.091486560075643e-09,6324.0,ASK
1524,1712613974.5467548,447516.050952,6314.0,3.34965704720479e-10,6324.0,BID
1525,1712613990.20927,447516.050952,6314.0,0.0,6324.0,BID
1526,1712614000.0565658,447520.58379885,6314.0,1.5973318126378563e-09,6324.0,BID
