,time,acc_trade_volume,trade_price,dev,high,ask_bid
0,1712601588.423412,611168.63263194,12780.0,0.0,12920.0,ASK
1,1712601600.3998098,611168.63263194,12780.0,-0.0,12920.0,ASK
2,1712601611.2865832,611169.10138194,12800.0,5.226902676756031e-11,12920.0,BID
3,1712601627.586389,611170.71106944,12800.0,1.794918379255138e-10,12920.0,BID
4,1712601630.406291,611170.71106944,12800.0,0.0,12920.0,BID
5,1712601658.307863,611248.23044928,12790.0,8.643947775762664e-09,12920.0,BID
6,1712601660.626578,611248.23044928,12790.0,0.0,12920.0,BID
7,1712601690.626312,611248.23044928,12790.0,0.0,12920.0,BID
8,1712601711.7357855,611248.69919928,12790.0,-5.2263093706511606e-11,12920.0,ASK
9,1712601720.4067154,611248.69919928,12790.0,-0.0,12920.0,ASK
10,1712601742.2058852,611249.16794928,12800.0,5.2263058771532926e-11,12920.0,BID
11,1712601750.3857586,611249.16794928,12800.0,0.0,12920.0,BID
12,1712601768.865785,611249.94919928,12800.0,8.710503968214453e-11,12920.0,BID
13,1712601772.2762668,611251.51169928,12800.0,1.7421007936428906e-10,12920.0,BID
14,1712601778.0956907,611282.20760132,12800.0,3.4224227395494683e-09,12920.0,BID
15,1712601778.2157538,611282.67635132,12790.0,-5.2263023809286714e-11,12920.0,ASK
16,1712601779.0863614,611284.23885132,12800.0,1.7421007936428906e-10,12920.0,BID
17,1712601780.6157107,611284.23885132,12800.0,0.0,12920.0,BID
18,1712601782.4417076,611285.02010132,12800.0,8.710068027762056e-11,12920.0,BID
19,1712601790.4758437,611285.80135132,12800.0,8.710068027762056e-11,12920.0,BID
20,1712601793.525691,611286.06804818,12800.0,2.9733731751611795e-11,12920.0,BID
21,1712601793.5354176,611286.58260132,12800.0,5.7366948526008766e-11,12920.0,BID
22,1712601796.5658925,611287.36385132,12800.0,8.710068027762056e-11,12920.0,BID
23,1712601800.0754664,611288.14510132,12800.0,8.710068027762056e-11,12920.0,BID
24,1712601803.3857305,611288.92635132,12800.0,8.710068027762056e-11,12920.0,BID
25,1712601808.265725,611289.70760132,12800.0,8.710068027762056e-11,12920.0,BID
26,1712601809.4055803,611290.17635132,12800.0,5.2260408166572325e-11,12920.0,BID
27,1712601810.6500566,611290.17635132,12800.0,0.0,12920.0,BID
28,1712601811.2956011,611290.95760132,12800.0,8.70999422663809e-11,12920.0,BID
29,1712601814.5661192,611291.73885132,12800.0,8.70999422663809e-11,12920.0,BID
30,1712601818.0154965,611292.52010132,12800.0,8.70999422663809e-11,12920.0,BID
31,1712601821.3252783,611293.30135132,12800.0,8.70999422663809e-11,12920.0,BID
32,1712601824.7156477,611294.08260132,12800.0,8.70999422663809e-11,12920.0,BID
33,1712601827.569306,611294.86385132,12800.0,8.70999422663809e-11,12920.0,BID
34,1712601832.30011,611295.64510132,12800.0,8.70999422663809e-11,12920.0,BID
35,1712601835.555591,611296.42635132,12800.0,8.70999422663809e-11,12920.0,BID
36,1712601840.2361944,611297.20760132,12800.0,8.70999422663809e-11,12920.0,BID
37,1712601840.3856254,611297.20760132,12800.0,0.0,12920.0,BID
38,1712601847.6454473,611297.67635132,12790.0,-5.225944099312594e-11,12920.0,ASK
39,1712601864.515839,611348.34155172,12800.0,5.648501441517446e-09,12920.0,BID
40,1712601869.8154964,611349.12280172,12800.0,8.709906832187656e-11,12920.0,BID
41,1712601870.4158523,611349.12280172,12800.0,0.0,12920.0,BID
42,1712601874.0901363,611349.90405172,12800.0,8.709261614511867e-11,12920.0,BID
43,1712601877.647757,611350.68530172,12800.0,8.709261614511867e-11,12920.0,BID
44,1712601882.355396,611351.15405172,12800.0,5.2255569687071206e-11,12920.0,BID
45,1712601900.1030667,611360.68790869,12790.0,-1.0628205381922975e-09,12920.0,ASK
46,1712601900.395552,611360.68790869,12790.0,-0.0,12920.0,ASK
47,1712601930.405413,611360.68790869,12790.0,-0.0,12920.0,ASK
48,1712601933.440243,611364.33361181,12800.0,4.0641327825815587e-10,12920.0,BID
49,1712601950.0752926,611364.80236181,12790.0,-5.225500209720408e-11,12920.0,ASK
50,1712601960.6158814,611364.80236181,12790.0,-0.0,12920.0,ASK
51,1712601980.725075,611365.27111181,12800.0,5.225469533959774e-11,12920.0,BID
52,1712601990.6348302,611365.27111181,12800.0,0.0,12920.0,BID
53,1712602010.7448175,611365.73986181,12790.0,-5.2254660388540346e-11,12920.0,ASK
54,1712602014.3592966,611384.34558718,12790.0,-2.074103169048977e-09,12920.0,ASK
55,1712602014.3610406,611815.73986181,12790.0,-4.809037080394976e-08,12920.0,ASK
56,1712602015.0172043,611829.48986181,12790.0,-1.5328033713971832e-09,12920.0,ASK
57,1712602015.15548,611934.34558718,12790.0,-1.16889606805404e-08,12920.0,ASK
58,1712602015.165265,611937.127448,12790.0,-3.1011241044952325e-10,12920.0,ASK
59,1712602020.590843,611937.127448,12790.0,-0.0,12920.0,ASK
60,1712602025.09482,611954.509448,12780.0,-1.9361078194916202e-09,12920.0,ASK
61,1712602038.1347337,611995.93572877,12780.0,-4.6142990525429155e-09,12920.0,ASK
62,1712602045.0651865,611996.40484526,12790.0,5.2252911317072127e-11,12920.0,BID
63,1712602050.3648074,611996.40484526,12790.0,0.0,12920.0,BID
64,1712602056.2548494,612010.25158617,12780.0,-1.542200054587374e-09,12920.0,ASK
65,1712602056.2647865,612052.31427474,12780.0,-4.684790524354081e-09,12920.0,ASK
66,1712602056.26629,612130.00160973,12780.0,-8.652535137340889e-09,12920.0,ASK
67,1712602056.3572166,612135.2266378,12780.0,-5.81944778714392e-10,12920.0,ASK
68,1712602056.364997,612147.00074046,12780.0,-1.311357082717103e-09,12920.0,ASK
69,1712602056.944515,612179.28097074,12780.0,-3.5952556073082512e-09,12920.0,ASK
70,1712602057.4246783,612266.77218055,12780.0,-9.744455350258816e-09,12920.0,ASK
71,1712602080.244991,612267.24129704,12780.0,-5.224850245705279e-11,12920.0,ASK
72,1712602080.614788,612267.24129704,12780.0,-0.0,12920.0,ASK
73,1712602084.6648066,612278.20379704,12780.0,-1.220493198636851e-09,12920.0,ASK
74,1712602086.1647816,612352.24179704,12780.0,-8.242907679855214e-09,12920.0,ASK
75,1712602087.8147843,612437.24179704,12780.0,-9.463345211759364e-09,12920.0,ASK
76,1712602101.6450932,612437.63381581,12780.0,-4.3644811174695824e-11,12920.0,ASK
77,1712602101.647432,612526.31189969,12780.0,-9.872839064396405e-09,12920.0,ASK
78,1712602110.6274624,612526.31189969,12780.0,-0.0,12920.0,ASK
79,1712602113.4846468,612526.78101618,12790.0,5.220912296583032e-11,12920.0,BID
80,1712602117.919789,612600.30680195,12790.0,8.182864751886149e-09,12920.0,BID
81,1712602140.3846395,612600.30680195,12790.0,0.0,12920.0,BID
82,1712602170.3946571,612600.30680195,12790.0,0.0,12920.0,BID
83,1712602181.3044753,612600.69773236,12790.0,4.350302063435988e-11,12920.0,BID
84,1712602182.9342377,612601.16684885,12770.0,-5.2203624535818646e-11,12920.0,ASK
85,1712602200.424429,612601.16684885,12770.0,-0.0,12920.0,ASK
86,1712602230.4044394,612601.16684885,12770.0,-0.0,12920.0,ASK
87,1712602243.8042996,612601.63596534,12790.0,5.220958510392322e-11,12920.0,BID
88,1712602260.4341865,612601.63596534,12790.0,0.0,12920.0,BID
89,1712602281.614236,612602.10508183,12770.0,-5.2209550253399225e-11,12920.0,ASK
90,1712602290.4140477,612602.10508183,12770.0,-0.0,12920.0,ASK
91,1712602316.6540833,612602.57419832,12790.0,5.220951543152594e-11,12920.0,BID
92,1712602320.6037304,612602.57419832,12790.0,0.0,12920.0,BID
93,1712602346.3140533,612603.04331481,12780.0,-5.220948056813874e-11,12920.0,ASK
94,1712602350.6537817,612603.04331481,12780.0,-0.0,12920.0,ASK
95,1712602357.433973,612603.08107932,12780.0,-4.202930783199994e-12,12920.0,ASK
96,1712602378.843699,612603.55056288,12780.0,5.225029810004431e-11,12920.0,BID
97,1712602380.3837864,612603.55056288,12780.0,0.0,12920.0,BID
98,1712602410.39357,612603.55056288,12780.0,0.0,12920.0,BID
99,1712602420.5636487,612604.02004644,12770.0,-5.2250260402930574e-11,12920.0,ASK
100,1712602440.6034334,612604.02004644,12770.0,-0.0,12920.0,ASK
101,1712602453.1853774,612604.48953,12780.0,5.2250225552664416e-11,12920.0,BID
102,1712602470.6263611,612604.48953,12780.0,0.0,12920.0,BID
103,1712602493.2075737,612604.95901356,12770.0,-5.225019064923156e-11,12920.0,ASK
104,1712602500.4132743,612604.95901356,12770.0,-0.0,12920.0,ASK
105,1712602522.163984,614982.06278743,12770.0,-2.652083623006931e-07,12920.0,ASK
106,1712602522.1659904,614984.15527842,12770.0,-2.334547253145387e-10,12920.0,ASK
107,1712602522.1681995,615030.23021676,12770.0,-5.1404819068382225e-09,12920.0,ASK
108,1712602527.2240672,615030.69970032,12780.0,5.2379272399167415e-11,12920.0,BID
109,1712602530.3838952,615030.69970032,12780.0,0.0,12920.0,BID
110,1712602547.9570754,615033.12497152,12770.0,-2.6965038539915947e-10,12920.0,ASK
111,1712602551.0844417,615033.28303219,12770.0,-1.7573754467466938e-11,12920.0,ASK
112,1712602551.0942252,615062.18177152,12770.0,-3.213065902816319e-09,12920.0,ASK
113,1712602555.084788,615070.01262508,12770.0,-8.706624976400634e-10,12920.0,ASK
114,1712602555.0867548,615151.62757152,12770.0,-9.074243639951253e-09,12920.0,ASK
115,1712602558.8947768,615152.09705508,12770.0,-5.219887280175687e-11,12920.0,ASK
116,1712602560.6148057,615152.09705508,12770.0,-0.0,12920.0,ASK
117,1712602572.5449553,615155.22694553,12780.0,3.4793252069238627e-10,12920.0,BID
118,1712602590.0855582,615155.69642909,12780.0,5.2189877263971205e-11,12920.0,BID
119,1712602590.615411,615155.69642909,12780.0,0.0,12920.0,BID
120,1712602620.4267566,615155.69642909,12780.0,0.0,12920.0,BID
121,1712602627.7369118,615156.16591265,12770.0,-5.2189610389045496e-11,12920.0,ASK
122,1712602650.3969877,615156.16591265,12770.0,-0.0,12920.0,ASK
123,1712602661.6973908,615156.63539621,12780.0,5.2189575619652975e-11,12920.0,BID
124,1712602671.8996077,615164.46624977,12770.0,-8.70507423045067e-10,12920.0,ASK
125,1712602671.9057877,615173.08693941,12760.0,-9.583086014605567e-10,12920.0,ASK
126,1712602671.908346,615175.48349382,12770.0,-2.6641009024656357e-10,12920.0,ASK
127,1712602671.909871,615253.85339977,12760.0,-8.711896391634146e-09,12920.0,ASK
128,1712602671.9110112,615264.80522201,12770.0,-1.2174461548479455e-09,12920.0,ASK
129,1712602671.912167,615283.92870455,12760.0,-2.125838949482321e-09,12920.0,ASK
130,1712602676.147752,615411.22201289,12760.0,-1.4150407610716602e-08,12920.0,ASK
131,1712602680.6180573,615411.22201289,12760.0,-0.0,12920.0,ASK
132,1712602696.9084015,615411.69149645,12760.0,-5.217069978171748e-11,12920.0,ASK
133,1712602710.6080525,615411.69149645,12760.0,-0.0,12920.0,ASK
134,1712602729.1485405,615412.16098001,12780.0,5.2170665064739816e-11,12920.0,BID
135,1712602740.3790903,615412.16098001,12780.0,0.0,12920.0,BID
136,1712602759.189423,615412.63046357,12770.0,-5.2170630267499955e-11,12920.0,ASK
137,1712602770.409923,615412.63046357,12770.0,-0.0,12920.0,ASK
138,1712602787.769863,615413.09994713,12780.0,5.2170595510460665e-11,12920.0,BID
139,1712602800.491857,615413.09994713,12780.0,0.0,12920.0,BID
140,1712602808.4604452,615413.88241974,12780.0,8.706270621880249e-11,12920.0,BID
141,1712602809.6804235,615523.46933207,12780.0,1.2193312624087737e-08,12920.0,BID
142,1712602825.3810077,615819.89205337,12780.0,3.2981811722279393e-08,12920.0,BID
143,1712602825.38858,615827.7173971,12780.0,8.706957834766135e-10,12920.0,BID
144,1712602828.6705823,615828.18688066,12780.0,-5.223762307067424e-11,12920.0,ASK
145,1712602830.4106562,615828.18688066,12780.0,-0.0,12920.0,ASK
146,1712602855.9110096,615828.65563066,12800.0,5.212523597053668e-11,12920.0,BID
147,1712602860.621169,615828.65563066,12800.0,0.0,12920.0,BID
148,1712602890.6318295,615828.65563066,12800.0,0.0,12920.0,BID
149,1712602901.1030698,615829.12438066,12780.0,-5.2125201192445e-11,12920.0,ASK
150,1712602920.392292,615829.12438066,12780.0,-0.0,12920.0,ASK
151,1712602934.5623984,615829.59349715,12790.0,5.2165920285228124e-11,12920.0,BID
152,1712602950.4230895,615829.59349715,12790.0,0.0,12920.0,BID
153,1712602970.265831,615830.06261364,12780.0,-5.216588548003873e-11,12920.0,ASK
154,1712602980.6229851,615830.06261364,12780.0,-0.0,12920.0,ASK
155,1712603004.903706,615830.53136364,12800.0,5.2125096939981505e-11,12920.0,BID
156,1712603010.6432042,615830.53136364,12800.0,0.0,12920.0,BID
157,1712603040.4038308,615830.53136364,12800.0,0.0,12920.0,BID
158,1712603049.2864852,615945.76114799,12800.0,1.2813567300624454e-08,12920.0,BID
159,1712603049.2934349,616328.24003584,12800.0,4.2531703050368544e-08,12920.0,BID
160,1712603049.295513,616362.09669567,12800.0,3.764865062918986e-09,12920.0,BID
161,1712603056.7937086,616521.53971129,12800.0,1.7730084481068896e-08,12920.0,BID
162,1712603061.2339869,616665.03045347,12800.0,1.5956189559062115e-08,12920.0,BID
163,1712603070.2554078,616669.81395728,12780.0,-5.319262580307473e-10,12920.0,ASK
164,1712603070.258386,616678.31302349,12780.0,-9.450972896340943e-10,12920.0,ASK
165,1712603070.4376817,616678.31302349,12780.0,-0.0,12920.0,ASK
166,1712603070.7037652,616688.39997184,12780.0,-1.1203181394301376e-09,12920.0,ASK
167,1712603074.0444846,616728.42016713,12800.0,4.444887509223707e-09,12920.0,BID
168,1712603074.0477653,616755.11817496,12800.0,2.965243939095472e-09,12920.0,BID
169,1712603077.0538952,616755.58692496,12780.0,-5.206224019776945e-11,12920.0,ASK
170,1712603100.6143942,616755.58692496,12780.0,-0.0,12920.0,ASK
171,1712603104.2545052,616756.05567496,12800.0,5.2059440557303295e-11,12920.0,BID
172,1712603130.6245592,616756.05567496,12800.0,0.0,12920.0,BID
173,1712603144.0544107,616756.52442496,12780.0,-5.205940586695391e-11,12920.0,ASK
174,1712603156.6646252,616774.10153433,12800.0,1.9521149240795797e-09,12920.0,BID
175,1712603160.409489,616774.10153433,12800.0,0.0,12920.0,BID
176,1712603171.3049138,616774.57028433,12800.0,5.205807045301576e-11,12920.0,BID
177,1712603190.3949494,616774.57028433,12800.0,0.0,12920.0,BID
178,1712603213.915376,616775.03903433,12780.0,-5.205803576449232e-11,12920.0,ASK
179,1712603214.7257783,616824.25579558,12780.0,-5.465872890371123e-09,12920.0,ASK
180,1712603220.6151874,616824.25579558,12780.0,-0.0,12920.0,ASK
181,1712603242.335683,616824.72454558,12800.0,5.2054364934546675e-11,12920.0,BID
182,1712603245.8355918,616844.76814558,12780.0,-2.225827987201706e-09,12920.0,ASK
183,1712603246.5157337,616858.59113834,12780.0,-1.535033833847667e-09,12920.0,ASK
184,1712603246.5954237,616868.97857429,12780.0,-1.153517614252902e-09,12920.0,ASK
185,1712603248.055236,616877.99357429,12780.0,-1.0011095464098251e-09,12920.0,ASK
186,1712603248.6462412,616898.43568461,12780.0,-2.2700822840194107e-09,12920.0,ASK
187,1712603248.8262992,616930.60976436,12780.0,-3.572909415974273e-09,12920.0,ASK
188,1712603248.829291,616947.89968461,12780.0,-1.9200337458779886e-09,12920.0,ASK
189,1712603248.9259355,616962.6861617,12780.0,-1.642028105693829e-09,12920.0,ASK
190,1712603248.9290378,616966.47106909,12780.0,-4.2031136110337134e-10,12920.0,ASK
191,1712603250.6455765,616966.47106909,12780.0,-0.0,12920.0,ASK
192,1712603280.403592,616966.47106909,12780.0,-0.0,12920.0,ASK
193,1712603282.6959662,616966.93981909,12770.0,-5.204386069270036e-11,12920.0,ASK
194,1712603310.375836,616966.93981909,12770.0,-0.0,12920.0,ASK
195,1712603315.6360495,616967.40893558,12790.0,5.2084516338199526e-11,12920.0,BID
196,1712603340.635985,616967.40893558,12790.0,0.0,12920.0,BID
197,1712603349.7564857,616967.87805207,12770.0,-5.208448162862583e-11,12920.0,ASK
198,1712603370.6261702,616967.87805207,12770.0,-0.0,12920.0,ASK
199,1712603378.716521,616968.34716856,12790.0,5.208444698627936e-11,12920.0,BID
200,1712603400.4270582,616968.34716856,12790.0,0.0,12920.0,BID
201,1712603401.496466,616968.75562822,12790.0,4.540091076529716e-11,12920.0,BID
202,1712603402.2965748,616969.17858357,12790.0,4.7012128696407696e-11,12920.0,BID
203,1712603403.8965166,616978.24071708,12770.0,-1.007269885136111e-09,12920.0,ASK
204,1712603403.907086,616994.25540345,12770.0,-1.780056681223758e-09,12920.0,ASK
205,1712603403.9094656,617247.42462306,12760.0,-2.81401427685948e-08,12920.0,ASK
206,1712603418.1367786,617247.89373955,12760.0,-5.2143009421184605e-11,12920.0,ASK
207,1712603424.616787,617387.0167593,12760.0,-1.5463734668033743e-08,12920.0,ASK
208,1712603430.416834,617387.0167593,12760.0,-0.0,12920.0,ASK
209,1712603447.8767743,617387.48587579,12790.0,5.2112063873553266e-11,12920.0,BID
210,1712603460.607201,617387.48587579,12790.0,0.0,12920.0,BID
211,1712603478.0771186,617387.95499228,12760.0,-5.2112029140192906e-11,12920.0,ASK
212,1712603490.626962,617387.95499228,12760.0,-0.0,12920.0,ASK
213,1712603512.1571078,617388.42410877,12790.0,5.2111994488348656e-11,12920.0,BID
214,1712603520.4095137,617388.42410877,12790.0,0.0,12920.0,BID
215,1712603537.2174568,617544.79627452,12790.0,1.7370653520705778e-08,12920.0,BID
216,1712603544.6399405,617545.26539101,12760.0,-5.211195975508079e-11,12920.0,ASK
217,1712603550.4316027,617545.26539101,12760.0,-0.0,12920.0,ASK
218,1712603571.2380269,617545.7345075,12790.0,5.2100349941969456e-11,12920.0,BID
219,1712603580.4375832,617545.7345075,12790.0,0.0,12920.0,BID
220,1712603610.4922893,617545.7345075,12790.0,0.0,12920.0,BID
221,1712603612.457566,617546.20362399,12760.0,-5.210031522422232e-11,12920.0,ASK
222,1712603617.6578274,617546.88012455,12760.0,-7.513249518768655e-11,12920.0,ASK
223,1712603617.6618438,617591.47858498,12760.0,-4.953127627201075e-09,12920.0,ASK
224,1712603640.6278322,617591.47858498,12760.0,-0.0,12920.0,ASK
225,1712603645.2198763,617591.94806854,12780.0,5.213770235340438e-11,12920.0,BID
226,1712603670.6380143,617591.94806854,12780.0,0.0,12920.0,BID
227,1712603677.4480252,617592.4175521,12760.0,-5.2137667625970535e-11,12920.0,ASK
228,1712603700.447815,617592.4175521,12760.0,-0.0,12920.0,ASK
229,1712603727.358364,617632.62773803,12760.0,-4.472226703838307e-09,12920.0,ASK
230,1712603730.38796,617632.62773803,12760.0,-0.0,12920.0,ASK
231,1712603747.248834,617633.09758924,12770.0,5.2254451828274835e-11,12920.0,BID
232,1712603760.6182992,617633.09758924,12770.0,0.0,12920.0,BID
233,1712603764.4879568,617687.75758924,12760.0,-6.079001970906645e-09,12920.0,ASK
234,1712603765.948141,617706.37758924,12760.0,-2.070819917639698e-09,12920.0,ASK
235,1712603776.988374,617716.41673512,12760.0,-1.1165017854168035e-09,12920.0,ASK
236,1712603777.468131,617716.87842012,12760.0,-5.1346213407615626e-11,12920.0,ASK
237,1712603777.4784195,617797.635934,12760.0,-8.981432236405736e-09,12920.0,ASK
238,1712603780.3782814,617798.10578521,12750.0,-5.2254416972406015e-11,12920.0,ASK
239,1712603780.398153,617799.6785302,12750.0,-1.7491254837067139e-10,12920.0,ASK
240,1712603790.6483428,617799.6785302,12750.0,-0.0,12920.0,ASK
241,1712603810.9689016,617800.14838141,12770.0,5.2242067317466364e-11,12920.0,BID
242,1712603820.3983145,617800.14838141,12770.0,0.0,12920.0,BID
243,1712603843.3219628,617801.10578521,12750.0,-1.0645225410719608e-10,12920.0,ASK
244,1712603843.3284168,617866.86658453,12750.0,-7.311842003982134e-09,12920.0,ASK
245,1712603846.9188292,617872.86772173,12760.0,6.67257203451202e-10,12920.0,BID
246,1712603848.5784822,617873.33757294,12760.0,-5.224203246517658e-11,12920.0,ASK
247,1712603850.4284744,617873.33757294,12760.0,-0.0,12920.0,ASK
248,1712603878.6885276,617873.80742415,12770.0,5.2236612182109306e-11,12920.0,BID
249,1712603880.6485083,617873.80742415,12770.0,0.0,12920.0,BID
250,1712603894.739367,617885.24181084,12760.0,-1.2712390899473455e-09,12920.0,ASK
251,1712603894.7436168,617904.03543152,12760.0,-2.089415540854777e-09,12920.0,ASK
252,1712603894.7471447,617994.09092447,12750.0,-1.0012086000513052e-08,12920.0,ASK
253,1712603907.93155,618048.12150112,12770.0,6.006949297116893e-09,12920.0,BID
254,1712603907.9354987,618462.05361045,12770.0,4.6019667887281386e-08,12920.0,BID
255,1712603910.6385992,618462.05361045,12770.0,0.0,12920.0,BID
256,1712603913.3122432,618563.98896675,12770.0,1.1323397696762393e-08,12920.0,BID
257,1712603922.198875,618564.45881796,12750.0,-5.21930005683905e-11,12920.0,ASK
258,1712603935.318812,618590.16694254,12770.0,2.8557639784997446e-09,12920.0,BID
259,1712603935.3218994,618869.70948158,12770.0,3.105273241403437e-08,12920.0,BID
260,1712603940.3885462,618869.70948158,12770.0,0.0,12920.0,BID
261,1712603949.951743,618870.17896514,12780.0,5.2122019551515506e-11,12920.0,BID
262,1712603970.3988457,618870.17896514,12780.0,0.0,12920.0,BID
263,1712603993.8296003,618870.6484487,12750.0,-5.2121984819125326e-11,12920.0,ASK
264,1712604000.4290526,618870.6484487,12750.0,-0.0,12920.0,ASK
265,1712604004.8412285,618928.69191889,12750.0,-6.445111315887568e-09,12920.0,ASK
266,1712604004.848196,618952.3284487,12750.0,-2.6245857673256683e-09,12920.0,ASK
267,1712604012.5294535,618956.32427134,12750.0,-4.4369369421154815e-10,12920.0,ASK
268,1712604014.4986515,619095.44729109,12750.0,-1.544813475065592e-08,12920.0,ASK
269,1712604024.7489595,619095.83891207,12770.0,4.348535332971196e-11,12920.0,BID
270,1712604030.4190068,619095.83891207,12770.0,0.0,12920.0,BID
271,1712604042.959122,619097.40508278,12770.0,1.7385120834697706e-10,12920.0,BID
272,1712604043.978778,619099.01855184,12770.0,1.7910151422443526e-10,12920.0,BID
273,1712604054.1791098,619110.98975093,12750.0,-1.3288509444354087e-09,12920.0,ASK
274,1712604054.1812923,619168.01855184,12750.0,-6.330424828745546e-09,12920.0,ASK
275,1712604058.4589486,619168.48877127,12760.0,5.2196236067329655e-11,12920.0,BID
276,1712604060.6490784,619168.48877127,12760.0,0.0,12920.0,BID
277,1712604071.4391012,619170.05616938,12760.0,1.7396956552744282e-10,12920.0,BID
278,1712604072.139552,619248.26406938,12750.0,-8.680496867735915e-09,12920.0,ASK
279,1712604072.5089018,619279.26406938,12750.0,-3.440770087161065e-09,12920.0,ASK
280,1712604073.656109,619306.08206938,12750.0,-2.9765991031413846e-09,12920.0,ASK
281,1712604075.1324227,619319.83206938,12750.0,-1.5261480225311179e-09,12920.0,ASK
282,1712604075.639429,619528.49735854,12750.0,-2.3160299521628243e-08,12920.0,ASK
283,1712604075.64326,619565.22206938,12750.0,-4.076170532839566e-09,12920.0,ASK
284,1712604075.699268,619596.22206938,12750.0,-3.440770087161065e-09,12920.0,ASK
285,1712604076.259941,619597.0063831,12750.0,-8.705300601814549e-11,12920.0,ASK
286,1712604076.2630286,619718.57344163,12750.0,-1.3493041889495756e-08,12920.0,ASK
287,1712604076.2660904,619789.94756069,12750.0,-7.921997866422976e-09,12920.0,ASK
288,1712604076.6677155,619803.69756069,12750.0,-1.5261480225311179e-09,12920.0,ASK
289,1712604076.6990883,619825.97128927,12750.0,-2.4722186783078717e-09,12920.0,ASK
290,1712604078.1397226,619852.79268927,12750.0,-2.97697647793014e-09,12920.0,ASK
291,1712604079.6488369,619866.54268927,12750.0,-1.5261480225311179e-09,12920.0,ASK
292,1712604081.1619997,619880.29268927,12750.0,-1.5261480225311179e-09,12920.0,ASK
293,1712604082.6594334,619894.04268927,12750.0,-1.5261480225311179e-09,12920.0,ASK
294,1712604083.0990455,619925.04268927,12750.0,-3.440770087161065e-09,12920.0,ASK
295,1712604083.6821015,619970.60675384,12750.0,-5.057273239417597e-09,12920.0,ASK
296,1712604088.379244,619979.72040815,12750.0,-1.0115480365991923e-09,12920.0,ASK
297,1712604090.649294,619979.72040815,12750.0,-0.0,12920.0,ASK
298,1712604092.819368,619980.19062758,12750.0,-5.2131021845484885e-11,12920.0,ASK
299,1712604093.411145,619996.55662758,12750.0,-1.8144216274346667e-09,12920.0,ASK
300,1712604094.899223,620031.55662758,12750.0,-3.8802857729754915e-09,12920.0,ASK
301,1712604096.8508215,620055.366546,12750.0,-2.639693934313957e-09,12920.0,ASK
302,1712604097.1891465,620077.46866068,12750.0,-2.4503577470125503e-09,12920.0,ASK
303,1712604097.2889724,620095.82445275,12750.0,-2.0350205377449834e-09,12920.0,ASK
304,1712604097.4573636,620121.22061195,12750.0,-2.815553006627772e-09,12920.0,ASK
305,1712604098.4988518,620139.42798138,12750.0,-2.0185656160714743e-09,12920.0,ASK
306,1712604099.2017417,620149.20170365,12750.0,-1.0835667277997247e-09,12920.0,ASK
307,1712604109.7797232,620161.99276247,12750.0,-1.418084673168254e-09,12920.0,ASK
308,1712604120.4194753,620161.99276247,12750.0,-0.0,12920.0,ASK
309,1712604125.479822,620162.4629819,12760.0,5.2117593842487664e-11,12920.0,BID
310,1712604150.4015846,620162.4629819,12760.0,0.0,12920.0,BID
311,1712604155.1394522,620162.93320133,12750.0,-5.2117559196145606e-11,12920.0,ASK
312,1712604164.4897034,620165.28053077,12750.0,-2.6017019549080377e-10,12920.0,ASK
313,1712604164.4947083,620197.57920133,12750.0,-3.579877323861269e-09,12920.0,ASK
314,1712604180.6194797,620197.57920133,12750.0,-0.0,12920.0,ASK
315,1712604192.129423,620198.04942076,12760.0,5.2114972985152105e-11,12920.0,BID
316,1712604210.6627111,620198.04942076,12760.0,0.0,12920.0,BID
317,1712604221.7897854,620198.51402846,12750.0,-5.1492984096286846e-11,12920.0,ASK
318,1712604221.792577,620198.51964019,12750.0,-6.219542202034352e-13,12920.0,ASK
319,1712604240.3995714,620198.51964019,12750.0,-0.0,12920.0,ASK
320,1712604254.7095022,620198.98985962,12760.0,5.211490370083909e-11,12920.0,BID
321,1712604270.4098735,620198.98985962,12760.0,0.0,12920.0,BID
322,1712604290.1501634,620199.46007905,12740.0,-5.2114869045171856e-11,12920.0,ASK
323,1712604300.6498108,620199.46007905,12740.0,-0.0,12920.0,ASK
324,1712604324.4704385,620199.92993026,12770.0,5.207448176956797e-11,12920.0,BID
325,1712604330.61976,620199.92993026,12770.0,0.0,12920.0,BID
326,1712604360.0194898,620200.39978147,12750.0,-5.207444712761989e-11,12920.0,ASK
327,1712604360.4376278,620200.39978147,12750.0,-0.0,12920.0,ASK
328,1712604390.4098086,620200.39978147,12750.0,-0.0,12920.0,ASK
329,1712604393.4099586,620200.86963268,12770.0,5.207441256575779e-11,12920.0,BID
330,1712604420.4199393,620200.86963268,12770.0,0.0,12920.0,BID
331,1712604422.6100752,620211.48655377,12770.0,-1.1766907258815808e-09,12920.0,ASK
332,1712604422.6305275,620243.11982845,12770.0,-3.5059675615457598e-09,12920.0,ASK
333,1712604422.6336098,620253.73655377,12750.0,-1.1766690283658303e-09,12920.0,ASK
334,1712604426.579963,620256.13382372,12780.0,2.656933487298928e-10,12920.0,BID
335,1712604430.088816,620256.60367493,12750.0,-5.207437793680427e-11,12920.0,ASK
336,1712604450.4005945,620256.60367493,12750.0,-0.0,12920.0,ASK
337,1712604464.0974102,620257.07315849,12780.0,5.2029527652040684e-11,12920.0,BID
338,1712604480.6400912,620257.07315849,12780.0,0.0,12920.0,BID
339,1712604496.2705605,620257.54264205,12750.0,-5.202949305568675e-11,12920.0,ASK
340,1712604510.6507015,620257.54264205,12750.0,-0.0,12920.0,ASK
341,1712604529.7160432,620258.01249326,12770.0,5.207020253117725e-11,12920.0,BID
342,1712604538.400406,620265.83721939,12770.0,8.671576568401263e-10,12920.0,BID
343,1712604540.4332216,620265.83721939,12770.0,0.0,12920.0,BID
344,1712604564.5205274,620266.3070706,12750.0,-5.2069591310209154e-11,12920.0,ASK
345,1712604570.402609,620266.3070706,12750.0,-0.0,12920.0,ASK
346,1712604595.0598016,620501.60118824,12760.0,-2.6075617447279435e-08,12920.0,ASK
347,1712604597.4407578,620525.59227085,12750.0,-2.6587247422863873e-09,12920.0,ASK
348,1712604597.4443505,620622.53821593,12750.0,-1.0743682852451261e-08,12920.0,ASK
349,1712604597.4596956,620634.76118824,12750.0,-1.354566587647186e-09,12920.0,ASK
350,1712604598.2996612,620635.23103945,12770.0,5.206955674189228e-11,12920.0,BID
351,1712604600.5103252,620635.23103945,12770.0,0.0,12920.0,BID
352,1712604603.7629185,620648.98123945,12760.0,-1.523538920162803e-09,12920.0,ASK
353,1712604603.8202386,620658.84750566,12760.0,-1.0931943220886555e-09,12920.0,ASK
354,1712604605.230227,620743.84750566,12760.0,-9.418103606765633e-09,12920.0,ASK
355,1712604605.330614,620761.05949975,12760.0,-1.907109924925507e-09,12920.0,ASK
356,1712604605.4302006,620774.81147332,12760.0,-1.5237354338768163e-09,12920.0,ASK
357,1712604605.490122,620795.90994712,12760.0,-2.337736614035317e-09,12920.0,ASK
358,1712604606.3503828,620814.66833095,12760.0,-2.078451793012409e-09,12920.0,ASK
359,1712604606.4302852,620828.81778485,12760.0,-1.567776738939777e-09,12920.0,ASK
360,1712604606.7500794,620851.76668485,12760.0,-2.542766092481428e-09,12920.0,ASK
361,1712604614.142892,620870.52508485,12760.0,-2.078453584677892e-09,12920.0,ASK
362,1712604630.4157772,620870.52508485,12760.0,-0.0,12920.0,ASK
363,1712604634.0308063,620870.52515709,12760.0,-8.001619813924464e-15,12920.0,ASK
364,1712604634.0355058,620870.99493606,12760.0,-5.203477238187046e-11,12920.0,ASK
365,1712604640.4205534,620871.94906406,12760.0,-1.05683388297983e-10,12920.0,ASK
366,1712604654.8906653,620872.13989063,12760.0,-2.1136785105723527e-11,12920.0,ASK
367,1712604654.895392,620897.68526406,12760.0,-2.829517234114381e-09,12920.0,ASK
368,1712604660.6501515,620897.68526406,12760.0,-0.0,12920.0,ASK
369,1712604663.730761,620898.15511527,12770.0,5.2040776315988704e-11,12920.0,BID
370,1712604690.6478195,620898.15511527,12770.0,0.0,12920.0,BID
371,1712604701.1706636,620898.15511801,12760.0,-3.034771009735465e-16,12920.0,ASK
372,1712604701.1746883,620898.62496648,12750.0,-5.204043824176112e-11,12920.0,ASK
373,1712604710.300379,620918.13906201,12760.0,2.161382122597777e-09,12920.0,BID
374,1712604712.218429,620956.73906201,12750.0,-4.275337783595152e-09,12920.0,ASK
375,1712604720.403023,620956.73906201,12750.0,-0.0,12920.0,ASK
376,1712604745.0606408,620966.69431967,12750.0,-1.1025535584686176e-09,12920.0,ASK
377,1712604745.0646942,621235.77858754,12750.0,-2.980131978500009e-08,12920.0,ASK
378,1712604750.4305012,621235.77858754,12750.0,-0.0,12920.0,ASK
379,1712604751.320631,621334.62853901,12740.0,-1.09434072630432e-08,12920.0,ASK
380,1712604751.3246236,621375.29835031,12750.0,-4.502443367435193e-09,12920.0,ASK
381,1712604756.38104,621378.4913378,12740.0,-3.5348689574780835e-10,12920.0,ASK
382,1712604756.3857467,621444.24996695,12740.0,-7.27995764435693e-09,12920.0,ASK
383,1712604756.389985,621445.05823169,12740.0,-8.948077458671742e-11,12920.0,ASK
384,1712604761.2604234,621479.93817238,12740.0,-3.861462657345729e-09,12920.0,ASK
385,1712604764.6933632,621480.40802359,12770.0,5.2015939995592155e-11,12920.0,BID
386,1712604765.8503962,621515.28796429,12740.0,-3.861462658454098e-09,12920.0,ASK
387,1712604780.462738,621515.28796429,12740.0,-0.0,12920.0,ASK
388,1712604805.7715182,621517.64090547,12750.0,-2.6038500873573676e-10,12920.0,ASK
389,1712604805.776313,621820.85741747,12740.0,-3.355503945322553e-08,12920.0,ASK
390,1712604805.7804208,622056.33622437,12750.0,-2.6058939217440348e-08,12920.0,ASK
391,1712604805.784164,622064.43149124,12740.0,-8.958516058879702e-10,12920.0,ASK
392,1712604805.788025,622072.29312646,12730.0,-8.69997079757149e-10,12920.0,ASK
393,1712604805.7911673,622074.64791646,12740.0,-2.605896058542279e-10,12920.0,ASK
394,1712604805.7933471,622084.64791646,12730.0,-1.1066362854682027e-09,12920.0,ASK
395,1712604805.7955077,622094.64791646,12740.0,-1.1066362854682027e-09,12920.0,ASK
396,1712604805.797683,622109.76559124,12730.0,-1.6729767463542103e-09,12920.0,ASK
397,1712604805.799911,622345.24439814,12740.0,-2.6058939217427464e-08,12920.0,ASK
398,1712604805.802121,622353.57118525,12730.0,-9.214724757242256e-10,12920.0,ASK
399,1712604805.8043482,622498.64951856,12730.0,-1.6054894787618966e-08,12920.0,ASK
400,1712604805.8065677,622499.15795156,12740.0,-5.6265040647607595e-11,12920.0,ASK
401,1712604805.808802,622504.86482508,12730.0,-6.31543331385901e-10,12920.0,ASK
402,1712604805.811062,622512.71411864,12740.0,-8.68631306881277e-10,12920.0,ASK
403,1712604805.8137794,622708.31411864,12730.0,-2.1645805743755472e-08,12920.0,ASK
404,1712604805.8160703,622779.54027949,12740.0,-7.882145407110538e-09,12920.0,ASK
405,1712604805.8183994,622884.48918567,12730.0,-1.161402676990963e-08,12920.0,ASK
406,1712604805.8903985,622884.95903688,12730.0,-5.1995439777362334e-11,12920.0,ASK
407,1712604810.413108,622884.95903688,12730.0,-0.0,12920.0,ASK
408,1712604812.6506133,622887.31567475,12730.0,-2.6029153877500256e-10,12920.0,ASK
409,1712604834.3205333,622887.78589418,12760.0,5.1935912826860406e-11,12920.0,BID
410,1712604840.6711917,622887.78589418,12760.0,0.0,12920.0,BID
411,1712604857.6807778,622890.13699135,12760.0,2.5967853384717096e-10,12920.0,BID
412,1712604870.6304452,622890.13699135,12760.0,0.0,12920.0,BID
413,1712604875.1914716,622895.55902826,12730.0,-5.988616497211207e-10,12920.0,ASK
414,1712604900.4004352,622895.55902826,12730.0,-0.0,12920.0,ASK
415,1712604902.8706636,622896.02924769,12730.0,-5.203870609204175e-11,12920.0,ASK
416,1712604930.400515,622896.02924769,12730.0,-0.0,12920.0,ASK
417,1712604931.600976,622896.49946712,12760.0,5.203867161888175e-11,12920.0,BID
418,1712604960.0909886,622921.54950627,12770.0,2.7722605193719755e-09,12920.0,BID
419,1712604960.630592,622921.54950627,12770.0,0.0,12920.0,BID
420,1712604990.6407406,622921.54950627,12770.0,0.0,12920.0,BID
421,1712605005.6507957,622922.0197257,12750.0,-5.2036794871271316e-11,12920.0,ASK
422,1712605016.51114,622922.80342475,12760.0,8.672799143923578e-11,12920.0,BID
423,1712605020.494686,622922.80342475,12760.0,0.0,12920.0,BID
424,1712605035.8209136,622923.27364418,12760.0,5.2036702760151225e-11,12920.0,BID
425,1712605050.4141142,622923.27364418,12760.0,0.0,12920.0,BID
426,1712605076.111118,622924.84104229,12760.0,1.7345556177688023e-10,12920.0,BID
427,1712605076.4808097,622925.31126172,12740.0,-5.203666820841095e-11,12920.0,ASK
428,1712605080.6309314,622925.31126172,12740.0,-0.0,12920.0,ASK
429,1712605110.6408875,622925.31126172,12740.0,-0.0,12920.0,ASK
430,1712605113.5911477,622925.78111293,12770.0,5.199576971534868e-11,12920.0,BID
431,1712605135.411362,623081.73722578,12760.0,-1.7258778857230233e-08,12920.0,ASK
432,1712605140.4011557,623081.73722578,12760.0,-0.0,12920.0,ASK
433,1712605150.6809485,623082.20707699,12760.0,-5.1984287113887026e-11,12920.0,ASK
434,1712605170.3908107,623082.20707699,12760.0,-0.0,12920.0,ASK
435,1712605188.5510352,623082.6769282,12770.0,5.1984252618838215e-11,12920.0,BID
436,1712605200.5558414,623082.6769282,12770.0,0.0,12920.0,BID
437,1712605223.4909315,623083.14677941,12760.0,-5.205377479396231e-11,12920.0,ASK
438,1712605230.401032,623083.14677941,12760.0,-0.0,12920.0,ASK
439,1712605260.6308713,623083.14677941,12760.0,-0.0,12920.0,ASK
440,1712605263.690971,623083.61663062,12770.0,5.205374021954708e-11,12920.0,BID
441,1712605290.6210525,623083.61663062,12770.0,0.0,12920.0,BID
442,1712605297.900157,623084.08648183,12760.0,-5.205370561808189e-11,12920.0,ASK
443,1712605320.4013906,623084.08648183,12760.0,-0.0,12920.0,ASK
444,1712605335.4818482,623084.55633304,12770.0,5.2053671043758536e-11,12920.0,BID
445,1712605350.431076,623084.55633304,12770.0,0.0,12920.0,BID
446,1712605358.361064,623113.56263687,12770.0,3.213535608547283e-09,12920.0,BID
447,1712605368.249701,623114.03248808,12760.0,-5.205363644238532e-11,12920.0,ASK
448,1712605380.631356,623114.03248808,12760.0,-0.0,12920.0,ASK
449,1712605400.374544,623114.50233929,12770.0,5.2051465841391126e-11,12920.0,BID
450,1712605409.9414458,623116.92701662,12760.0,-2.686127151027965e-10,12920.0,ASK
451,1712605409.9470563,623132.33632651,12760.0,-1.707087584926235e-09,12920.0,ASK
452,1712605409.9519336,623133.12002556,12760.0,-8.682043052284204e-11,12920.0,ASK
453,1712605410.641018,623133.12002556,12760.0,-0.0,12920.0,ASK
454,1712605438.5013225,623133.58987677,12760.0,-5.205006140260074e-11,12920.0,ASK
455,1712605440.4113977,623133.58987677,12760.0,-0.0,12920.0,ASK
456,1712605460.1515534,623630.69534823,12760.0,-5.506924868312732e-08,12920.0,ASK
457,1712605460.1574304,623663.36989404,12760.0,-3.619679911266672e-09,12920.0,ASK
458,1712605470.4018655,623663.36989404,12760.0,-0.0,12920.0,ASK
459,1712605477.6334388,623663.83974525,12770.0,5.2011077246894864e-11,12920.0,BID
460,1712605500.421096,623663.83974525,12770.0,0.0,12920.0,BID
461,1712605517.2714963,623664.30959646,12760.0,-5.2051738791583437e-11,12920.0,ASK
462,1712605524.5014083,623698.13759646,12770.0,3.747582601276688e-09,12920.0,BID
463,1712605530.4314024,623698.13759646,12770.0,0.0,12920.0,BID
464,1712605537.3049004,623727.11488541,12770.0,3.210048334221104e-09,12920.0,BID
465,1712605547.0113854,623727.58473662,12770.0,5.2049213321592935e-11,12920.0,BID
466,1712605548.1620147,623800.95209762,12770.0,8.127495134922336e-09,12920.0,BID
467,1712605548.2619512,623918.36595862,12770.0,1.3006881684748754e-08,12920.0,BID
468,1712605560.6313047,623918.36595862,12770.0,0.0,12920.0,BID
469,1712605570.441265,624163.14595862,12770.0,2.7107812335305665e-08,12920.0,BID
470,1712605588.5214028,624179.41253167,12770.0,1.8014184556595483e-09,12920.0,BID
471,1712605588.621132,624300.21253167,12770.0,1.3377823883102431e-08,12920.0,BID
472,1712605588.7211957,624689.13823078,12770.0,4.307102240318225e-08,12920.0,BID
473,1712605590.631217,624689.13823078,12770.0,0.0,12920.0,BID
474,1712605591.8917196,624689.60808199,12760.0,-5.1976347409319065e-11,12920.0,ASK
475,1712605620.4012308,624689.60808199,12760.0,-0.0,12920.0,ASK
476,1712605620.6454277,624693.46687546,12770.0,-4.2687100231201086e-10,12920.0,ASK
477,1712605625.1214485,624693.93635902,12780.0,5.193564241400298e-11,12920.0,BID
478,1712605641.321594,624704.10850295,12780.0,1.1252722668128398e-09,12920.0,BID
479,1712605644.111527,624716.49100295,12780.0,1.369788310064779e-09,12920.0,BID
480,1712605650.4117072,624716.49100295,12780.0,0.0,12920.0,BID
481,1712605663.961589,624716.96048651,12770.0,-5.193366884347543e-11,12920.0,ASK
482,1712605680.6415913,624716.96048651,12770.0,-0.0,12920.0,ASK
483,1712605692.3217485,624717.42997007,12780.0,5.193363441433288e-11,12920.0,BID
484,1712605710.6416366,624717.42997007,12780.0,0.0,12920.0,BID
485,1712605732.8017228,624717.89945363,12770.0,-5.1933599932509596e-11,12920.0,ASK
486,1712605740.4221096,624717.89945363,12770.0,-0.0,12920.0,ASK
487,1712605742.8719318,624718.68376696,12780.0,8.675956128677608e-11,12920.0,BID
488,1712605742.8759637,624734.46745363,12780.0,1.7459676872155063e-09,12920.0,BID
489,1712605764.1049182,624734.4680703,12780.0,6.821510863325344e-14,12920.0,BID
490,1712605764.1104963,624734.93620459,12800.0,5.178431128541313e-11,12920.0,BID
491,1712605770.411646,624734.93620459,12800.0,0.0,12920.0,BID
492,1712605795.9916894,624735.40495555,12780.0,-5.185127749310293e-11,12920.0,ASK
493,1712605800.453534,624735.40495555,12780.0,-0.0,12920.0,ASK
494,1712605814.141694,624761.22579636,12780.0,-2.885208934307333e-09,12920.0,ASK
495,1712605823.7920694,624761.64178236,12790.0,4.648208524702078e-11,12920.0,BID
496,1712605823.8014812,624761.69487134,12800.0,5.932138317337955e-12,12920.0,BID
497,1712605830.4217882,624761.69487134,12800.0,0.0,12920.0,BID
498,1712605860.6217008,624761.69487134,12800.0,0.0,12920.0,BID
499,1712605863.451951,624762.16394632,12780.0,-5.2412255842691955e-11,12920.0,ASK
500,1712605890.6517277,624762.16394632,12780.0,-0.0,12920.0,ASK
501,1712605891.8124838,624762.42765305,12800.0,2.9465343359526825e-11,12920.0,BID
502,1712605891.8179636,624762.63269632,12800.0,2.291056564635496e-11,12920.0,BID
503,1712605903.4718626,624815.94761824,12800.0,5.9571573315015454e-09,12920.0,BID
504,1712605912.1818674,624842.55023455,12800.0,-2.9724505838317116e-09,12920.0,ASK
505,1712605912.6220815,624859.73773455,12810.0,1.9204499968823318e-09,12920.0,BID
506,1712605920.2719183,624937.80174704,12810.0,8.722503711592993e-09,12920.0,BID
507,1712605920.5290532,624937.80174704,12810.0,0.0,12920.0,BID
508,1712605929.441936,624938.27049704,12800.0,-5.2362749952018805e-11,12920.0,ASK
509,1712605950.4620588,624938.27049704,12800.0,-0.0,12920.0,ASK
510,1712605955.591849,624938.73888111,12810.0,5.2321837864951476e-11,12920.0,BID
511,1712605980.6320176,624938.73888111,12810.0,0.0,12920.0,BID
512,1712605990.9121993,625019.12516934,12780.0,-8.97971513116032e-09,12920.0,ASK
513,1712605995.4719963,625019.59355341,12780.0,-5.2321802796642836e-11,12920.0,ASK
514,1712606010.6320252,625019.59355341,12780.0,-0.0,12920.0,ASK
515,1712606027.4218814,625020.06230341,12800.0,5.2356636263772967e-11,12920.0,BID
516,1712606040.422539,625020.06230341,12800.0,0.0,12920.0,BID
517,1712606046.2823043,625355.9001652,12780.0,-3.751110184450168e-08,12920.0,ASK
518,1712606046.2879517,625732.97451474,12780.0,-4.211697350965112e-08,12920.0,ASK
519,1712606054.973205,625742.50576474,12800.0,1.0645842239163568e-09,12920.0,BID
520,1712606054.9789996,625745.43646906,12800.0,3.2734233012452136e-10,12920.0,BID
521,1712606054.984616,625901.47755625,12810.0,1.7428866067438342e-08,12920.0,BID
522,1712606054.9891014,626400.17631931,12810.0,5.5701700788478944e-08,12920.0,BID
523,1712606055.1119475,626451.92955356,12810.0,-5.780530016441006e-09,12920.0,ASK
524,1712606055.2319386,626515.9533837,12810.0,-7.151082966216885e-09,12920.0,ASK
525,1712606055.733219,626527.56353603,12810.0,-1.2967853122939307e-09,12920.0,ASK
526,1712606055.9787917,626541.65663307,12810.0,-1.5741155435927115e-09,12920.0,ASK
527,1712606056.2121296,626559.74303902,12810.0,-2.0201445184770437e-09,12920.0,ASK
528,1712606056.2521703,626577.9833526,12810.0,-2.037335090002241e-09,12920.0,ASK
529,1712606056.397983,626586.92525787,12810.0,-9.98757905015259e-10,12920.0,ASK
530,1712606058.8653586,626607.43545787,12810.0,-2.2908679710834662e-09,12920.0,ASK
531,1712606058.9467697,626613.58908645,12810.0,-6.87323898350239e-10,12920.0,ASK
532,1712606070.382229,626613.58908645,12810.0,-0.0,12920.0,ASK
533,1712606085.6424036,626627.33908645,12810.0,-1.532303633288805e-09,12920.0,ASK
534,1712606085.742376,626633.58908645,12810.0,-6.96501651494911e-10,12920.0,ASK
535,1712606094.632172,626634.05783645,12780.0,-5.2237623862118366e-11,12920.0,ASK
536,1712606100.422146,626634.05783645,12780.0,-0.0,12920.0,ASK
537,1712606130.422239,626634.05783645,12780.0,-0.0,12920.0,ASK
538,1712606148.6020503,626634.52585517,12820.0,5.232369114085104e-11,12920.0,BID
539,1712606160.632667,626634.52585517,12820.0,0.0,12920.0,BID
540,1712606188.3125467,626634.99387389,12780.0,-5.232365605569544e-11,12920.0,ASK
541,1712606190.6247206,626634.99387389,12780.0,-0.0,12920.0,ASK
542,1712606201.0723126,626706.98275563,12780.0,-8.048222876346996e-09,12920.0,ASK
543,1712606201.0785508,626785.99387389,12780.0,-8.833295838129551e-09,12920.0,ASK
544,1712606214.3424118,626786.46189261,12820.0,5.2323621054067345e-11,12920.0,BID
545,1712606220.4126394,626786.46189261,12820.0,0.0,12920.0,BID
546,1712606250.402351,626786.46189261,12820.0,0.0,12920.0,BID
547,1712606251.3722808,626786.92991133,12780.0,-5.231229981712275e-11,12920.0,ASK
548,1712606280.642309,626786.92991133,12780.0,-0.0,12920.0,ASK
549,1712606310.6631267,626786.92991133,12780.0,-0.0,12920.0,ASK
550,1712606315.6361003,626787.39866133,12800.0,5.2394002836542755e-11,12920.0,BID
551,1712606340.392444,626787.39866133,12800.0,0.0,12920.0,BID
552,1712606340.8426504,626791.30491133,12800.0,4.3661639749068917e-10,12920.0,BID
553,1712606340.849024,626835.08989886,12800.0,4.894014340994911e-09,12920.0,BID
554,1712606345.392635,626877.34989886,12800.0,-4.723560693237911e-09,12920.0,ASK
555,1712606351.9400806,627112.37989886,12800.0,-2.627019568697571e-08,12920.0,ASK
556,1712606353.8022733,627112.84864886,12800.0,-5.2393967698882704e-11,12920.0,ASK
557,1712606355.2122543,627189.18417482,12800.0,-8.532311640370181e-09,12920.0,ASK
558,1712606370.4033196,627189.18417482,12800.0,-0.0,12920.0,ASK
559,1712606377.4723246,627193.39608888,12800.0,4.70511163383922e-10,12920.0,BID
560,1712606381.4633353,627193.86483888,12800.0,5.236386704274759e-11,12920.0,BID
561,1712606391.003589,627194.64487008,12800.0,8.713696010177316e-11,12920.0,BID
562,1712606400.5360396,627194.64487008,12800.0,0.0,12920.0,BID
563,1712606406.7925482,627233.01095384,12800.0,4.287798905008814e-09,12920.0,BID
564,1712606418.7925465,627233.47970384,12800.0,-5.238756578074313e-11,12920.0,ASK
565,1712606430.4224715,627233.47970384,12800.0,-0.0,12920.0,ASK
566,1712606445.5128489,627233.94808791,12810.0,5.2343761463964814e-11,12920.0,BID
567,1712606460.6424758,627233.94808791,12810.0,0.0,12920.0,BID
568,1712606474.4529276,627234.07039258,12810.0,1.3668018604113522e-11,12920.0,BID
569,1712606474.4562397,627234.64504341,12810.0,6.421944666861733e-11,12920.0,BID
570,1712606490.6402564,627234.64504341,12810.0,0.0,12920.0,BID
571,1712606515.83231,627235.11342748,12800.0,-5.2343674140966535e-11,12920.0,ASK
572,1712606520.427046,627235.11342748,12800.0,-0.0,12920.0,ASK
573,1712606547.32265,627235.58181155,12810.0,5.234363907077917e-11,12920.0,BID
574,1712606550.4387498,627235.58181155,12810.0,0.0,12920.0,BID
575,1712606579.6328013,627236.05019562,12800.0,-5.2343603986250116e-11,12920.0,ASK
576,1712606580.4226034,627236.05019562,12800.0,-0.0,12920.0,ASK
577,1712606584.1933246,627237.05019562,12800.0,-1.1175352079373879e-10,12920.0,ASK
578,1712606584.19998,627280.49073653,12780.0,-4.854633391876943e-09,12920.0,ASK
579,1712606584.205381,627283.11873401,12800.0,-2.93687971025241e-10,12920.0,ASK
580,1712606610.4027517,627283.11873401,12800.0,-0.0,12920.0,ASK
581,1712606612.9923794,627283.58711808,12810.0,5.23400499839282e-11,12920.0,BID
582,1712606640.6430607,627283.58711808,12810.0,0.0,12920.0,BID
583,1712606644.063843,627284.05550215,12790.0,-5.234001489120226e-11,12920.0,ASK
584,1712606670.6206665,627284.05550215,12790.0,-0.0,12920.0,ASK
585,1712606677.670943,627284.52388622,12810.0,5.2339979853312855e-11,12920.0,BID
586,1712606689.5805657,627303.76760598,12780.0,-2.1504059790184043e-09,12920.0,ASK
587,1712606689.5854564,627307.30877656,12780.0,-3.957111453923718e-10,12920.0,ASK
588,1712606700.400441,627307.30877656,12780.0,-0.0,12920.0,ASK
589,1712606710.5996456,627307.77716063,12790.0,-5.2358871583101374e-11,12920.0,ASK
590,1712606730.4000125,627307.77716063,12790.0,-0.0,12920.0,ASK
591,1712606738.469139,627308.2455447,12810.0,5.2358836519961016e-11,12920.0,BID
592,1712606760.6539962,627308.2455447,12810.0,0.0,12920.0,BID
593,1712606790.6278603,627308.2455447,12810.0,0.0,12920.0,BID
594,1712606802.4074302,627540.49037058,12790.0,-2.59617299017316e-08,12920.0,ASK
595,1712606812.4073365,627874.02574714,12790.0,-3.728459967240408e-08,12920.0,ASK
596,1712606813.647471,627874.49413121,12790.0,-5.2358801402038735e-11,12920.0,ASK
597,1712606820.377374,627874.49413121,12790.0,-0.0,12920.0,ASK
598,1712606842.8468344,627874.96251528,12810.0,5.2316446518366157e-11,12920.0,BID
599,1712606850.386327,627874.96251528,12810.0,0.0,12920.0,BID
600,1712606875.2157052,627875.43089935,12790.0,-5.2316411457284167e-11,12920.0,ASK
601,1712606880.6059346,627875.43089935,12790.0,-0.0,12920.0,ASK
602,1712606908.0753472,627875.89928342,12810.0,5.231637645098925e-11,12920.0,BID
603,1712606910.645425,627875.89928342,12810.0,0.0,12920.0,BID
604,1712606940.4148452,627875.89928342,12810.0,0.0,12920.0,BID
605,1712606942.154539,627876.36766749,12800.0,-5.2316341403004224e-11,12920.0,ASK
606,1712606969.2444336,627883.08599212,12810.0,7.50405890040747e-10,12920.0,BID
607,1712606970.393885,627883.08599212,12810.0,0.0,12920.0,BID
608,1712606972.3738594,627883.55401084,12820.0,5.227499597735593e-11,12920.0,BID
609,1712606979.7840269,627953.85081961,12820.0,7.851748740589025e-09,12920.0,BID
610,1712606979.789854,627961.16194877,12820.0,8.166110265837238e-10,12920.0,BID
611,1712606979.795668,628076.55501423,12820.0,1.2888740929377216e-08,12920.0,BID
612,1712606995.4140687,628099.99251423,12820.0,2.6178337868771487e-09,12920.0,BID
613,1712607000.4934075,628099.99251423,12820.0,0.0,12920.0,BID
614,1712607008.7035189,628100.46053295,12810.0,-5.225888297115159e-11,12920.0,ASK
615,1712607030.3936243,628100.46053295,12810.0,-0.0,12920.0,ASK
616,1712607035.8328495,628100.92855167,12820.0,5.2258847987182225e-11,12920.0,BID
617,1712607060.632372,628100.92855167,12820.0,0.0,12920.0,BID
618,1712607073.062195,628101.39657039,12810.0,-5.2258812962950977e-11,12920.0,ASK
619,1712607090.6321528,628101.39657039,12810.0,-0.0,12920.0,ASK
620,1712607101.1522708,628101.81141139,12820.0,4.632097561938838e-11,12920.0,BID
621,1712607101.1579344,628101.86458911,12820.0,5.9378023726858505e-12,12920.0,BID
622,1712607120.3818266,628101.86458911,12820.0,0.0,12920.0,BID
623,1712607148.531352,628103.07033434,12830.0,1.3463292679267632e-10,12920.0,BID
624,1712607150.421253,628103.07033434,12830.0,0.0,12920.0,BID
625,1712607169.2310767,628103.53835306,12810.0,-5.2258652712450926e-11,12920.0,ASK
626,1712607180.6234589,628103.53835306,12810.0,-0.0,12920.0,ASK
627,1712607197.4407833,628104.00600699,12830.0,5.221788554229895e-11,12920.0,BID
628,1712607210.62103,628104.00600699,12830.0,0.0,12920.0,BID
629,1712607238.1003177,628104.47366092,12810.0,-5.221785057166309e-11,12920.0,ASK
630,1712607240.390105,628104.47366092,12810.0,-0.0,12920.0,ASK
631,1712607264.7699735,628104.94131485,12830.0,5.2217815629610437e-11,12920.0,BID
632,1712607270.414127,628104.94131485,12830.0,0.0,12920.0,BID
633,1712607300.4096422,628104.94131485,12830.0,0.0,12920.0,BID
634,1712607300.6692252,628110.31882304,12810.0,-6.00489251343465e-10,12920.0,ASK
635,1712607305.5699666,628110.78647697,12810.0,-5.2221428283201405e-11,12920.0,ASK
636,1712607330.3993163,628110.78647697,12810.0,-0.0,12920.0,ASK
637,1712607336.8891969,628111.2541309,12830.0,5.2220991664802446e-11,12920.0,BID
638,1712607360.632469,628111.2541309,12830.0,0.0,12920.0,BID
639,1712607390.628716,628111.2541309,12830.0,0.0,12920.0,BID
640,1712607391.8988364,628111.75594081,12830.0,5.6035011965127317e-11,12920.0,BID
641,1712607402.8186977,628112.22359474,12810.0,-5.2220956677005705e-11,12920.0,ASK
642,1712607420.391819,628112.22359474,12810.0,-0.0,12920.0,ASK
643,1712607433.4881823,628112.69124867,12830.0,5.222088418770319e-11,12920.0,BID
644,1712607450.3879318,628112.69124867,12830.0,0.0,12920.0,BID
645,1712607468.9581592,628113.1589026,12810.0,-5.222084920005046e-11,12920.0,ASK
646,1712607480.6384227,628113.1589026,12810.0,-0.0,12920.0,ASK
647,1712607485.0879045,628121.17528543,12810.0,-8.95153471509537e-10,12920.0,ASK
648,1712607499.4778442,628121.49423071,12830.0,3.5615187123570724e-11,12920.0,BID
649,1712607499.4842567,628121.64293936,12830.0,1.6605627143414168e-11,12920.0,BID
650,1712607510.6216216,628121.64293936,12830.0,0.0,12920.0,BID
651,1712607522.697906,628151.50881305,12830.0,3.334947520486687e-09,12920.0,BID
652,1712607522.7047455,628829.54619739,12830.0,7.571247093498696e-08,12920.0,BID
653,1712607533.4275358,628830.01385132,12820.0,-5.222018048840503e-11,12920.0,ASK
654,1712607540.387198,628830.01385132,12820.0,-0.0,12920.0,ASK
655,1712607551.1972313,628845.60231585,12830.0,1.738907977630869e-09,12920.0,BID
656,1712607564.417239,628846.06996978,12830.0,5.216723867883493e-11,12920.0,BID
657,1712607570.4292047,628846.06996978,12830.0,0.0,12920.0,BID
658,1712607586.817057,628846.38234705,12820.0,-3.4845179501553084e-11,12920.0,ASK
659,1712607596.7070217,628846.85000098,12810.0,-5.216603991659394e-11,12920.0,ASK
660,1712607600.4219432,628846.85000098,12810.0,-0.0,12920.0,ASK
661,1712607608.0668452,628864.60170692,12810.0,-1.9803928032520553e-09,12920.0,ASK
662,1712607608.0770917,628919.24651566,12810.0,-6.096213306460688e-09,12920.0,ASK
663,1712607608.0820832,628950.68964066,12800.0,-3.507817145699273e-09,12920.0,ASK
664,1712607608.0853472,628954.80631768,12810.0,-4.5925938450448074e-10,12920.0,ASK
665,1712607608.088621,629130.81985283,12800.0,-1.963619380943897e-08,12920.0,ASK
666,1712607608.1706188,629160.30891144,12800.0,3.2898201245103022e-09,12920.0,BID
667,1712607628.8380694,629160.77693016,12820.0,5.221249766602939e-11,12920.0,BID
668,1712607630.3569038,629160.77693016,12820.0,0.0,12920.0,BID
669,1712607659.606493,629161.24494888,12790.0,-5.218909780521514e-11,12920.0,ASK
670,1712607660.4344878,629161.24494888,12790.0,-0.0,12920.0,ASK
671,1712607673.1364968,629162.80867053,12820.0,1.7437158848451714e-10,12920.0,BID
672,1712607689.3992386,629163.27668925,12820.0,5.2189062969090695e-11,12920.0,BID
673,1712607690.3963869,629163.27668925,12820.0,0.0,12920.0,BID
674,1712607720.617057,629163.27668925,12820.0,0.0,12920.0,BID
675,1712607725.8559232,629163.74470797,12790.0,-5.2188911373021964e-11,12920.0,ASK
676,1712607730.6157444,629171.54501998,12820.0,8.698151908138992e-10,12920.0,BID
677,1712607750.615701,629171.54501998,12820.0,0.0,12920.0,BID
678,1712607752.8058765,629172.01340405,12810.0,5.222903439876778e-11,12920.0,BID
679,1712607780.3983393,629172.01340405,12810.0,0.0,12920.0,BID
680,1712607795.923487,629172.48178812,12790.0,-5.22289994547504e-11,12920.0,ASK
681,1712607810.4189367,629172.48178812,12790.0,-0.0,12920.0,ASK
682,1712607818.615826,629226.75178812,12810.0,-6.051584775560783e-09,12920.0,ASK
683,1712607818.6191423,629240.36290109,12810.0,-1.517759425598357e-09,12920.0,ASK
684,1712607824.675309,629240.83091981,12820.0,5.218822481827964e-11,12920.0,BID
685,1712607828.1659718,629318.02091981,12810.0,-8.6073674005112e-09,12920.0,ASK
686,1712607840.605354,629318.02091981,12810.0,-0.0,12920.0,ASK
687,1712607851.2070794,629333.66091981,12810.0,-1.743635776677108e-09,12920.0,ASK
688,1712607859.0051064,629334.12893853,12810.0,-5.217737752089252e-11,12920.0,ASK
689,1712607860.4751112,629343.41000659,12810.0,-1.0347060303859488e-09,12920.0,ASK
690,1712607860.4819643,629478.46893853,12810.0,-1.5057134635033842e-08,12920.0,ASK
691,1712607860.614962,629519.83893852,12810.0,-4.612161896697093e-09,12920.0,ASK
692,1712607860.7149613,629547.25188296,12810.0,-3.0561502985812477e-09,12920.0,ASK
693,1712607870.615235,629547.25188296,12810.0,-0.0,12920.0,ASK
694,1712607888.4849434,629547.71990168,12820.0,5.2160301702533797e-11,12920.0,BID
695,1712607899.0451007,629549.76592352,12820.0,2.2802745251758887e-10,12920.0,BID
696,1712607900.4248524,629549.76592352,12820.0,0.0,12920.0,BID
697,1712607921.355202,629550.23394224,12810.0,-5.216011434303748e-11,12920.0,ASK
698,1712607930.4145143,629550.23394224,12810.0,-0.0,12920.0,ASK
699,1712607933.1947725,629566.44087047,12820.0,1.8062411364818423e-09,12920.0,BID
700,1712607933.2044868,629578.32231614,12820.0,1.324171713820275e-09,12920.0,BID
701,1712607952.4655242,629578.79033486,12820.0,5.2160079478207295e-11,12920.0,BID
702,1712607960.5947018,629578.79033486,12820.0,0.0,12920.0,BID
703,1712607982.9544363,629579.25835358,12810.0,-5.215795141625355e-11,12920.0,ASK
704,1712607990.6171093,629579.25835358,12810.0,-0.0,12920.0,ASK
705,1712608010.4519138,629579.7263723,12820.0,5.2157916554314236e-11,12920.0,BID
706,1712608020.4051647,629579.7263723,12820.0,0.0,12920.0,BID
707,1712608050.4039867,629579.7263723,12820.0,0.0,12920.0,BID
708,1712608050.7241726,629580.19439102,12810.0,-5.215788169116466e-11,12920.0,ASK
709,1712608074.2044327,629593.79033486,12810.0,-1.5151864656627635e-09,12920.0,ASK
710,1712608074.2097335,629633.60298122,12810.0,-4.436880854825215e-09,12920.0,ASK
711,1712608080.6142826,629633.60298122,12810.0,-0.0,12920.0,ASK
712,1712608083.0938828,629634.07136529,12810.0,5.2194583250743775e-11,12920.0,BID
713,1712608095.0144854,629634.85200541,12810.0,8.69909724651082e-11,12920.0,BID
714,1712608105.6137226,629682.01755752,12810.0,5.255913883479179e-09,12920.0,BID
715,1712608110.624494,629682.01755752,12810.0,0.0,12920.0,BID
716,1712608117.4538662,629682.48594159,12810.0,-5.21909762814736e-11,12920.0,ASK
717,1712608126.3441415,629707.30594159,12810.0,-2.765636395484414e-09,12920.0,ASK
718,1712608134.213708,629733.93594159,12810.0,-2.967320596773361e-09,12920.0,ASK
719,1712608140.4085083,629733.93594159,12810.0,-0.0,12920.0,ASK
720,1712608148.1055682,629734.40396031,12820.0,5.2146401700890876e-11,12920.0,BID
721,1712608148.264086,629755.02275486,12810.0,-2.297335335414701e-09,12920.0,ASK
722,1712608156.4635851,629757.07969713,12820.0,2.291834349665008e-10,12920.0,BID
723,1712608160.5833874,629769.13736582,12810.0,-1.343459156989972e-09,12920.0,ASK
724,1712608160.883799,629778.17308895,12810.0,-1.006755558732975e-09,12920.0,ASK
725,1712608160.891549,629787.25558369,12810.0,-1.011966827130706e-09,12920.0,ASK
726,1712608160.9708202,629796.36061225,12810.0,-1.0144775336042143e-09,12920.0,ASK
727,1712608161.0636728,629805.19021776,12810.0,-9.837900410100727e-10,12920.0,ASK
728,1712608170.4033709,629805.19021776,12810.0,-0.0,12920.0,ASK
729,1712608183.4635458,629805.65823648,12790.0,-5.214109878866649e-11,12920.0,ASK
730,1712608200.6944432,629805.65823648,12790.0,-0.0,12920.0,ASK
731,1712608202.3436203,629821.29545306,12790.0,-1.742112176338434e-09,12920.0,ASK
732,1712608207.0431798,629821.91947802,12790.0,-6.952141871040409e-11,12920.0,ASK
733,1712608214.7534263,629822.38786209,12810.0,5.2181766961443606e-11,12920.0,BID
734,1712608230.633547,629822.38786209,12810.0,0.0,12920.0,BID
735,1712608242.9032028,629822.85624616,12790.0,-5.2180523017321685e-11,12920.0,ASK
736,1712608260.4131196,629822.85624616,12790.0,-0.0,12920.0,ASK
737,1712608272.5836637,629823.32499616,12800.0,5.222125475302528e-11,12920.0,BID
738,1712608274.6606207,629840.82124435,12790.0,-1.9491755391044203e-09,12920.0,ASK
739,1712608274.6730654,629858.32263245,12790.0,-1.949748152534198e-09,12920.0,ASK
740,1712608274.8130836,629870.8916018,12790.0,-1.4002503475353003e-09,12920.0,ASK
741,1712608275.0207891,629923.16296505,12790.0,-5.823309176672265e-09,12920.0,ASK
742,1712608281.013889,629938.71731539,12790.0,-1.7328377421334502e-09,12920.0,ASK
743,1712608284.063479,629959.84187819,12790.0,-2.3533891744587406e-09,12920.0,ASK
744,1712608284.0716045,629971.67479043,12790.0,-1.3182496523783167e-09,12920.0,ASK
745,1712608284.2828648,629992.37651948,12790.0,-2.30628323530524e-09,12920.0,ASK
746,1712608290.40772,629992.37651948,12790.0,-0.0,12920.0,ASK
747,1712608291.8631256,630003.55944754,12790.0,-1.245537087537827e-09,12920.0,ASK
748,1712608292.0229993,630012.46569712,12790.0,-9.91964188918889e-10,12920.0,ASK
749,1712608308.0928943,630012.93444712,12790.0,-5.2208643984251786e-11,12920.0,ASK
750,1712608313.353186,630027.71903107,12790.0,-1.6466839037957955e-09,12920.0,ASK
751,1712608317.1931536,630038.14519892,12790.0,-1.1612503155252154e-09,12920.0,ASK
752,1712608320.6135397,630038.14519892,12790.0,-0.0,12920.0,ASK
753,1712608331.273134,630053.1803226,12790.0,-1.6744794540224943e-09,12920.0,ASK
754,1712608331.2796826,630070.51045425,12790.0,-1.9300771979923553e-09,12920.0,ASK
755,1712608331.5127296,630084.30727788,12790.0,-1.536568517229775e-09,12920.0,ASK
756,1712608331.732816,630135.72908757,12790.0,-5.726907583046961e-09,12920.0,ASK
757,1712608331.844868,630249.28471369,12790.0,-1.2646823988609734e-08,12920.0,ASK
758,1712608332.3231168,630279.8824429,12790.0,-3.407705183712592e-09,12920.0,ASK
759,1712608333.3428848,630299.32574087,12790.0,-2.165423022938422e-09,12920.0,ASK
760,1712608333.4031782,630516.18509532,12790.0,-2.4151882031041043e-08,12920.0,ASK
761,1712608342.392836,630516.65384532,12800.0,5.2205240261654474e-11,12920.0,BID
762,1712608350.6281145,630516.65384532,12800.0,0.0,12920.0,BID
763,1712608364.155277,630625.61828819,12790.0,-1.2127232500051629e-08,12920.0,ASK
764,1712608367.4686286,630680.84768835,12790.0,-6.146773745065575e-09,12920.0,ASK
765,1712608375.7958732,630681.31643835,12790.0,-5.2169681087447805e-11,12920.0,ASK
766,1712608380.386193,630681.31643835,12790.0,-0.0,12920.0,ASK
767,1712608401.782526,630733.15026713,12790.0,-5.767510685764795e-09,12920.0,ASK
768,1712608403.0030017,630733.61901713,12800.0,5.215745580801411e-11,12920.0,BID
769,1712608409.8224342,630741.43151713,12800.0,8.692909301335681e-10,12920.0,BID
770,1712608410.4021423,630741.43151713,12800.0,0.0,12920.0,BID
771,1712608427.1023026,630864.82151713,12790.0,-1.3728336797018152e-08,12920.0,ASK
772,1712608439.152145,630878.27472289,12790.0,-1.4967999000944618e-09,12920.0,ASK
773,1712608440.4123757,630878.27472289,12790.0,-0.0,12920.0,ASK
774,1712608444.0022483,630895.49119186,12790.0,-1.915126577855264e-09,12920.0,ASK
775,1712608444.1222246,630948.79852559,12790.0,-5.929804293687253e-09,12920.0,ASK
776,1712608444.322044,630988.59075259,12790.0,-4.4264100642402114e-09,12920.0,ASK
777,1712608444.6838336,631021.57397443,12790.0,-3.668989551744293e-09,12920.0,ASK
778,1712608445.0322938,631062.78834681,12790.0,-4.584606754842497e-09,12920.0,ASK
779,1712608445.0519872,631075.35130748,12790.0,-1.3974793505841674e-09,12920.0,ASK
780,1712608445.392187,631094.43251858,12790.0,-2.1225568714930603e-09,12920.0,ASK
781,1712608445.852187,631094.90126858,12790.0,-5.214283979664416e-11,12920.0,ASK
782,1712608447.801897,631150.27715045,12790.0,-6.159905572154916e-09,12920.0,ASK
783,1712608452.4123275,631165.22129574,12790.0,-1.6623577040032935e-09,12920.0,ASK
784,1712608460.0222597,631188.14496522,12790.0,-2.549984480528882e-09,12920.0,ASK
785,1712608462.3119595,631244.83496522,12790.0,-6.306085521213533e-09,12920.0,ASK
786,1712608462.409144,631307.5810083,12790.0,-6.979747994013198e-09,12920.0,ASK
787,1712608470.4121284,631307.5810083,12790.0,-0.0,12920.0,ASK
788,1712608470.6597605,631329.12406127,12790.0,-2.394944575052246e-09,12920.0,ASK
789,1712608474.1891198,631329.59281127,12800.0,5.211101096556611e-11,12920.0,BID
790,1712608475.1322672,631344.76396451,12790.0,-1.686579483415644e-09,12920.0,ASK
791,1712608478.5021112,631504.12016451,12790.0,-1.7715653729337342e-08,12920.0,ASK
792,1712608479.326532,631524.05411686,12790.0,-2.216060606934792e-09,12920.0,ASK
793,1712608493.0528247,631633.13411686,12790.0,-1.2126440695726436e-08,12920.0,ASK
794,1712608500.462339,631633.13411686,12790.0,-0.0,12920.0,ASK
795,1712608514.415024,631633.60286686,12790.0,-5.245432350069941e-11,12920.0,ASK
796,1712608514.8516886,631947.20897586,12790.0,-3.5093325425672334e-08,12920.0,ASK
797,1712608518.0619462,632008.38897586,12790.0,-6.8461984251079914e-09,12920.0,ASK
798,1712608518.5016935,632038.70897586,12790.0,-3.392885522228534e-09,12920.0,ASK
799,1712608530.4124048,632038.70897586,12790.0,-0.0,12920.0,ASK
800,1712608541.6419346,632039.17772586,12800.0,5.242389287743339e-11,12920.0,BID
801,1712608560.6235938,632039.17772586,12800.0,0.0,12920.0,BID
802,1712608582.8619564,632039.64647586,12790.0,-5.2423857699670826e-11,12920.0,ASK
803,1712608585.693135,632046.97803787,12800.0,8.199440288597138e-10,12920.0,BID
804,1712608585.7016284,632117.05526028,12810.0,7.837265782635543e-09,12920.0,BID
805,1712608585.7081838,632141.30524365,12800.0,2.712059045132581e-09,12920.0,BID
806,1712608590.614603,632141.30524365,12800.0,0.0,12920.0,BID
807,1712608607.11192,632141.77362772,12810.0,5.237527175729392e-11,12920.0,BID
808,1712608620.3819218,632141.77362772,12810.0,0.0,12920.0,BID
809,1712608650.3748677,632141.77362772,12810.0,0.0,12920.0,BID
810,1712608651.3015666,632142.24201179,12790.0,-5.237523663033912e-11,12920.0,ASK
811,1712608676.1132646,632142.71039586,12810.0,5.2375236617321415e-11,12920.0,BID
812,1712608677.339255,632181.7424021,12810.0,4.3646030971702695e-09,12920.0,BID
813,1712608680.6561882,632181.7424021,12810.0,0.0,12920.0,BID
814,1712608710.6219964,632181.7424021,12810.0,0.0,12920.0,BID
815,1712608711.472045,632182.52304222,12820.0,8.728706410656679e-11,12920.0,BID
816,1712608723.8521907,632182.99142629,12800.0,-5.2372238234841786e-11,12920.0,ASK
817,1712608740.3838413,632182.99142629,12800.0,-0.0,12920.0,ASK
1018,1712608746.5123491,632183.45944501,12820.0,5.2331293090333595e-11,12920.0,BID
818,1712608746.5123491,632183.45944501,12820.0,5.23312930903336e-11,12920.0,BID
819,1712608770.3725374,632183.45944501,12820.0,0.0,12920.0,BID
820,1712608785.582723,632183.92746373,12800.0,-5.2331257968946726e-11,12920.0,ASK
821,1712608794.4533598,632207.82469515,12800.0,-2.6720559006315027e-09,12920.0,ASK
822,1712608794.5325763,632209.46276067,12820.0,1.8315940291734727e-10,12920.0,BID
823,1712608800.442958,632209.46276067,12820.0,0.0,12920.0,BID
824,1712608809.393015,632209.93077939,12820.0,5.241955944210515e-11,12920.0,BID
825,1712608812.2427957,632287.93389951,12820.0,8.736593252981186e-09,12920.0,BID
826,1712608830.383005,632287.93389951,12820.0,0.0,12920.0,BID
827,1712608848.0431778,632288.40191823,12810.0,-5.2413653726110605e-11,12920.0,ASK
828,1712608860.6035469,632288.40191823,12810.0,-0.0,12920.0,ASK
829,1712608867.61379,632289.18194944,12820.0,8.735603200789793e-11,12920.0,BID
830,1712608867.6226566,633069.04204313,12820.0,8.733686861348449e-08,12920.0,BID
831,1712608873.8334804,633069.51006185,12820.0,5.241361852157889e-11,12920.0,BID
832,1712608874.673159,633089.4264687,12820.0,2.2304470024736867e-09,12920.0,BID
833,1712608890.594652,633089.4264687,12820.0,0.0,12920.0,BID
834,1712608891.1752026,633089.95844998,12810.0,-5.950837593632908e-11,12920.0,ASK
835,1712608891.180985,633099.81304378,12810.0,-1.1023524598447879e-09,12920.0,ASK
836,1712608895.3352325,633236.17955776,12810.0,-1.5254201763830936e-08,12920.0,ASK
837,1712608908.0936558,633252.71472647,12810.0,-1.849653498785874e-09,12920.0,ASK
838,1712608908.098019,633315.39898714,12810.0,-7.0119733340008835e-09,12920.0,ASK
839,1712608916.903941,633315.86700586,12800.0,-5.2353409753196204e-11,12920.0,ASK
840,1712608920.4136434,633315.86700586,12800.0,-0.0,12920.0,ASK
841,1712608943.3638334,633316.33538993,12810.0,5.2377283234023625e-11,12920.0,BID
842,1712608950.3943667,633316.33538993,12810.0,0.0,12920.0,BID
843,1712608961.284006,633392.65381672,12810.0,8.534340574730755e-09,12920.0,BID
844,1712608961.289786,633394.99573693,12810.0,2.618862247568193e-10,12920.0,BID
845,1712608961.403772,633394.9957371,12810.0,1.9006561687792096e-17,12920.0,BID
846,1712608980.6256292,633394.9957371,12810.0,0.0,12920.0,BID
847,1712608982.2438362,633395.46412117,12800.0,-5.237134689248181e-11,12920.0,ASK
848,1712609008.9546285,633395.93213989,12820.0,5.233049608406137e-11,12920.0,BID
849,1712609010.6240947,633395.93213989,12820.0,0.0,12920.0,BID
850,1712609022.438841,633398.29742563,12820.0,2.6446893006931924e-10,12920.0,BID
851,1712609022.4461312,633402.90416281,12820.0,5.15091615561829e-10,12920.0,BID
852,1712609040.4078116,633402.90416281,12820.0,0.0,12920.0,BID
853,1712609050.5346837,633403.37218153,12820.0,-5.232990291363307e-11,12920.0,ASK
854,1712609070.414527,633403.37218153,12820.0,-0.0,12920.0,ASK
855,1712609079.3743806,633403.83983546,12830.0,5.228908008584524e-11,12920.0,BID
856,1712609100.434698,633403.83983546,12830.0,0.0,12920.0,BID
857,1712609102.7198968,633442.8109968,12830.0,4.381441878289503e-09,12920.0,BID
858,1712609104.374557,633450.60522906,12830.0,8.762883747678951e-10,12920.0,BID
859,1712609119.9955783,633450.71261262,12820.0,-1.2072897247895688e-11,12920.0,ASK
860,1712609120.0034995,633451.07288299,12820.0,-4.050440460287104e-11,12920.0,ASK
861,1712609130.407577,633451.07288299,12820.0,-0.0,12920.0,ASK
862,1712609147.9647713,633451.54053692,12830.0,5.2573719965364185e-11,12920.0,BID
863,1712609155.935046,633453.54755172,12830.0,2.2562888347131966e-10,12920.0,BID
864,1712609160.434945,633453.54755172,12830.0,0.0,12920.0,BID
865,1712609176.3647766,633454.01520565,12820.0,-5.2573532312583795e-11,12920.0,ASK
1065,1712609176.3647766,633454.01520565,12820.0,-5.25735323125838e-11,12920.0,ASK
866,1712609190.3964157,633454.01520565,12820.0,-0.0,12920.0,ASK
867,1712609205.2455852,633454.48285958,12830.0,5.257349687843151e-11,12920.0,BID
868,1712609220.624872,633454.48285958,12830.0,0.0,12920.0,BID
869,1712609245.325247,633454.95051351,12820.0,-5.257346142977466e-11,12920.0,ASK
870,1712609250.625048,633454.95051351,12820.0,-0.0,12920.0,ASK
871,1712609273.4950356,633455.41816744,12830.0,5.257342598263059e-11,12920.0,BID
872,1712609280.4048982,633455.41816744,12830.0,0.0,12920.0,BID
873,1712609296.5153918,633484.37547602,12820.0,-3.255364265973507e-09,12920.0,ASK
874,1712609310.4050038,633484.37547602,12820.0,-0.0,12920.0,ASK
875,1712609315.4553244,633484.84312995,12800.0,-5.2571196526763346e-11,12920.0,ASK
1075,1712609315.4553244,633484.84312995,12800.0,-5.257119652676335e-11,12920.0,ASK
876,1712609335.9952936,633547.52739062,12820.0,7.046635077219829e-09,12920.0,BID
877,1712609340.6285896,633547.52739062,12820.0,0.0,12920.0,BID
878,1712609340.771422,633547.99504455,12830.0,5.2566412430020746e-11,12920.0,BID
879,1712609370.6153924,633547.99504455,12830.0,0.0,12920.0,BID
880,1712609384.115695,633549.86566031,12830.0,2.1026551237352148e-10,12920.0,BID
881,1712609384.1249225,633625.82051217,12830.0,8.537662402539681e-09,12920.0,BID
882,1712609384.7751992,633626.2881661,12800.0,-5.256637697783308e-11,12920.0,ASK
883,1712609400.4359517,633626.2881661,12800.0,-0.0,12920.0,ASK
884,1712609408.3355663,633626.75582003,12830.0,5.267122296401842e-11,12920.0,BID
885,1712609430.405337,633626.75582003,12830.0,0.0,12920.0,BID
886,1712609449.4656084,633627.22347396,12800.0,-5.267118737031581e-11,12920.0,ASK
887,1712609456.525006,633630.57499383,12830.0,3.7747684718678924e-10,12920.0,BID
888,1712609460.615955,633630.57499383,12830.0,0.0,12920.0,BID
889,1712609472.505675,633646.77228092,12830.0,1.8242670095908031e-09,12920.0,BID
890,1712609472.5169103,633681.23750357,12830.0,3.8817468820447106e-09,12920.0,BID
891,1712609474.3958745,633681.7051575,12830.0,5.267089677343561e-11,12920.0,BID
892,1712609482.4753454,633682.7051575,12820.0,1.1262793574422018e-10,12920.0,BID
893,1712609483.9052107,633738.9551575,12820.0,-6.335321385612385e-09,12920.0,ASK
894,1712609488.0354817,633762.6882575,12820.0,-2.67301006180597e-09,12920.0,ASK
895,1712609488.1354854,633862.25502358,12820.0,-1.1213999332329e-08,12920.0,ASK
896,1712609488.2354786,633945.69703051,12820.0,-9.397900994881986e-09,12920.0,ASK
897,1712609490.6271994,633945.69703051,12820.0,-0.0,12920.0,ASK
898,1712609515.0754972,633946.16468444,12800.0,-5.2646939300022736e-11,12920.0,ASK
899,1712609520.4159744,633946.16468444,12800.0,-0.0,12920.0,ASK
900,1712609550.3865204,633946.16468444,12800.0,-0.0,12920.0,ASK
901,1712609572.3454938,633946.63233837,12830.0,5.264690382228385e-11,12920.0,BID
902,1712609576.2075098,633948.97060805,12830.0,2.632345225188869e-10,12920.0,BID
903,1712609577.64517,634026.94260805,12820.0,-8.777825058005678e-09,12920.0,ASK
904,1712609578.3954113,634049.29260805,12820.0,-2.5160876987555608e-09,12920.0,ASK
905,1712609580.0051618,634104.95660805,12820.0,-6.26646557775929e-09,12920.0,ASK
1105,1712609580.0051618,634104.95660805,12820.0,-6.2664655777592905e-09,12920.0,ASK
906,1712609580.6075346,634104.95660805,12820.0,-0.0,12920.0,ASK
907,1712609589.896171,634116.60203338,12820.0,-1.310702365479562e-09,12920.0,ASK
908,1712609589.905478,634116.62227362,12820.0,-2.278055952106236e-12,12920.0,ASK
909,1712609589.91038,634116.64660805,12800.0,-2.738860458495519e-12,12920.0,ASK
910,1712609610.6155632,634116.64660805,12800.0,-0.0,12920.0,ASK
911,1712609614.8817906,634117.11426198,12800.0,-5.2633953349014633e-11,12920.0,ASK
912,1712609640.47586,634117.11426198,12800.0,-0.0,12920.0,ASK
913,1712609670.3976555,634117.11426198,12800.0,-0.0,12920.0,ASK
914,1712609680.4253693,634117.58191591,12830.0,5.2633917875673135e-11,12920.0,BID
915,1712609700.739444,634117.58191591,12830.0,0.0,12920.0,BID
916,1712609704.5353074,634122.73391591,12810.0,-5.798602600220911e-10,12920.0,ASK
1116,1712609704.5353074,634122.73391591,12810.0,-5.798602600220912e-10,12920.0,ASK
917,1712609730.6352968,634122.73391591,12810.0,-0.0,12920.0,ASK
918,1712609743.025648,634122.74880943,12810.0,-1.676260919025726e-12,12920.0,ASK
1118,1712609743.025648,634122.74880943,12810.0,-1.6762609190257259e-12,12920.0,ASK
919,1712609743.0335357,634123.20156984,12810.0,-5.095803938297964e-11,12920.0,ASK
920,1712609760.3957975,634123.20156984,12810.0,-0.0,12920.0,ASK
1121,1712609764.0963924,634185.27902292,12810.0,-6.9867927864606375e-09,12920.0,ASK
921,1712609764.0963924,634185.27902292,12810.0,-6.986792786460637e-09,12920.0,ASK
922,1712609764.1043596,634231.02926228,12810.0,-5.1491713412864955e-09,12920.0,ASK
923,1712609770.315688,634231.10573161,12800.0,-8.606592840494414e-12,12920.0,ASK
924,1712609770.3238668,634264.53926228,12810.0,-3.762930650685e-09,12920.0,ASK
925,1712609777.225136,634265.00691621,12830.0,5.263426482669762e-11,12920.0,BID
926,1712609790.3953044,634265.00691621,12830.0,0.0,12920.0,BID
927,1712609795.2079227,634267.34883658,12810.0,2.635283327249132e-10,12920.0,BID
928,1712609811.8696826,634267.81649051,12800.0,-5.262350593490548e-11,12920.0,ASK
929,1712609814.1053045,634269.07626746,12800.0,-1.4175841480662314e-10,12920.0,ASK
930,1712609820.6254363,634269.07626746,12800.0,-0.0,12920.0,ASK
931,1712609834.2355175,634448.80971446,12810.0,2.022467479737589e-08,12920.0,BID
932,1712609839.5957778,634449.27809853,12810.0,5.2705357036115765e-11,12920.0,BID
933,1712609839.6952124,634509.34665509,12810.0,6.759270699197957e-09,12920.0,BID
934,1712609839.7049963,634533.07809853,12810.0,2.670402944230006e-09,12920.0,BID
935,1712609839.715106,634626.00598167,12810.0,1.0456797259975654e-08,12920.0,BID
936,1712609850.619918,634626.00598167,12810.0,0.0,12920.0,BID
937,1712609863.6654406,634802.01951682,12810.0,-1.97959032543547e-08,12920.0,ASK
938,1712609879.3653555,634802.48790089,12800.0,-5.267825413062327e-11,12920.0,ASK
939,1712609880.4228885,634802.48790089,12800.0,-0.0,12920.0,ASK
940,1712609910.395847,634802.48790089,12800.0,-0.0,12920.0,ASK
941,1712609939.7472315,634802.95591961,12820.0,5.2623783814900626e-11,12920.0,BID
1141,1712609939.7472315,634802.95591961,12820.0,5.262378381490063e-11,12920.0,BID
942,1712609940.453676,634802.95591961,12820.0,0.0,12920.0,BID
943,1712609970.4216025,634802.95591961,12820.0,0.0,12920.0,BID
944,1712609979.85132,634803.42393833,12810.0,-5.2623748312977757e-11,12920.0,ASK
1145,1712609985.045269,634860.65393833,12810.0,-6.43490738078753e-09,12920.0,ASK
945,1712609985.045269,634860.65393833,12810.0,-6.4349073807875305e-09,12920.0,ASK
946,1712609987.2069578,634939.01538148,12810.0,-8.810914361263181e-09,12920.0,ASK
947,1712610000.55539,634939.01538148,12810.0,-0.0,12920.0,ASK
948,1712610008.2652173,634946.82178272,12810.0,-8.776203087588255e-10,12920.0,ASK
949,1712610011.115368,635019.01538072,12810.0,8.116232540295464e-09,12920.0,BID
950,1712610011.1351955,635019.01538148,12810.0,8.54370183607669e-17,12920.0,BID
951,1712610011.5249803,635019.4834002,12820.0,5.2616144233182847e-11,12920.0,BID
952,1712610030.4182918,635019.4834002,12820.0,0.0,12920.0,BID
953,1712610050.8352056,635019.95141892,12810.0,-5.2610047462916696e-11,12920.0,ASK
954,1712610059.245161,635067.12497728,12810.0,-5.302786061011554e-09,12920.0,ASK
955,1712610060.6283605,635067.12497728,12810.0,-0.0,12920.0,ASK
956,1712610070.6054995,635116.00696804,12810.0,-5.494454243646472e-09,12920.0,ASK
957,1712610078.6352663,635116.47498676,12820.0,5.260643852318684e-11,12920.0,BID
958,1712610090.613816,635116.47498676,12820.0,0.0,12920.0,BID
959,1712610107.4463613,635118.81508037,12820.0,2.6301350448180547e-10,12920.0,BID
960,1712610110.2452374,635119.28309909,12820.0,-5.260270066084127e-11,12920.0,ASK
1160,1712610110.2452374,635119.28309909,12820.0,-5.2602700660841266e-11,12920.0,ASK
961,1712610120.232749,635158.70102582,12830.0,4.430355693411611e-09,12920.0,BID
962,1712610120.4207726,635158.70102582,12830.0,0.0,12920.0,BID
963,1712610143.6499853,635159.16867975,12830.0,5.2558500132945706e-11,12920.0,BID
964,1712610145.55569,635166.96899176,12820.0,-8.76658301278765e-10,12920.0,ASK
965,1712610150.498119,635166.96899176,12820.0,-0.0,12920.0,ASK
966,1712610170.3253937,635168.83960752,12830.0,2.1023150053990667e-10,12920.0,BID
967,1712610170.334713,635210.78255372,12830.0,4.713810663493119e-09,12920.0,BID
968,1712610176.3351622,635211.25020765,12820.0,-5.2557874006526337e-11,12920.0,ASK
969,1712610180.609275,635211.25020765,12820.0,-0.0,12920.0,ASK
970,1712610189.515066,635265.51300765,12820.0,-6.098003546070774e-09,12920.0,ASK
971,1712610192.685094,635309.92948039,12820.0,-4.991482346513291e-09,12920.0,ASK
972,1712610192.6950538,635310.70950765,12820.0,-8.765874590404445e-11,12920.0,ASK
973,1712610208.6252291,635311.17716158,12830.0,5.255451843978696e-11,12920.0,BID
974,1712610210.6171746,635311.17716158,12830.0,0.0,12920.0,BID
975,1712610240.395551,635311.17716158,12830.0,0.0,12920.0,BID
976,1712610270.3791466,635311.17716158,12830.0,0.0,12920.0,BID
977,1712610271.5251508,635311.64481157,12820.0,-5.254651079814131e-11,12920.0,ASK
978,1712610271.531654,635311.64481551,12820.0,-4.4271844395450677e-16,12920.0,ASK
979,1712610288.9351504,635444.51012183,12820.0,-1.4929131621127877e-08,12920.0,ASK
980,1712610300.6112003,635444.51012183,12820.0,-0.0,12920.0,ASK
981,1712610303.5950112,635444.97814055,12820.0,5.265003712053611e-11,12920.0,BID
982,1712610304.437723,635483.97970061,12820.0,4.387503100825386e-09,12920.0,BID
983,1712610322.6921663,635561.98282073,12820.0,8.77500620162458e-09,12920.0,BID
984,1712610330.6448126,635561.98282073,12820.0,0.0,12920.0,BID
985,1712610334.125059,635562.45083945,12810.0,-5.264111876253193e-11,12920.0,ASK
986,1712610342.1449168,635664.3613328,12810.0,-1.1462538043551382e-08,12920.0,ASK
987,1712610348.1698763,635695.52598484,12810.0,-3.5052917308094716e-09,12920.0,ASK
988,1712610360.405534,635695.52598484,12810.0,-0.0,12920.0,ASK
989,1712610366.7080617,635829.91829584,12810.0,-1.5113072043685073e-08,12920.0,ASK
990,1712610368.785385,635830.38631456,12820.0,5.2630991902806137e-11,12920.0,BID
991,1712610381.1259458,636280.38631456,12820.0,5.0604698803465376e-08,12920.0,BID
992,1712610382.295395,636553.32710464,12820.0,3.069352549595168e-08,12920.0,BID
993,1712610382.3046238,636691.6456828,12820.0,1.555459997046962e-08,12920.0,BID
994,1712610390.404653,636691.6456828,12820.0,0.0,12920.0,BID
995,1712610399.6746922,636692.11370152,12820.0,-5.2555526049138224e-11,12920.0,ASK
996,1712610420.6148248,636692.11370152,12820.0,-0.0,12920.0,ASK
997,1712610427.7156007,636702.11370152,12830.0,1.122935651685844e-09,12920.0,BID
998,1712610427.7247047,636810.31547038,12830.0,1.2150362382835184e-08,12920.0,BID
999,1712610429.224856,636810.78276009,12840.0,5.247362749707336e-11,12920.0,BID
1199,1712610429.224856,636810.78276009,12840.0,5.2473627497073355e-11,12920.0,BID
1000,1712610450.7354908,636810.78276009,12840.0,0.0,12920.0,BID
1201,1712610468.014935,636811.2500498,12830.0,-5.2464657618443296e-11,12920.0,ASK
1202,1712610475.344954,636815.07987846,12840.0,4.2999159847774456e-10,12920.0,BID
1203,1712610480.3909056,636815.07987846,12840.0,0.0,12920.0,BID
1204,1712610491.504496,636839.82397426,12830.0,-2.7781105490529702e-09,12920.0,ASK
1205,1712610495.1247118,636840.29126397,12840.0,5.2464332630085876e-11,12920.0,BID
1206,1712610510.444681,636840.29126397,12840.0,0.0,12920.0,BID
1207,1712610528.8329542,637127.07364792,12830.0,-3.2196942638441305e-08,12920.0,ASK
1208,1712610528.8358943,637151.06019314,12830.0,-2.692959762388925e-09,12920.0,ASK
1209,1712610534.7545714,637160.68986741,12830.0,-1.081119648386998e-09,12920.0,ASK
1210,1712610534.85456,637211.26232261,12840.0,5.677749158552042e-09,12920.0,BID
1211,1712610536.394727,637211.72961232,12830.0,-5.246242736258414e-11,12920.0,ASK
1212,1712610540.6144958,637211.72961232,12830.0,-0.0,12920.0,ASK
1213,1712610553.964821,637407.64610312,12830.0,-2.1983702325620817e-08,12920.0,ASK
1214,1712610553.9681609,637614.60315606,12830.0,-2.3222558894577665e-08,12920.0,ASK
1215,1712610562.174812,637615.07044577,12840.0,5.243437060360398e-11,12920.0,BID
1216,1712610566.7645843,638065.07044577,12840.0,5.0494299924089726e-08,12920.0,BID
1217,1712610570.635362,638065.07044577,12840.0,0.0,12920.0,BID
1218,1712610571.8491518,638480.73605377,12840.0,4.658440007161663e-08,12920.0,BID
1219,1712610571.8529944,638498.05765997,12840.0,1.9412638851452788e-09,12920.0,BID
1220,1712610571.8606832,638508.06463346,12840.0,1.121499704552079e-09,12920.0,BID
1221,1712610573.9545584,638509.49191981,12840.0,-1.599585750240076e-10,12920.0,ASK
1222,1712610586.7468052,638512.36961765,12850.0,3.225088265384874e-10,12920.0,BID
1223,1712610586.749612,638515.48245813,12850.0,3.4886168950645194e-10,12920.0,BID
1224,1712610586.7523131,638531.32907296,12850.0,1.7759589218167923e-09,12920.0,BID
1225,1712610586.7547116,638531.74268096,12850.0,4.6353800207357e-11,12920.0,BID
1226,1712610588.3844814,638562.94268096,12850.0,-3.496640699314397e-09,12920.0,ASK
1227,1712610588.6846242,638579.48218196,12850.0,-1.853611934060641e-09,12920.0,ASK
1228,1712610588.8845468,638585.47971619,12850.0,-6.721545603881405e-10,12920.0,ASK
1229,1712610593.304541,638622.25971619,12850.0,-4.122001439762606e-09,12920.0,ASK
1230,1712610593.9145343,638633.63971619,12850.0,-1.275377280709135e-09,12920.0,ASK
1231,1712610600.4246168,638633.63971619,12850.0,-0.0,12920.0,ASK
1232,1712610602.4394844,638634.1070059,12850.0,-5.2398074487355353e-11,12920.0,ASK
1233,1712610602.7149556,638634.61688029,12860.0,5.7173174790721876e-11,12920.0,BID
1234,1712610603.2243965,638635.1345026,12860.0,5.8041963639458367e-11,12920.0,BID
1235,1712610605.6291175,638635.91210757,12860.0,8.719430852810894e-11,12920.0,BID
1236,1712610607.1567156,638683.70968737,12850.0,-5.359632564849408e-09,12920.0,ASK
1237,1712610607.159196,638997.24844264,12850.0,-3.5157690621958793e-08,12920.0,ASK
1238,1712610607.1616745,639169.20915668,12840.0,-1.9282278447993856e-08,12920.0,ASK
1239,1712610607.1640766,639474.93672863,12830.0,-3.42818079377916e-08,12920.0,ASK
1240,1712610607.1663773,639475.93672863,12850.0,-1.1213188172444054e-10,12920.0,ASK
1241,1712610607.1677833,639537.19406717,12840.0,-6.868900639926504e-09,12920.0,ASK
1242,1712610607.1691928,639539.19406717,12830.0,-2.2426376344888108e-10,12920.0,ASK
1243,1712610607.1706152,639823.84316318,12840.0,-3.1918238766764484e-08,12920.0,ASK
1244,1712610607.1720698,642731.18687743,12830.0,-3.2600592149856573e-07,12920.0,ASK
1245,1712610612.494414,642733.90684972,12830.0,-3.0499561112709936e-10,12920.0,ASK
1246,1712610628.904486,642742.95515842,12860.0,1.0146038809516952e-09,12920.0,BID
1247,1712610630.4164476,642742.95515842,12860.0,0.0,12920.0,BID
1248,1712610632.8244703,642743.4217214,12860.0,5.2009039527037614e-11,12920.0,BID
1249,1712610637.0745456,642745.22576494,12860.0,2.0110162145284544e-10,12920.0,BID
1250,1712610660.615633,642745.22576494,12860.0,0.0,12920.0,BID
1251,1712610664.234265,642776.13806928,12860.0,3.44586710517163e-09,12920.0,BID
1252,1712610668.8503647,642776.60463226,12830.0,-5.2008870250980844e-11,12920.0,ASK
1253,1712610670.0552144,642778.19128276,12830.0,-1.7686765454575522e-10,12920.0,ASK
1254,1712610671.5696642,642779.38127063,12830.0,-1.326507403610344e-10,12920.0,ASK
1255,1712610690.650642,642779.38127063,12830.0,-0.0,12920.0,ASK
1256,1712610699.7549293,642779.84783361,12860.0,5.200632441162881e-11,12920.0,BID
1257,1712610709.0842974,642821.8494277,12860.0,4.6817870723189295e-09,12920.0,BID
1258,1712610717.6406417,642859.64875895,12860.0,4.213373902162071e-09,12920.0,BID
1259,1712610720.399987,642859.64875895,12860.0,0.0,12920.0,BID
1260,1712610724.7252364,642860.42878895,12860.0,8.693751520458214e-11,12920.0,BID
1261,1712610724.7289262,642890.55220568,12860.0,3.357377280241527e-09,12920.0,BID
1262,1712610724.732049,642893.66627061,12860.0,3.470751986234315e-10,12920.0,BID
1263,1712610731.6245434,642894.13283359,12840.0,-5.2000341235626376e-11,12920.0,ASK
1264,1712610750.3813732,642894.13283359,12840.0,-0.0,12920.0,ASK
1265,1712610758.8245895,642894.59939657,12860.0,5.199777123490338e-11,12920.0,BID
1266,1712610761.5750518,642894.77628259,12860.0,1.9713691821296603e-11,12920.0,BID
1267,1712610763.4147298,642904.47263068,12870.0,1.0806440104332398e-09,12920.0,BID
1268,1712610767.0745692,642920.09763068,12860.0,-1.741383715432723e-09,12920.0,ASK
1269,1712610780.6398635,642920.09763068,12860.0,-0.0,12920.0,ASK
1270,1712610800.7550647,642920.56419366,12860.0,-5.1995835739684033e-11,12920.0,ASK
1271,1712610810.7235382,642920.56419366,12860.0,-0.0,12920.0,ASK
1272,1712610822.324814,642927.66023064,12860.0,-7.90813121152442e-10,12920.0,ASK
1273,1712610829.628616,642928.12679362,12860.0,5.199580095886269e-11,12920.0,BID
1274,1712610840.4138231,642928.12679362,12860.0,0.0,12920.0,BID
1275,1712610845.625167,642978.12669362,12860.0,5.572145203216277e-09,12920.0,BID
1276,1712610847.1049037,643028.12669362,12860.0,5.5721563475230155e-09,12920.0,BID
1277,1712610848.615213,643146.72239362,12860.0,1.3216675650872808e-08,12920.0,BID
1278,1712610859.1199725,643160.93534349,12860.0,1.5839355767071555e-09,12920.0,BID
1279,1712610859.122298,643160.93537482,12860.0,3.4915176981930534e-15,12920.0,BID
1280,1712610859.1349473,643240.93537482,12860.0,8.915450156036823e-09,12920.0,BID
1281,1712610859.2151752,643467.93537482,12860.0,2.5297589817754493e-08,12920.0,BID
1282,1712610859.874802,643471.8233997,12860.0,4.3329365028490275e-10,12920.0,BID
1283,1712610860.0147765,643482.31864703,12860.0,1.1696231805793435e-09,12920.0,BID
1284,1712610860.6149297,643554.22034703,12860.0,8.012950281046044e-09,12920.0,BID
1285,1712610860.7784984,643554.22038746,12860.0,4.5056449018596105e-15,12920.0,BID
1286,1712610864.4050524,643554.68695044,12850.0,-5.199523742027344e-11,12920.0,ASK
1287,1712610870.3866093,643554.68695044,12850.0,-0.0,12920.0,ASK
1288,1712610888.5149877,643564.68695044,12860.0,1.1134314530812302e-09,12920.0,BID
1289,1712610893.9205933,643565.1531509,12870.0,5.190822555841583e-11,12920.0,BID
1290,1712610894.4548683,643566.90217964,12870.0,1.94742361144242e-10,12920.0,BID
1291,1712610900.4451964,643566.90217964,12870.0,0.0,12920.0,BID
1292,1712610928.356094,643611.36137964,12870.0,4.95314782060353e-09,12920.0,BID
1293,1712610930.1980605,643659.65647964,12870.0,5.380500983188043e-09,12920.0,BID
1294,1712610930.418367,643659.65647964,12870.0,0.0,12920.0,BID
1295,1712610931.6851752,643828.49917964,12870.0,1.8808067689234412e-08,12920.0,BID
1296,1712610931.9091928,643838.69394248,12870.0,1.1356356512391824e-09,12920.0,BID
1297,1712610931.945002,643848.88504077,12870.0,1.135227442267941e-09,12920.0,BID
1298,1712610932.08505,643893.38794077,12870.0,4.957357087791939e-09,12920.0,BID
1299,1712610932.12508,643893.85414123,12860.0,-5.193194498835489e-11,12920.0,ASK
1300,1712610933.26545,644065.1531509,12870.0,1.9081685906316337e-08,12920.0,BID
1301,1712610933.2750118,644065.85414123,12870.0,7.808613327928559e-11,12920.0,BID
1302,1712610933.7156415,644085.07606275,12880.0,2.141207177240701e-09,12920.0,BID
1303,1712610933.7196348,644220.73429318,12870.0,1.5111516106602317e-08,12920.0,BID
1304,1712610933.723565,644221.23936118,12870.0,5.626155664739477e-11,12920.0,BID
1305,1712610960.6368933,644221.23936118,12870.0,0.0,12920.0,BID
1306,1712610964.0156057,644221.70519968,12880.0,5.1849878953375366e-11,12920.0,BID
1307,1712610969.7752402,644228.97406613,12880.0,8.09056884746277e-10,12920.0,BID
1308,1712610989.665935,644236.71400421,12880.0,8.614892341364951e-10,12920.0,BID
1309,1712610990.6377423,644236.71400421,12880.0,0.0,12920.0,BID
1310,1712610997.8753512,644237.17984271,12860.0,-5.18487287302609e-11,12920.0,ASK
1311,1712611003.6974883,644237.67526757,12880.0,5.514174797663806e-11,12920.0,BID
1312,1712611013.7378914,644244.98547883,12860.0,-8.136406942160852e-10,12920.0,ASK
1313,1712611016.0035,644283.86572766,12860.0,4.327447117971043e-09,12920.0,BID
1314,1712611020.4320033,644283.86572766,12860.0,0.0,12920.0,BID
1315,1712611027.3557053,644286.8633107,12860.0,3.336142912291799e-10,12920.0,BID
1316,1712611027.3577895,644288.73572766,12860.0,2.08389575414294e-10,12920.0,BID
1317,1712611030.185516,644289.7283296,12860.0,1.1047106560313436e-10,12920.0,BID
1318,1712611048.3320446,644296.48649709,12880.0,7.521463882988179e-10,12920.0,BID
1319,1712611048.3336327,644297.26652709,12880.0,8.681299304128829e-11,12920.0,BID
1320,1712611048.3351653,644367.36808115,12880.0,7.801912393896482e-09,12920.0,BID
1321,1712611050.4240673,644367.36808115,12880.0,0.0,12920.0,BID
1322,1712611053.5309873,644367.83428161,12870.0,5.187930455775224e-11,12920.0,BID
1323,1712611064.3861623,644383.37429715,12870.0,1.7293101749889831e-09,12920.0,BID
1324,1712611080.615908,644383.37429715,12870.0,0.0,12920.0,BID
1325,1712611095.4555469,644383.84049761,12860.0,-5.1878115321533005e-11,12920.0,ASK
1326,1712611106.2557242,644421.26194361,12860.0,-4.164204579890582e-09,12920.0,ASK
1327,1712611106.355518,644421.26194404,12860.0,-4.7841076474553406e-17,12920.0,ASK
1328,1712611110.0456266,644499.0224417,12860.0,8.653076112839555e-09,12920.0,BID
1329,1712611110.6192782,644499.0224417,12860.0,0.0,12920.0,BID
1330,1712611120.3858702,644537.90269053,12860.0,4.325822144182558e-09,12920.0,BID
1331,1712611125.125517,644538.36925351,12860.0,5.190986506376455e-11,12920.0,BID
1332,1712611140.395915,644538.36925351,12860.0,0.0,12920.0,BID
1333,1712611150.32566,644577.24950234,12860.0,4.3255786243289376e-09,12920.0,BID
1334,1712611151.7958555,644579.12197512,12860.0,2.0831986614800383e-10,12920.0,BID
1335,1712611161.0255413,644579.5885381,12840.0,-5.190694282571404e-11,12920.0,ASK
1336,1712611166.3257043,644580.36614307,12860.0,8.651157175610533e-11,12920.0,BID
1337,1712611170.417923,644580.36614307,12860.0,0.0,12920.0,BID
1338,1712611183.3461022,644599.80626749,12860.0,2.162659369422829e-09,12920.0,BID
1339,1712611183.3497274,644603.69429237,12860.0,4.3253187343646536e-10,12920.0,BID
1340,1712611187.2761602,644864.91014358,12850.0,-2.905953150590335e-08,12920.0,ASK
1341,1712611200.440519,644864.91014358,12850.0,-0.0,12920.0,ASK
1342,1712611213.5260494,644912.48991011,12850.0,5.292184342912978e-09,12920.0,BID
1343,1712611225.2158065,644912.95683618,12850.0,5.1935076962313805e-11,12920.0,BID
1344,1712611230.3859997,644912.95683618,12850.0,0.0,12920.0,BID
1345,1712611242.2059371,644962.70936143,12840.0,-5.533475136667671e-09,12920.0,ASK
1346,1712611248.7158408,644963.78035052,12840.0,-1.1911539105741136e-10,12920.0,ASK
1347,1712611250.2505755,644964.53004288,12840.0,-8.338077339836839e-11,12920.0,ASK
1348,1712611254.4762003,645012.4902732,12840.0,-5.334136120540381e-09,12920.0,ASK
1349,1712611254.4798265,645061.44134147,12840.0,-5.444337102970523e-09,12920.0,ASK
1350,1712611259.955742,645061.90826754,12840.0,-5.1931510737956157e-11,12920.0,ASK
1351,1712611260.6382644,645061.90826754,12840.0,-0.0,12920.0,ASK
1352,1712611264.7061746,645067.73413705,12860.0,6.47815324127083e-10,12920.0,BID
1353,1712611264.70986,645077.46036707,12860.0,1.0815211089458152e-09,12920.0,BID
1354,1712611266.5296268,645085.06036707,12840.0,-8.450921282980754e-10,12920.0,ASK
1355,1712611276.7658849,645128.03582569,12860.0,4.7787133934043015e-09,12920.0,BID
1356,1712611276.7761145,645162.79383673,12870.0,3.864963358583052e-09,12920.0,BID
1357,1712611287.105886,645163.26003719,12870.0,5.1839781452468236e-11,12920.0,BID
1358,1712611290.6360643,645163.26003719,12870.0,0.0,12920.0,BID
1359,1712611320.4133084,645163.26003719,12870.0,0.0,12920.0,BID
1360,1712611327.6858497,645163.72623765,12850.0,-5.1832268157358957e-11,12920.0,ASK
1361,1712611339.76575,645167.15108777,12850.0,-3.8077557843782967e-10,12920.0,ASK
1362,1712611339.7755065,645202.56175028,12850.0,-3.936965130664614e-09,12920.0,ASK
1363,1712611350.4182928,645202.56175028,12850.0,-0.0,12920.0,ASK
1364,1712611354.3458776,645203.02795074,12870.0,5.1829357990075934e-11,12920.0,BID
1365,1712611372.0459518,645203.80495151,12870.0,8.638226370074971e-11,12920.0,BID
1366,1712611375.59607,645207.68995539,12870.0,4.3191132177816416e-10,12920.0,BID
1367,1712611380.6160066,645207.68995539,12870.0,0.0,12920.0,BID
1368,1712611392.4059198,645208.15615585,12860.0,-5.182897770881263e-11,12920.0,ASK
1369,1712611410.639817,645208.15615585,12860.0,-0.0,12920.0,ASK
1370,1712611417.2960806,645209.24516534,12860.0,-1.2106854409614273e-10,12920.0,ASK
1371,1712611417.3000834,645213.59486507,12860.0,-4.835695358066075e-10,12920.0,ASK
1372,1712611421.358807,645214.06106553,12870.0,5.182894316375157e-11,12920.0,BID
1373,1712611440.4477668,645214.06106553,12870.0,0.0,12920.0,BID
1374,1712611460.5762818,645214.52726599,12860.0,-5.182850557910385e-11,12920.0,ASK
1375,1712611469.9060423,645217.48741556,12860.0,-3.2908618003262467e-10,12920.0,ASK
1376,1712611469.9100966,645253.89734473,12860.0,-4.047769959715879e-09,12920.0,ASK
1377,1712611470.2974389,645256.22834707,12870.0,2.5914253236055793e-10,12920.0,BID
1378,1712611470.2992933,645262.29052147,12870.0,6.73944937168631e-10,12920.0,BID
1379,1712611470.30105,645267.16231636,12870.0,5.416078925539718e-10,12920.0,BID
1380,1712611470.3957171,645267.16231636,12870.0,0.0,12920.0,BID
1381,1712611470.5268347,645327.40431636,12870.0,-6.696723919256874e-09,12920.0,ASK
1382,1712611478.4758463,645338.41919489,12870.0,-1.2244547079975475e-09,12920.0,ASK
1383,1712611500.6135156,645338.41919489,12870.0,-0.0,12920.0,ASK
1384,1712611515.0060098,645339.41919489,12870.0,-1.1165667812496492e-10,12920.0,ASK
1385,1712611525.275979,645339.88503339,12880.0,5.2013979460055555e-11,12920.0,BID
1386,1712611530.6558204,645339.88503339,12880.0,0.0,12920.0,BID
1387,1712611548.875914,645341.88503339,12880.0,2.2331288573827646e-10,12920.0,BID
1388,1712611560.4161625,645341.88503339,12880.0,0.0,12920.0,BID
1389,1712611560.8478856,645342.35087189,12870.0,-5.2013720250334113e-11,12920.0,ASK
1390,1712611564.51607,645433.1268659,12880.0,1.013569543607452e-08,12920.0,BID
1391,1712611564.5209007,645492.35087189,12880.0,6.612722821323767e-09,12920.0,BID
1392,1712611589.846058,645492.81671039,12880.0,5.20137202633326e-11,12920.0,BID
1393,1712611590.4073997,645492.81671039,12880.0,0.0,12920.0,BID
1394,1712611599.6560187,645492.91968218,12870.0,-1.1494935639567735e-11,12920.0,ASK
1395,1712611599.6593175,645594.47547818,12870.0,-1.1336865550655724e-08,12920.0,ASK
1396,1712611599.9960086,645595.25187569,12880.0,8.667072221416041e-11,12920.0,BID
1397,1712611611.5160537,645631.98180265,12880.0,4.100231203269145e-09,12920.0,BID
1398,1712611620.6151705,645631.98180265,12880.0,0.0,12920.0,BID
1399,1712611650.6159282,645631.98180265,12880.0,0.0,12920.0,BID
1400,1712611651.2260723,645634.15571569,12880.0,2.42629502329191e-10,12920.0,BID
1401,1712611658.576126,645634.62155419,12870.0,-5.199203525191134e-11,12920.0,ASK
1402,1712611660.7260666,645636.95074674,12880.0,2.599601818725604e-10,12920.0,BID
1403,1712611680.4163146,645636.95074674,12880.0,0.0,12920.0,BID
1404,1712611683.2660215,645637.41622385,12890.0,5.195132961297341e-11,12920.0,BID
1405,1712611710.4202862,645637.41622385,12890.0,0.0,12920.0,BID
1406,1712611721.5960088,645637.88170096,12880.0,-5.1951294823651747e-11,12920.0,ASK
1407,1712611738.8163407,645661.29887221,12880.0,-2.613560025616617e-09,12920.0,ASK
1408,1712611740.645854,645661.29887221,12880.0,-0.0,12920.0,ASK
1409,1712611747.260816,645661.6134251,12890.0,3.510563369219506e-11,12920.0,BID
1410,1712611747.2668357,645661.76434932,12890.0,1.6843877611961806e-11,12920.0,BID
1411,1712611770.62603,645661.76434932,12890.0,0.0,12920.0,BID
1412,1712611778.6662245,645671.76434932,12890.0,1.1160479301962252e-09,12920.0,BID
1413,1712611779.0967443,645685.08434932,12880.0,-1.4865758430286483e-09,12920.0,ASK
1414,1712611789.2861185,645685.54982643,12880.0,-5.194947651727042e-11,12920.0,ASK
1415,1712611800.7363365,645685.54982643,12880.0,-0.0,12920.0,ASK
1416,1712611814.8006985,645686.32994879,12880.0,-8.746416581929958e-11,12920.0,ASK
1417,1712611814.8027186,645920.14982643,12880.0,-2.6214939602847696e-08,12920.0,ASK
1418,1712611828.9061584,645921.02446752,12880.0,-9.806122378553643e-11,12920.0,ASK
1419,1712611830.4101827,645921.46178807,12880.0,-4.90306124670569e-11,12920.0,ASK
1420,1712611830.6259253,645921.46178807,12880.0,-0.0,12920.0,ASK
1421,1712611840.266249,645928.94692155,12880.0,-8.38917118080149e-10,12920.0,ASK
1422,1712611850.7461166,645929.41239866,12890.0,5.216963955326476e-11,12920.0,BID
1423,1712611860.4259942,645929.41239866,12890.0,0.0,12920.0,BID
1424,1712611880.3662572,645929.87787577,12880.0,-5.216904077166725e-11,12920.0,ASK
1425,1712611884.1228,645945.11063077,12880.0,-1.7072337169377171e-09,12920.0,ASK
1426,1712611890.4062333,645945.11063077,12880.0,-0.0,12920.0,ASK
1427,1712611906.4025066,645960.11536229,12880.0,-1.681639537790162e-09,12920.0,ASK
1428,1712611906.4065826,645993.37687748,12880.0,-3.727749407306156e-09,12920.0,ASK
1429,1712611914.5462706,645993.84235459,12890.0,5.216785859021469e-11,12920.0,BID
1430,1712611920.6360126,645993.84235459,12890.0,0.0,12920.0,BID
1431,1712611924.4963453,646237.48235459,12880.0,-2.730377660799761e-08,12920.0,ASK
1432,1712611930.3394637,646317.13888008,12890.0,8.92679353697195e-09,12920.0,BID
1433,1712611930.3722682,646482.23040745,12880.0,-1.8501158197276186e-08,12920.0,ASK
1434,1712611930.37464,646788.31092608,12880.0,-3.430123996360472e-08,12920.0,ASK
1435,1712611931.5860832,647238.31092608,12880.0,-5.0429730231481785e-08,12920.0,ASK
1436,1712611931.686274,647273.17423495,12880.0,-3.906993913979921e-09,12920.0,ASK
1437,1712611931.688784,647330.23584389,12880.0,-6.394670100931554e-09,12920.0,ASK
1438,1712611949.9919806,647330.701321,12870.0,-5.216418908086038e-11,12920.0,ASK
1439,1712611950.6297948,647330.701321,12870.0,-0.0,12920.0,ASK
1440,1712611971.0941207,647338.97708,12870.0,-9.256455221956923e-10,12920.0,ASK
1441,1712611971.2666738,647350.83842741,12870.0,-1.326694399548122e-09,12920.0,ASK
1442,1712611971.2761638,647394.305176,12870.0,-4.861765693856776e-09,12920.0,ASK
1443,1712611971.368097,647613.18025819,12870.0,-2.4481227613063666e-08,12920.0,ASK
1444,1712611971.4475183,647750.83842741,12870.0,-1.5397097466516303e-08,12920.0,ASK
1445,1712611980.406247,647750.83842741,12870.0,-0.0,12920.0,ASK
1446,1712611981.3560417,647751.30462787,12870.0,5.211310962327778e-11,12920.0,BID
1447,1712611995.6961985,647775.88549982,12870.0,2.747714308601134e-09,12920.0,BID
1448,1712612010.4263244,647775.88549982,12870.0,0.0,12920.0,BID
1449,1712612017.6161697,647776.35170028,12850.0,-5.211123185867221e-11,12920.0,ASK
1450,1712612018.4059706,647800.93257223,12850.0,-2.747615301638928e-09,12920.0,ASK
1451,1712612040.6159887,647800.93257223,12850.0,-0.0,12920.0,ASK
1452,1712612047.3860407,647801.39877269,12870.0,5.210935714711667e-11,12920.0,BID
1453,1712612070.7194932,647801.39877269,12870.0,0.0,12920.0,BID
1454,1712612079.8088374,647801.86497315,12850.0,-5.210932220013384e-11,12920.0,ASK
1455,1712612080.0788472,647808.49328292,12870.0,7.408759945500192e-10,12920.0,BID
1456,1712612100.3982894,647808.49328292,12870.0,0.0,12920.0,BID
1457,1712612104.28592,647840.1686651,12870.0,3.567018554430346e-09,12920.0,BID
1458,1712612104.2907002,647908.49328292,12870.0,7.694151189813464e-09,12920.0,BID
1459,1712612108.2036357,647908.95948338,12870.0,5.249962514694382e-11,12920.0,BID
1460,1712612111.9461973,647920.8508182,12870.0,1.339103398944801e-09,12920.0,BID
1461,1712612120.3260355,647963.2208182,12870.0,4.771357620635578e-09,12920.0,BID
1462,1712612130.4266894,647963.2208182,12870.0,0.0,12920.0,BID
1463,1712612160.6064568,647963.2208182,12870.0,0.0,12920.0,BID
1464,1712612171.2087345,647966.2385172,12890.0,3.39752017855723e-10,12920.0,BID
1465,1712612171.2133043,647966.24565472,12870.0,8.03588039937476e-13,12920.0,BID
1466,1712612181.4538016,647966.71185518,12860.0,-5.2487854821182086e-11,12920.0,ASK
1467,1712612190.616188,647966.71185518,12860.0,-0.0,12920.0,ASK
1468,1712612208.555902,647967.17769368,12880.0,5.2446837409638535e-11,12920.0,BID
1469,1712612213.045901,648729.71185518,12880.0,8.585057950735983e-08,12920.0,BID
1470,1712612213.0555706,648765.37583443,12880.0,4.015260483712462e-09,12920.0,BID
1471,1712612220.3881752,648765.37583443,12880.0,0.0,12920.0,BID
1472,1712612238.5362992,648784.78577232,12880.0,-2.182756981054271e-09,12920.0,ASK
1473,1712612247.7661278,648785.25161082,12880.0,-5.238616648698083e-11,12920.0,ASK
1474,1712612250.3962464,648785.25161082,12880.0,-0.0,12920.0,ASK
1475,1712612254.5157173,648818.94161082,12880.0,-3.78852143353603e-09,12920.0,ASK
1476,1712612278.8757586,648819.40708793,12890.0,5.23440192360957e-11,12920.0,BID
1477,1712612280.6268551,648819.40708793,12890.0,0.0,12920.0,BID
