,time,acc_trade_volume,trade_price,dev,high,ask_bid
0,1712601588.485896,39655166.92046203,608.8,0.0,622.8,ASK
1,1712601600.216716,39655166.92046203,608.8,-0.0,622.8,ASK
2,1712601613.87634,39657630.78379975,608.8,1.0245435294355324e-07,622.8,BID
3,1712601625.5960128,39658111.85004628,608.9,-2.000408474609148e-08,622.8,ASK
4,1712601630.2164233,39658111.85004628,608.9,-0.0,622.8,ASK
5,1712601637.2462318,39658121.6748375,610.7,4.085119379444896e-10,622.8,BID
6,1712601660.3367844,39658121.6748375,610.7,0.0,622.8,BID
7,1712601667.9462326,39658131.49962872,609.9,-4.085118360296755e-10,622.8,ASK
8,1712601674.2261703,39658398.49962872,610.1,-1.1101778933142472e-08,622.8,ASK
9,1712601690.3264678,39658398.49962872,610.1,-0.0,622.8,ASK
10,1712601703.926165,39658408.32441994,610.7,4.0850896702828777e-10,622.8,BID
11,1712601720.2167213,39658408.32441994,610.7,0.0,622.8,BID
12,1712601724.348796,39658411.59935036,610.7,1.361696225310937e-10,622.8,BID
13,1712601724.4859,39659227.05702136,610.7,-3.3906235809498004e-08,622.8,ASK
14,1712601737.6358917,39659227.05702187,610.7,-2.1375553216271066e-17,622.8,ASK
15,1712601737.6375203,39659236.88181258,609.9,-4.085088440491935e-10,622.8,ASK
16,1712601750.2058446,39659236.88181258,609.9,-0.0,622.8,ASK
17,1712601756.9358542,39659556.88181258,611.5,1.3305126162128788e-08,622.8,BID
18,1712601758.505807,39659697.88181258,610.5,-5.862571215187997e-09,622.8,ASK
19,1712601758.5073016,39662213.11046024,610.3,-1.0457948276147964e-07,622.8,ASK
20,1712601774.6457083,39662222.92239809,611.5,4.0796584699489157e-10,622.8,BID
21,1712601780.326036,39662222.92239809,611.5,0.0,622.8,BID
22,1712601803.1253712,39662768.11866894,611.4,2.2666735745446243e-08,622.8,BID
23,1712601806.1157546,39662777.93060679,610.4,-4.0793492949513103e-10,622.8,ASK
24,1712601809.925556,39663104.93060679,611.1,-1.35951454274631e-08,622.8,ASK
25,1712601810.3456197,39663104.93060679,611.1,-0.0,622.8,ASK
26,1712601840.2056568,39663104.93060679,611.1,-0.0,622.8,ASK
27,1712601860.9857626,39663268.5967279,611.0,6.804326738100618e-09,622.8,BID
28,1712601865.7955022,39663704.93060679,611.0,1.8140335084173972e-08,622.8,BID
29,1712601865.9160323,39665749.17640479,611.0,-8.498836685449329e-08,622.8,ASK
30,1712601865.9972034,39665749.17640532,611.0,-2.19925119154341e-17,622.8,ASK
31,1712601870.225486,39665749.17640532,611.0,-0.0,622.8,ASK
32,1712601874.208892,39665758.99637258,611.0,4.082321835321624e-10,622.8,BID
33,1712601900.226034,39665758.99637258,611.0,0.0,622.8,BID
34,1712601903.8951645,39665768.81633984,610.5,-4.0829953931411496e-10,622.8,ASK
35,1712601928.0152209,39665922.66249369,610.5,-6.396692785479119e-09,622.8,ASK
36,1712601930.2052453,39665922.66249369,610.5,-0.0,622.8,ASK
37,1712601936.6463065,39668413.35732239,610.5,1.03558932438759e-07,622.8,BID
38,1712601936.6552095,39669063.66249369,610.5,2.7038603253869192e-08,622.8,BID
39,1712601936.9850605,39669073.49050351,610.5,4.086322392383072e-10,622.8,BID
40,1712601958.246394,39669645.41419051,610.5,2.377963200443584e-08,622.8,BID
41,1712601960.3255315,39669645.41419051,610.5,0.0,622.8,BID
42,1712601970.6650026,39669655.24220033,610.4,-4.085936284761655e-10,622.8,ASK
43,1712601990.3451743,39669655.24220033,610.4,-0.0,622.8,ASK
44,1712602001.7153327,39669655.24220064,610.5,1.3009640849835257e-17,622.8,BID
45,1712602001.716819,39669665.05734837,611.3,4.08058792851588e-10,622.8,BID
46,1712602001.7946968,39669671.61203855,610.4,-2.7250725485387394e-10,622.8,ASK
47,1712602020.5660188,39669671.61203855,610.4,-0.0,622.8,ASK
48,1712602038.324738,39669681.42718659,609.0,-4.0805863619666007e-10,622.8,ASK
49,1712602040.9649906,39670289.44065606,609.0,-2.5277779419273112e-08,622.8,ASK
50,1712602050.1948764,39670289.44065606,609.0,-0.0,622.8,ASK
51,1712602069.8046913,39670299.26866588,610.5,4.085869652905136e-10,622.8,BID
52,1712602080.3149853,39670299.26866588,610.5,0.0,622.8,BID
53,1712602103.0846095,39670845.26866588,610.5,2.269924750313786e-08,622.8,BID
54,1712602110.3249087,39670845.26866588,610.5,0.0,622.8,BID
55,1712602137.4741683,39670894.26866588,609.4,-2.037083725726392e-09,622.8,ASK
56,1712602137.5143197,39670894.49741546,609.4,-9.509837715768603e-12,622.8,ASK
57,1712602140.146368,39670904.32542528,608.5,-4.085812012980604e-10,622.8,ASK
58,1712602140.1944845,39670904.32542528,608.5,-0.0,622.8,ASK
59,1712602162.6442418,39674214.93143703,608.6,-1.3763207226704918e-07,622.8,ASK
60,1712602170.2045836,39674214.93143703,608.6,-0.0,622.8,ASK
61,1712602200.2243369,39674214.93143703,608.6,-0.0,622.8,ASK
62,1712602206.4741828,39674224.76911533,609.9,4.089691134694569e-10,622.8,BID
63,1712602230.217518,39674224.76911533,609.9,0.0,622.8,BID
64,1712602241.334055,39674234.60679363,608.6,-4.089690114602092e-10,622.8,ASK
65,1712602260.2244556,39674234.60679363,608.6,-0.0,622.8,ASK
66,1712602290.2238183,39674234.60679363,608.6,-0.0,622.8,ASK
67,1712602301.5942178,39675150.20179056,608.5,-3.8062831110735824e-08,622.8,ASK
68,1712602301.6039798,39682214.93357061,608.6,-2.93692837432113e-07,622.8,ASK
69,1712602301.6059248,39689842.3675575,608.5,-3.170853189731029e-07,622.8,ASK
70,1712602308.0239117,39689852.22624958,608.6,4.098424880695796e-10,622.8,BID
71,1712602320.316115,39689852.22624958,608.6,0.0,622.8,BID
72,1712602330.5841973,39689901.53591428,608.5,-2.049076493245781e-09,622.8,ASK
73,1712602339.7740088,39689911.39460636,608.5,-4.0968062385309564e-10,622.8,ASK
74,1712602345.973668,39689921.24035627,609.4,4.0914280836027827e-10,622.8,BID
75,1712602350.343908,39689921.24035627,609.4,0.0,622.8,BID
76,1712602374.2238195,39689931.08610618,608.5,-4.09142094518364e-10,622.8,ASK
77,1712602380.1944952,39689931.08610618,608.5,-0.0,622.8,ASK
78,1712602402.9072845,39689943.88610618,609.6,5.31906411415339e-10,622.8,BID
79,1712602402.909188,39689978.50798629,610.6,1.4387187509546347e-09,622.8,BID
80,1712602402.910781,39690477.50798629,610.0,2.073603901234785e-08,622.8,BID
81,1712602410.2138474,39690477.50798629,610.0,0.0,622.8,BID
82,1712602411.1535065,39690487.33599611,610.5,4.083991427143724e-10,622.8,BID
83,1712602440.3239007,39690487.33599611,610.5,0.0,622.8,BID
84,1712602470.333646,39690487.33599611,610.5,0.0,622.8,BID
85,1712602484.573502,39690497.16400593,608.5,-4.0839904057958247e-10,622.8,ASK
86,1712602500.2338717,39690497.16400593,608.5,-0.0,622.8,ASK
87,1712602510.0635087,39691710.54587453,608.5,-5.042341511680216e-08,622.8,ASK
88,1712602519.8737955,39691720.38677989,609.7,4.089496216956615e-10,622.8,BID
89,1712602530.220814,39691720.38677989,609.7,0.0,622.8,BID
90,1712602548.2844212,39691730.22768525,608.5,-4.0893697246349294e-10,622.8,ASK
91,1712602560.326464,39691730.22768525,608.5,-0.0,622.8,ASK
92,1712602583.1951718,39691740.06859061,609.7,4.0893687070439956e-10,622.8,BID
93,1712602590.3155627,39691740.06859061,609.7,0.0,622.8,BID
94,1712602620.2265575,39691740.06859061,609.7,0.0,622.8,BID
95,1712602620.2363896,39691749.90949597,608.6,-4.089367687446816e-10,622.8,ASK
96,1712602650.207551,39691749.90949597,608.6,-0.0,622.8,ASK
97,1712602654.5773003,39691759.73911589,610.4,4.084677027078371e-10,622.8,BID
98,1712602680.338282,39691759.73911589,610.4,0.0,622.8,BID
99,1712602703.2083857,39692305.82856543,610.4,2.269262181643199e-08,622.8,BID
100,1712602710.318464,39692305.82856543,610.4,0.0,622.8,BID
101,1712602710.530064,39700685.37077335,610.4,3.482051311990032e-07,622.8,BID
102,1712602720.6885376,39700695.20039327,608.9,-4.0846194302335446e-10,622.8,ASK
103,1712602740.1893206,39700695.20039327,608.9,-0.0,622.8,ASK
104,1712602770.2198832,39700695.20039327,608.9,-0.0,622.8,ASK
105,1712602785.1997826,39700705.03001319,610.4,4.0837504393136634e-10,622.8,BID
106,1712602800.3003666,39700705.03001319,610.4,0.0,622.8,BID
107,1712602818.8802304,39700714.85963311,609.3,-4.0838988178515917e-10,622.8,ASK
108,1712602830.220626,39700714.85963311,609.3,-0.0,622.8,ASK
109,1712602853.9413157,39700724.68925303,610.4,4.0838978016473175e-10,622.8,BID
110,1712602860.3217373,39700724.68925303,610.4,0.0,622.8,BID
111,1712602890.331442,39700724.68925303,610.4,0.0,622.8,BID
112,1712602896.2017777,39700734.51887295,609.2,-4.0838967805134647e-10,622.8,ASK
113,1712602920.2122974,39700734.51887295,609.2,-0.0,622.8,ASK
114,1712602922.1418967,39707009.71470095,609.2,2.607145127350381e-07,622.8,BID
115,1712602922.222261,39708782.53150955,609.2,7.365492378084871e-08,622.8,BID
116,1712602950.2326334,39708782.53150955,609.2,0.0,622.8,BID
117,1712602962.4524903,39708792.38534433,608.9,4.093122513177631e-10,622.8,BID
118,1712602963.092407,39708954.38534433,608.9,6.729216209413852e-09,622.8,BID
119,1712602963.1925406,39708954.55544101,608.9,7.065539134172199e-12,622.8,BID
120,1712602968.5426457,39711032.55544101,609.3,-8.631673631581471e-08,622.8,ASK
121,1712602969.265014,39713091.55544101,609.3,8.552750725421679e-08,622.8,BID
122,1712602970.972411,39713618.55544101,609.3,2.1890721866426545e-08,622.8,BID
123,1712602971.4728594,39713691.91478195,609.3,3.0472275690630754e-09,622.8,BID
124,1712602980.3231945,39713691.91478195,609.3,0.0,622.8,BID
125,1712602998.6527977,39713701.76861673,608.8,-4.0926140044863244e-10,622.8,ASK
126,1712603003.693885,39714247.85806627,610.4,2.2680848413072065e-08,622.8,BID
127,1712603010.333455,39714247.85806627,610.4,0.0,622.8,BID
128,1712603040.2135718,39714247.85806627,610.4,0.0,622.8,BID
129,1712603064.443841,39714257.68768619,610.4,4.0824992601790317e-10,622.8,BID
130,1712603070.2780533,39714257.68768619,610.4,0.0,622.8,BID
131,1712603100.3143876,39714257.68768619,610.4,0.0,622.8,BID
132,1712603106.884681,39714267.51730611,608.9,-4.0824982428378004e-10,622.8,ASK
133,1712603130.3346071,39714267.51730611,608.9,-0.0,622.8,ASK
134,1712603136.7345212,39714277.34692603,610.4,4.0824972279970927e-10,622.8,BID
135,1712603160.2159815,39714277.34692603,610.4,0.0,622.8,BID
136,1712603170.7447846,39714287.17654595,608.9,-4.0824962075624566e-10,622.8,ASK
137,1712603190.2054322,39714287.17654595,608.9,-0.0,622.8,ASK
138,1712603207.3851469,39714297.00616587,610.4,4.0824951958171797e-10,622.8,BID
139,1712603220.3355527,39714297.00616587,610.4,0.0,622.8,BID
140,1712603238.505622,39714306.83578579,608.5,-4.0824941784779724e-10,622.8,ASK
141,1712603250.3457534,39714306.83578579,608.5,-0.0,622.8,ASK
142,1712603280.2056444,39714306.83578579,608.5,-0.0,622.8,ASK
143,1712603303.325841,39714853.01471418,610.3,2.268421118407942e-08,622.8,BID
144,1712603308.1257904,39714862.84594472,610.3,4.0831620937421767e-10,622.8,BID
145,1712603310.2160337,39714862.84594472,610.3,0.0,622.8,BID
146,1712603340.3364637,39714862.84594472,610.3,0.0,622.8,BID
147,1712603341.7262902,39714872.67717526,609.3,-4.083104552135561e-10,622.8,ASK
148,1712603370.3369071,39714872.67717526,609.3,-0.0,622.8,ASK
149,1712603376.2465577,39714882.5084058,610.3,4.0831035332321555e-10,622.8,BID
150,1712603400.246562,39714882.5084058,610.3,0.0,622.8,BID
151,1712603430.2265658,39714882.5084058,610.3,0.0,622.8,BID
152,1712603440.9369328,39714892.33963634,608.9,-4.083110997830505e-10,622.8,ASK
153,1712603451.0670407,39716087.68176219,610.3,4.964500179908815e-08,622.8,BID
154,1712603451.0698783,39716530.33963634,610.4,1.838448631856834e-08,622.8,BID
155,1712603451.206635,39717349.33963634,610.4,3.4014744058828246e-08,622.8,BID
156,1712603460.316919,39717349.33963634,610.4,0.0,622.8,BID
157,1712603472.9468594,39717359.16925626,610.4,4.082186808588715e-10,622.8,BID
158,1712603490.3404312,39717359.16925626,610.4,0.0,622.8,BID
159,1712603507.1805663,39717368.99887618,609.0,-4.082185788309016e-10,622.8,ASK
160,1712603520.227368,39717368.99887618,609.0,-0.0,622.8,ASK
161,1712603550.237496,39717368.99887618,609.0,-0.0,622.8,ASK
162,1712603580.25185,39717368.99887618,609.0,-0.0,622.8,ASK
163,1712603591.7875528,39718187.99887618,610.4,3.401260026951567e-08,622.8,BID
164,1712603591.8908043,39719825.99887618,610.4,6.802520053903137e-08,622.8,BID
165,1712603603.3112235,39720372.08832572,610.4,2.2678781634427853e-08,622.8,BID
166,1712603605.0476089,39720381.91794564,610.4,4.0821847765511855e-10,622.8,BID
167,1712603605.308365,39721461.55098156,610.4,4.48365407674355e-08,622.8,BID
168,1712603605.3175287,39729435.40184564,610.4,3.311494530510046e-07,622.8,BID
169,1712603610.2077217,39729435.40184564,610.4,0.0,622.8,BID
170,1712603638.487802,39729445.23146556,609.2,-4.0809365077352814e-10,622.8,ASK
171,1712603640.33804,39729445.23146556,609.2,-0.0,622.8,ASK
172,1712603670.337828,39729445.23146556,609.2,-0.0,622.8,ASK
173,1712603670.8780596,39729455.06108548,610.4,4.080935490078013e-10,622.8,BID
174,1712603700.2578163,39729455.06108548,610.4,0.0,622.8,BID
175,1712603703.7678926,39729464.8907054,609.2,-4.0809869310394807e-10,622.8,ASK
176,1712603730.22141,39729464.8907054,609.2,-0.0,622.8,ASK
177,1712603739.9781425,39729474.72032532,610.4,4.080985916450376e-10,622.8,BID
178,1712603760.338496,39729474.72032532,610.4,0.0,622.8,BID
179,1712603790.3485858,39729474.72032532,610.4,0.0,622.8,BID
180,1712603816.928781,39729484.54994524,609.2,-4.080984899863241e-10,622.8,ASK
181,1712603820.2414684,39729484.54994524,609.2,-0.0,622.8,ASK
182,1712603841.9784863,39729648.69964977,609.2,6.815037654519705e-09,622.8,BID
183,1712603842.778521,39732505.42623456,609.2,1.1860331579407725e-07,622.8,BID
184,1712603844.4886746,39732515.27521683,609.2,4.0890225938254006e-10,622.8,BID
185,1712603850.231707,39732515.27521683,609.2,0.0,622.8,BID
186,1712603877.3785524,39732525.1241991,608.5,-4.088709174965497e-10,622.8,ASK
187,1712603880.3485394,39732525.1241991,608.5,-0.0,622.8,ASK
188,1712603903.6296945,39732541.62312666,610.4,6.849367568405154e-10,622.8,BID
189,1712603903.6328907,39733024.94075737,610.5,2.006445626410944e-08,622.8,BID
190,1712603903.6358564,39733071.22546037,609.2,1.921463940199468e-09,622.8,BID
191,1712603907.218975,39733071.22546129,609.2,3.804433399656453e-17,622.8,BID
192,1712603907.2220888,39745000.20837429,609.2,4.952199976287257e-07,622.8,BID
193,1712603907.379471,39748020.18429994,609.8,-1.2537133145755905e-07,622.8,ASK
194,1712603907.418632,39748282.20837429,609.8,-1.0877671837258122e-08,622.8,ASK
195,1712603910.338757,39748282.20837429,609.8,-0.0,622.8,ASK
196,1712603911.678956,39748292.03638411,610.5,4.078375968977777e-10,622.8,BID
197,1712603932.788859,39750059.47944639,608.7,-7.334442519553764e-08,622.8,ASK
198,1712603940.1988702,39750059.47944639,608.7,-0.0,622.8,ASK
199,1712603947.1988854,39750069.30745621,608.5,-4.0781928836611856e-10,622.8,ASK
200,1712603955.8888416,39750122.41420076,608.5,-2.203696899301786e-09,622.8,ASK
201,1712603970.208915,39750122.41420076,608.5,-0.0,622.8,ASK
202,1712604000.2496352,39750122.41420076,608.5,-0.0,622.8,ASK
203,1712604015.3990772,39750132.2454313,610.3,4.0795628068918375e-10,622.8,BID
204,1712604030.2291162,39750132.2454313,610.3,0.0,622.8,BID
205,1712604060.349343,39750132.2454313,610.3,0.0,622.8,BID
206,1712604070.1392214,39750214.21264441,610.0,3.401306779776468e-09,622.8,BID
207,1712604090.343186,39750214.21264441,610.0,0.0,622.8,BID
208,1712604101.569483,39751183.44952965,610.0,4.0219314817472594e-08,622.8,BID
209,1712604118.0500205,39751193.28076019,608.6,-4.0795533300261365e-10,622.8,ASK
210,1712604120.2293394,39751193.28076019,608.6,-0.0,622.8,ASK
211,1712604150.219963,39751193.28076019,608.6,-0.0,622.8,ASK
212,1712604150.9995556,39751203.11682576,610.0,4.081458517885317e-10,622.8,BID
213,1712604180.3299696,39751203.11682576,610.0,0.0,622.8,BID
214,1712604182.7518125,39751212.95289133,608.6,-4.0814575017290476e-10,622.8,ASK
215,1712604203.6505494,39751758.77408012,610.7,2.2648750866820172e-08,622.8,BID
216,1712604210.3699622,39751758.77408012,610.7,0.0,622.8,BID
217,1712604215.409481,39751768.60853348,610.1,4.08073106197802e-10,622.8,BID
218,1712604240.2202752,39751768.60853348,610.1,0.0,622.8,BID
219,1712604246.0794008,39751778.44298684,608.6,-4.0807300460174254e-10,622.8,ASK
220,1712604265.6596637,39751843.94159499,610.7,2.7178138782574022e-09,622.8,BID
221,1712604270.2198534,39751843.94159499,610.7,0.0,622.8,BID
222,1712604281.15952,39751853.76638621,610.7,4.076713038674167e-10,622.8,BID
223,1712604300.3514616,39751853.76638621,610.7,0.0,622.8,BID
224,1712604312.3703513,39751863.59117743,608.7,-4.0767773433829136e-10,622.8,ASK
225,1712604330.3371456,39751863.59117743,608.7,-0.0,622.8,ASK
226,1712604330.4498076,39752863.59117743,608.7,-4.149478846271244e-08,622.8,ASK
227,1712604346.9496984,39753833.92578998,608.7,-4.026382948605104e-08,622.8,ASK
228,1712604347.0095546,39754798.9650381,608.7,4.0044099458801536e-08,622.8,BID
229,1712604347.0295858,39759036.43491222,608.7,1.7583291604377794e-07,622.8,BID
230,1712604350.1597748,39759046.26453214,610.4,4.0787799932162585e-10,622.8,BID
231,1712604360.2499948,39759046.26453214,610.4,0.0,622.8,BID
232,1712604383.6098783,39759056.09415206,608.6,-4.0780401560731557e-10,622.8,ASK
233,1712604390.2304003,39759056.09415206,608.6,-0.0,622.8,ASK
234,1712604398.1997116,39767915.07852148,608.6,-3.675349130660406e-07,622.8,ASK
235,1712604418.4898636,39768079.28213395,608.6,-6.812356576934388e-09,622.8,ASK
236,1712604420.240003,39768079.28213395,608.6,-0.0,622.8,ASK
237,1712604420.7799926,39768089.11175387,610.4,4.077110265095276e-10,622.8,BID
238,1712604450.2199562,39768089.11175387,610.4,0.0,622.8,BID
239,1712604453.7204883,39768323.76430309,608.6,-9.732869497076626e-09,622.8,ASK
240,1712604453.722632,39776659.82851486,608.6,-3.457615328022517e-07,622.8,ASK
241,1712604453.7243354,39776969.66817018,608.6,-1.2851464602945433e-08,622.8,ASK
242,1712604453.7999363,39777211.44762618,608.6,1.0028477850514457e-08,622.8,BID
243,1712604453.8198533,39781624.67844477,608.6,1.8305106746800682e-07,622.8,BID
244,1712604455.5798364,39781634.50806469,608.6,-4.077109247347761e-10,622.8,ASK
245,1712604480.346346,39781634.50806469,608.6,-0.0,622.8,ASK
246,1712604488.5502343,39781644.33929523,610.3,4.0763834563179365e-10,622.8,BID
247,1712604500.1403832,39781739.6422092,608.6,-3.9516032111158546e-09,622.8,ASK
248,1712604503.699931,39782285.82113759,610.3,2.2646552107750972e-08,622.8,BID
249,1712604510.340979,39782285.82113759,610.3,0.0,622.8,BID
250,1712604523.3500907,39782295.65236813,608.6,-4.07631629625133e-10,622.8,ASK
251,1712604533.2999196,39782670.51822362,608.6,-1.5543036958001854e-08,622.8,ASK
252,1712604533.3097742,39782696.84584193,608.6,-1.0916202113027887e-09,622.8,ASK
253,1712604533.400508,39783478.87660531,608.6,3.2425287284537944e-08,622.8,BID
254,1712604540.230419,39783478.87660531,608.6,0.0,622.8,BID
255,1712604552.3605723,39783495.30775877,608.6,-6.812632658804776e-10,622.8,ASK
256,1712604552.36444,39783869.38790215,608.9,-1.5509992087764242e-08,622.8,ASK
257,1712604552.3681436,39791758.39308155,608.6,-3.2709142700881617e-07,622.8,ASK
258,1712604555.3902705,39791768.22431209,610.3,4.076193578502768e-10,622.8,BID
259,1712604570.2200758,39791768.22431209,610.3,0.0,622.8,BID
260,1712604600.320745,39791768.22431209,610.3,0.0,622.8,BID
261,1712604626.5703456,39791778.05554263,608.6,-4.0759115012155087e-10,622.8,ASK
262,1712604630.220477,39791778.05554263,608.6,-0.0,622.8,ASK
263,1712604641.1003847,39791942.3670773,608.6,-6.812159523959115e-09,622.8,ASK
264,1712604641.104406,39792106.11359768,608.6,-6.788734708293614e-09,622.8,ASK
265,1712604659.8104527,39792115.9383889,610.7,4.073240821763689e-10,622.8,BID
266,1712604660.3503523,39792115.9383889,610.7,0.0,622.8,BID
267,1712604690.340287,39792115.9383889,610.7,0.0,622.8,BID
268,1712604692.8800845,39792125.76318012,609.0,-4.0732060375819087e-10,622.8,ASK
269,1712604720.220461,39792125.76318012,609.0,-0.0,622.8,ASK
270,1712604727.3306603,39792135.58797134,610.7,4.0732050241009127e-10,622.8,BID
271,1712604750.2404933,39792135.58797134,610.7,0.0,622.8,BID
272,1712604760.830583,39792145.41276256,609.1,-4.0732040139777375e-10,622.8,ASK
273,1712604780.2405632,39792145.41276256,609.1,-0.0,622.8,ASK
274,1712604797.5204256,39792155.24721592,610.1,4.077208772322691e-10,622.8,BID
275,1712604802.840463,39792155.2472164,610.0,2.007780346131221e-17,622.8,BID
276,1712604802.8447478,39819665.4706214,610.0,1.1405303385769862e-06,622.8,BID
277,1712604802.9405289,39821733.6361674,610.0,8.574287150224531e-08,622.8,BID
278,1712604802.9443183,39823801.8017134,610.0,8.574287150224531e-08,622.8,BID
279,1712604803.1007254,39824809.12400393,610.0,4.176198848564392e-08,622.8,BID
280,1712604803.1034946,39825577.2763484,610.2,3.1846380911343535e-08,622.8,BID
281,1712604803.1207404,39825577.27634922,610.2,3.397782124222066e-17,622.8,BID
282,1712604803.1836343,39825675.41635329,610.7,4.068729302157971e-09,622.8,BID
283,1712604803.18696,39825763.74235696,610.7,3.661856372034841e-09,622.8,BID
284,1712604803.6793818,39826308.76034257,611.6,2.2595583412797363e-08,622.8,BID
285,1712604809.140503,39828386.76034257,610.6,8.615059240604208e-08,622.8,BID
286,1712604810.230997,39828386.76034257,610.6,0.0,622.8,BID
287,1712604829.960434,39828396.59479593,609.1,-4.0734749025578816e-10,622.8,ASK
288,1712604840.3408449,39828396.59479593,609.1,-0.0,622.8,ASK
289,1712604863.48065,39828406.41958715,610.7,4.0694717924032764e-10,622.8,BID
290,1712604870.3406684,39828406.41958715,610.7,0.0,622.8,BID
291,1712604893.4767582,39828416.24437837,609.1,-4.0694707810476455e-10,622.8,ASK
292,1712604900.2206342,39828416.24437837,609.1,-0.0,622.8,ASK
293,1712604928.7505586,39828426.06434563,611.0,4.0674790893885876e-10,622.8,BID
294,1712604930.2205644,39828426.06434563,611.0,0.0,622.8,BID
295,1712604960.3406985,39828426.06434563,611.0,0.0,622.8,BID
296,1712604962.090649,39828435.88431289,609.1,-4.0674780816129116e-10,622.8,ASK
297,1712604990.3410568,39828435.88431289,609.1,-0.0,622.8,ASK
298,1712604994.0308137,39828445.70428015,611.0,4.0674770738951006e-10,622.8,BID
299,1712605020.30078,39828445.70428015,611.0,0.0,622.8,BID
300,1712605050.2307055,39828445.70428015,611.0,0.0,622.8,BID
301,1712605068.0408614,39828455.52424741,609.2,-4.067476059948296e-10,622.8,ASK
302,1712605080.3312268,39828455.52424741,609.2,-0.0,622.8,ASK
303,1712605103.6511118,39828466.16959246,611.0,4.40935028658623e-10,622.8,BID
304,1712605103.6606214,39829001.07743889,611.0,2.21561260236904e-08,622.8,BID
305,1712605105.32084,39829010.89740615,611.0,4.0674750551521055e-10,622.8,BID
306,1712605110.3407204,39829010.89740615,611.0,0.0,622.8,BID
307,1712605140.2209792,39829010.89740615,611.0,0.0,622.8,BID
308,1712605140.7409573,39829020.71737341,609.2,-4.0674178831775317e-10,622.8,ASK
309,1712605161.281607,39829053.54731431,610.6,1.359811955108316e-09,622.8,BID
310,1712605170.211664,39829053.54731431,610.6,0.0,622.8,BID
311,1712605200.2609017,39829053.54731431,610.6,0.0,622.8,BID
312,1712605217.1114645,39829063.37371457,610.6,4.0700780398341185e-10,622.8,BID
313,1712605228.0213857,39829079.75104834,610.6,6.783463396637513e-10,622.8,BID
314,1712605230.221393,39829079.75104834,610.6,0.0,622.8,BID
315,1712605257.0811944,39829089.5774486,609.2,-4.0700753394390047e-10,622.8,ASK
316,1712605260.3311634,39829089.5774486,609.2,-0.0,622.8,ASK
317,1712605273.741021,39829136.86385641,609.2,-1.9585930713768696e-09,622.8,ASK
318,1712605288.9715445,39829153.27882654,609.2,-6.79904612120127e-10,622.8,ASK
319,1712605288.9810631,39829460.28692841,609.2,-1.2716211041935993e-08,622.8,ASK
320,1712605290.3310592,39829460.28692841,609.2,-0.0,622.8,ASK
321,1712605292.2112305,39829470.12621998,609.8,4.0753757643844886e-10,622.8,BID
322,1712605313.3813272,39829470.1262203,609.2,-1.3269739604399377e-17,622.8,ASK
323,1712605313.461202,39836899.5701933,609.1,-3.0772312912051386e-07,622.8,ASK
324,1712605314.1656797,39836899.57019426,609.1,-3.980921881319813e-17,622.8,ASK
325,1712605320.2294593,39836899.57019426,609.1,-0.0,622.8,ASK
326,1712605350.231162,39836899.57019426,609.1,-0.0,622.8,ASK
327,1712605359.2013376,39836940.46824671,608.6,-1.693655020033432e-09,622.8,ASK
328,1712605359.341189,39837984.33432676,608.6,4.3228195980743697e-08,622.8,BID
329,1712605359.64134,39837994.17361833,608.5,-4.0746110304891727e-10,622.8,ASK
330,1712605367.2113256,39839120.56102066,608.5,-4.6645538454369296e-08,622.8,ASK
331,1712605380.331499,39839120.56102066,608.5,-0.0,622.8,ASK
332,1712605397.8214636,39839130.4132374,609.0,4.0797352065999744e-10,622.8,BID
333,1712605410.001152,39842078.6727084,608.5,-1.220853973868921e-07,622.8,ASK
334,1712605410.12111,39844050.7351572,608.5,-8.16617499584825e-08,622.8,ASK
335,1712605410.3410933,39844050.7351572,608.5,-0.0,622.8,ASK
336,1712605418.8712978,39853104.2190582,608.5,-3.7485197557280403e-07,622.8,ASK
337,1712605418.881133,39855172.3846052,608.5,-8.563067539317016e-08,622.8,ASK
338,1712605418.8923645,39855182.3846052,608.4,-4.1404168789800045e-10,622.8,ASK
339,1712605418.9150932,39859512.28346137,608.5,-1.7927586308364453e-07,622.8,ASK
340,1712605418.918637,39859522.28346137,608.3,-4.1404168789800045e-10,622.8,ASK
341,1712605418.9221437,39859722.28346137,608.4,-8.280833757960011e-09,622.8,ASK
342,1712605419.0314908,39859732.28346137,608.1,-4.1404168789800045e-10,622.8,ASK
343,1712605419.0351186,39859932.28346137,608.1,-8.280833757960011e-09,622.8,ASK
344,1712605419.0385942,39859942.28346137,608.2,-4.1404168789800045e-10,622.8,ASK
345,1712605426.1313925,39859952.28346137,608.0,-4.1404168789800045e-10,622.8,ASK
346,1712605426.1357317,39859975.67507446,607.9,-9.685102965839452e-10,622.8,ASK
347,1712605431.7512484,39859985.5272912,607.9,-4.0792284497808357e-10,622.8,ASK
348,1712605440.2110937,39859985.5272912,607.9,-0.0,622.8,ASK
349,1712605470.2336612,39859985.5272912,607.9,-0.0,622.8,ASK
350,1712605470.379284,39859995.37950794,609.0,4.0775914465397925e-10,622.8,BID
351,1712605500.0516884,39860821.69800044,608.5,3.4199300600128247e-08,622.8,BID
352,1712605500.232918,39860821.69800044,608.5,0.0,622.8,BID
353,1712605505.416901,39860831.55021718,607.9,-4.077580925084285e-10,622.8,ASK
354,1712605522.381754,39860847.97057842,609.0,6.795968207445941e-10,622.8,BID
355,1712605530.2312818,39860847.97057842,609.0,0.0,622.8,BID
356,1712605544.891202,39860857.8244132,608.9,4.0782478928104246e-10,622.8,BID
357,1712605560.3415768,39860857.8244132,608.9,0.0,622.8,BID
358,1712605585.1142426,39860867.67824798,607.9,-4.0782468769981477e-10,622.8,ASK
359,1712605590.341423,39860867.67824798,607.9,-0.0,622.8,ASK
360,1712605617.6812556,39860877.53370133,608.8,4.0789157506025846e-10,622.8,BID
361,1712605620.2215395,39860877.53370133,608.8,0.0,622.8,BID
362,1712605650.2214863,39860877.53370133,608.8,0.0,622.8,BID
363,1712605657.251877,39860887.38915468,607.9,-4.078914737708568e-10,622.8,ASK
364,1712605680.3416858,39860887.38915468,607.9,-0.0,622.8,ASK
365,1712605689.9727385,39860897.24460803,608.8,4.0789137263124315e-10,622.8,BID
366,1712605710.3545666,39860897.24460803,608.8,0.0,622.8,BID
367,1712605725.1314704,39860907.10006138,607.9,-4.078912713419419e-10,622.8,ASK
368,1712605740.234332,39860907.10006138,607.9,-0.0,622.8,ASK
369,1712605757.381771,39860916.95551473,608.8,4.0789117020242864e-10,622.8,BID
370,1712605770.2320793,39860916.95551473,608.8,0.0,622.8,BID
371,1712605788.2518442,39860926.81096808,607.9,-4.0789106891322797e-10,622.8,ASK
372,1712605800.2522123,39860926.81096808,607.9,-0.0,622.8,ASK
373,1712605830.231871,39860926.81096808,607.9,-0.0,622.8,ASK
374,1712605860.3421268,39860926.81096808,607.9,-0.0,622.8,ASK
375,1712605890.3461137,39860926.81096808,607.9,-0.0,622.8,ASK
376,1712605920.232783,39860926.81096808,607.9,-0.0,622.8,ASK
377,1712605949.2525182,39861054.29472668,607.9,-5.280334962547591e-09,622.8,ASK
378,1712605949.256371,39861087.19487472,607.9,-1.3627132105808723e-09,622.8,ASK
379,1712605949.2601235,39861091.55561388,607.9,-1.8062036861506508e-10,622.8,ASK
380,1712605950.226684,39861091.55561388,607.9,-0.0,622.8,ASK
381,1712605953.381895,39861101.41106723,608.8,4.082079129054991e-10,622.8,BID
382,1712605961.072038,39861117.788401,607.9,-6.783409143235406e-10,622.8,ASK
383,1712605980.338703,39861117.788401,607.9,-0.0,622.8,ASK
384,1712605987.801926,39861127.64385435,607.9,-4.0820764312906075e-10,622.8,ASK
385,1712606004.3823268,39863127.64385435,607.9,-8.283893772244611e-08,622.8,ASK
386,1712606004.387582,39863475.40203065,607.9,-1.4403958954367213e-08,622.8,ASK
387,1712606004.461917,39865329.76182166,608.8,7.68065976212684e-08,622.8,BID
388,1712606004.466603,39868251.55202936,607.9,1.210189985268128e-07,622.8,BID
389,1712606010.3321805,39868251.55202936,607.9,0.0,622.8,BID
390,1712606020.3324895,39868261.40748271,608.8,4.0813430602413114e-10,622.8,BID
391,1712606040.2320943,39868261.40748271,608.8,0.0,622.8,BID
392,1712606051.7223215,39868271.26293606,607.8,-4.08134204305598e-10,622.8,ASK
393,1712606053.2620285,39868271.40748271,607.8,-5.985968380416583e-12,622.8,ASK
394,1712606070.2021031,39868271.40748271,607.8,-0.0,622.8,ASK
395,1712606070.782089,39868291.49468179,607.8,8.31851225676162e-10,622.8,BID
396,1712606083.8122067,39868301.35013514,608.8,4.0813410157733e-10,622.8,BID
397,1712606100.242256,39868301.35013514,608.8,0.0,622.8,BID
398,1712606117.0421717,39868311.20558849,607.8,-4.0813429915666785e-10,622.8,ASK
399,1712606117.9920814,39868486.9734864,608.8,7.278904915200675e-09,622.8,BID
400,1712606130.2326093,39868486.9734864,608.8,0.0,622.8,BID
401,1712606146.1820824,39868496.82893975,608.8,4.0813238931693076e-10,622.8,BID
402,1712606160.342297,39868496.82893975,608.8,0.0,622.8,BID
403,1712606178.9421525,39868969.54526837,608.8,1.9576044844078672e-08,622.8,BID
404,1712606190.341982,39868969.54526837,608.8,0.0,622.8,BID
405,1712606220.2323556,39868969.54526837,608.8,0.0,622.8,BID
406,1712606220.7422287,39873797.4844131,608.8,1.9993137767683442e-07,622.8,BID
407,1712606220.745507,39875539.84750227,608.8,7.215357161461906e-08,622.8,BID
408,1712606224.812184,39875559.53870791,608.8,8.15439000850543e-10,622.8,BID
409,1712606237.7025788,39878669.23976716,608.9,1.287768545335663e-07,622.8,BID
410,1712606237.706741,39878833.30336934,608.8,6.794091853378044e-09,622.8,BID
411,1712606246.27643,39878843.15882269,607.8,-4.0812742388765965e-10,622.8,ASK
412,1712606250.2253308,39878843.15882269,607.8,-0.0,622.8,ASK
413,1712606272.7027297,39879856.35511474,607.8,-4.194736297294436e-08,622.8,ASK
414,1712606272.707969,39879872.80789525,607.8,-6.81161943917093e-10,622.8,ASK
415,1712606276.312382,39879882.67956356,607.8,4.0869716653533297e-10,622.8,BID
416,1712606280.3424995,39879882.67956356,607.8,0.0,622.8,BID
417,1712606310.363924,39879882.67956356,607.8,0.0,622.8,BID
418,1712606311.93227,39879892.55123187,607.7,-4.086864761048533e-10,622.8,ASK
419,1712606325.0842698,39886976.50733887,607.8,2.932753580890504e-07,622.8,BID
420,1712606325.0873773,39886976.50733909,607.8,9.253607699695937e-18,622.8,BID
421,1712606339.9724784,39886976.63567078,607.7,-5.312924313978343e-12,622.8,ASK
422,1712606339.9764087,39886986.63567078,607.6,-4.1399940041883156e-10,622.8,ASK
423,1712606340.2175794,39886986.63567078,607.6,-0.0,622.8,ASK
424,1712606342.0624475,39886996.51058848,607.6,4.0874793463189745e-10,622.8,BID
425,1712606349.5927992,39893859.93264648,607.6,2.840944781203663e-07,622.8,BID
426,1712606349.5975974,39895337.05966478,607.6,6.114204049142925e-08,622.8,BID
427,1712606370.2328737,39895337.05966478,607.6,0.0,622.8,BID
428,1712606381.002126,39895346.93458248,607.5,-4.0866210984142576e-10,622.8,ASK
429,1712606381.1623964,39896227.37968845,608.9,3.643620792636181e-08,622.8,BID
430,1712606381.1657813,39896438.95711646,608.9,8.755888478836251e-09,622.8,BID
431,1712606400.3343546,39896438.95711646,608.9,0.0,622.8,BID
432,1712606407.5744567,39897300.34454436,609.0,3.5657346127024466e-08,622.8,BID
433,1712606413.5205066,39897534.07518988,607.8,-9.675338016300222e-09,622.8,ASK
434,1712606423.6412284,39897698.19670055,609.0,6.793850622046067e-09,622.8,BID
435,1712606430.2224815,39897698.19670055,609.0,0.0,622.8,BID
436,1712606443.0225248,39897708.04891729,609.0,4.078220129684961e-10,622.8,BID
437,1712606460.343075,39897708.04891729,609.0,0.0,622.8,BID
438,1712606490.3425562,39897708.04891729,609.0,0.0,622.8,BID
439,1712606505.3759625,39897708.17399959,607.5,-5.177647190754638e-12,622.8,ASK
440,1712606505.5725105,39899281.68380123,607.5,6.51337452366098e-08,622.8,BID
441,1712606505.832496,39899708.04891723,607.5,1.7648925233577025e-08,622.8,BID
442,1712606505.842279,39899708.04891729,607.5,2.775678906892909e-18,622.8,BID
443,1712606506.2424824,39899717.90113403,607.4,-4.0782191137196685e-10,622.8,ASK
444,1712606520.242664,39899717.90113403,607.4,-0.0,622.8,ASK
445,1712606540.1925497,39899727.75982611,608.6,4.0806932691618566e-10,622.8,BID
446,1712606550.253651,39899727.75982611,608.6,0.0,622.8,BID
447,1712606571.3035517,39899727.90760937,607.4,-6.117018547309521e-12,622.8,ASK
448,1712606571.3096304,39899737.61851819,607.3,-4.01952207024479e-10,622.8,ASK
449,1712606580.2428634,39899737.61851819,607.3,-0.0,622.8,ASK
450,1712606605.0226388,39899747.47559063,608.7,4.0800208473371006e-10,622.8,BID
451,1712606610.2229445,39899747.47559063,608.7,0.0,622.8,BID
452,1712606636.1568031,39899747.76468181,607.3,-1.1966004551774671e-11,622.8,ASK
453,1712606636.1611187,39899757.33266307,607.3,-3.9603597854589537e-10,622.8,ASK
454,1712606640.3432112,39899757.33266307,607.3,-0.0,622.8,ASK
455,1712606663.800898,39899774.23527935,608.2,6.99629560421968e-10,622.8,BID
456,1712606670.3313265,39899774.23527935,608.2,0.0,622.8,BID
457,1712606682.9906175,39899856.4039944,608.2,3.4011088317241604e-09,622.8,BID
458,1712606687.9305332,39899863.2671666,607.3,-2.840788684787493e-10,622.8,ASK
459,1712606687.9360046,39899895.4039944,607.3,-1.3302002931806735e-09,622.8,ASK
460,1712606696.0212972,39900990.63585365,608.1,-4.533358891219944e-08,622.8,ASK
461,1712606696.0399673,39903327.95424719,608.1,-9.674575325282893e-08,622.8,ASK
462,1712606696.0425231,39904878.66306376,608.1,-6.418658790726537e-08,622.8,ASK
463,1712606696.3619604,39904878.74474431,607.3,-3.380902863299751e-12,622.8,ASK
464,1712606696.3672688,39905878.74474431,607.1,-4.139177337588264e-08,622.8,ASK
465,1712606696.3725135,39908289.33309114,607.0,-9.977852655459305e-08,622.8,ASK
466,1712606696.3758736,39908299.33309114,607.1,-4.1391773375882634e-10,622.8,ASK
467,1712606696.3782527,39908808.66306376,606.9,-2.1082070800120963e-08,622.8,ASK
468,1712606696.3806849,39908818.66306376,607.2,-4.1391773375882634e-10,622.8,ASK
469,1712606696.38314,39908828.66306376,607.0,-4.1391773375882634e-10,622.8,ASK
470,1712606700.218274,39908828.66306376,607.0,-0.0,622.8,ASK
471,1712606701.14011,39908838.53148481,608.0,4.084028334885568e-10,622.8,BID
472,1712606730.209678,39908838.53148481,608.0,0.0,622.8,BID
473,1712606738.7689974,39908848.39990586,606.9,-4.0840273177017346e-10,622.8,ASK
474,1712606755.3087914,39908856.96803899,608.0,3.5459056314499567e-10,622.8,BID
475,1712606760.328226,39908922.32185753,606.9,-2.704655374148679e-09,622.8,ASK
476,1712606760.33831,39908922.32185753,606.9,-0.0,622.8,ASK
477,1712606769.3581674,39908932.19840073,607.5,4.087380051991904e-10,622.8,BID
478,1712606790.3376482,39908932.19840073,607.5,0.0,622.8,BID
479,1712606802.2872884,39908942.07494393,606.9,-4.0873790370616074e-10,622.8,ASK
480,1712606816.979278,39909242.07494393,606.9,-1.2415413835596743e-08,622.8,ASK
481,1712606820.225596,39909242.07494393,606.9,-0.0,622.8,ASK
482,1712606821.2572856,39910234.60351723,606.9,-4.10751902498314e-08,622.8,ASK
483,1712606821.262962,39910248.07494393,606.9,-5.575067858507851e-10,622.8,ASK
484,1712606821.3573484,39910313.58427901,606.8,-2.711063916822874e-09,622.8,ASK
485,1712606821.3627083,39910328.69498393,606.8,-6.2534731608283e-10,622.8,ASK
486,1712606821.3680391,39910329.13029639,606.9,-1.801514080921609e-11,622.8,ASK
487,1712606821.3768249,39910514.01959147,606.8,-7.651530822532104e-09,622.8,ASK
488,1712606821.7478669,39910933.07494393,606.1,-1.7342350427453072e-08,622.8,ASK
489,1712606835.9272697,39910942.95799449,607.1,4.0900402563858005e-10,622.8,BID
490,1712606850.216918,39910942.95799449,607.1,0.0,622.8,BID
491,1712606864.855621,39910952.84104505,606.1,-4.0898655994712727e-10,622.8,ASK
492,1712606880.3157926,39910952.84104505,606.1,-0.0,622.8,ASK
493,1712606900.8653362,39910962.71758825,607.5,4.0871716702595515e-10,622.8,BID
494,1712606910.3348608,39910962.71758825,607.5,0.0,622.8,BID
495,1712606930.1351364,39911785.76285573,607.5,3.4059755490305346e-08,622.8,BID
496,1712606940.2251718,39911785.76285573,607.5,0.0,622.8,BID
497,1712606966.3944545,39911796.65012096,607.5,4.5053405168266356e-10,622.8,BID
498,1712606970.2142668,39911796.65012096,607.5,0.0,622.8,BID
499,1712606971.8739183,39911961.26411272,607.5,6.812012642397476e-09,622.8,BID
500,1712606996.6350603,39912865.82847558,607.5,3.743244307365552e-08,622.8,BID
501,1712606996.653902,39912903.34733309,607.5,1.552595432179196e-09,622.8,BID
502,1712606996.6594894,39914981.34733309,607.5,8.599124606348256e-08,622.8,BID
503,1712606996.7134151,39914985.56041957,607.8,-1.7434482966885008e-10,622.8,ASK
504,1712606996.8935547,39914995.43696277,606.1,-4.0870849696695375e-10,622.8,ASK
505,1712607000.3044193,39914995.43696277,606.1,-0.0,622.8,ASK
506,1712607017.5891,39916234.43615728,606.2,-5.1267830575581054e-08,622.8,ASK
507,1712607030.215717,39916234.43615728,606.2,-0.0,622.8,ASK
508,1712607032.963313,39916244.30620169,607.9,4.0839416287518845e-10,622.8,BID
509,1712607060.3324697,39916244.30620169,607.9,0.0,622.8,BID
510,1712607090.32225,39916244.30620169,607.9,0.0,622.8,BID
511,1712607099.552143,39916254.1762461,606.1,-4.0839406148613054e-10,622.8,ASK
512,1712607120.2152493,39916254.1762461,606.1,-0.0,622.8,ASK
513,1712607130.2914288,39916264.04466715,608.0,4.0832679034901335e-10,622.8,BID
514,1712607130.4914737,39916811.89490173,606.1,-2.2668462035905373e-08,622.8,ASK
515,1712607130.4960814,39922020.16026253,606.1,-2.1550299361308255e-07,622.8,ASK
516,1712607130.6312711,39923999.34253602,606.1,8.18928520908163e-08,622.8,BID
517,1712607144.301592,39924023.46142404,608.0,9.97969997872575e-10,622.8,BID
518,1712607150.2377205,39924023.46142404,608.0,0.0,622.8,BID
519,1712607179.3309965,39924057.71256876,607.8,1.4169374617406752e-09,622.8,BID
520,1712607180.3410828,39924057.71256876,607.8,0.0,622.8,BID
521,1712607210.341867,39924057.71256876,607.8,0.0,622.8,BID
522,1712607229.220161,39924065.96339385,606.0,-3.413285363128517e-10,622.8,ASK
523,1712607229.2298405,39924067.58098981,606.0,-6.691835710308939e-11,622.8,ASK
524,1712607240.2202516,39924067.58098981,606.0,-0.0,622.8,ASK
525,1712607250.4200432,39924291.05663282,607.8,9.244965734495824e-09,622.8,BID
526,1712607270.2326117,39924291.05663282,607.8,0.0,622.8,BID
527,1712607284.069677,39924373.32053541,607.8,3.403156947853484e-09,622.8,BID
528,1712607295.9894974,39924383.19220372,607.8,4.0837883397666635e-10,622.8,BID
529,1712607300.232682,39924383.19220372,607.8,0.0,622.8,BID
530,1712607329.389228,39924393.06387203,606.0,-4.0839487263650917e-10,622.8,ASK
531,1712607330.2116656,39924393.06387203,606.0,-0.0,622.8,ASK
532,1712607339.322456,39924747.37106013,606.0,-1.465782668330796e-08,622.8,ASK
533,1712607360.3288977,39924747.37106013,606.0,-0.0,622.8,ASK
534,1712607390.3289452,39924747.37106013,606.0,-0.0,622.8,ASK
535,1712607393.3886402,39924757.24272844,607.8,4.083911439712687e-10,622.8,BID
536,1712607420.2191825,39924757.24272844,607.8,0.0,622.8,BID
537,1712607428.288046,39924767.11439675,605.9,-4.0839104260038805e-10,622.8,ASK
538,1712607435.028076,39924806.67044519,607.8,1.636434223386825e-09,622.8,BID
539,1712607450.2080448,39924806.67044519,607.8,0.0,622.8,BID
540,1712607457.5278585,39924816.5421135,607.8,4.0839053535122397e-10,622.8,BID
541,1712607480.3380854,39924816.5421135,607.8,0.0,622.8,BID
542,1712607493.718843,39924819.54864291,605.9,-1.2437997442654983e-10,622.8,ASK
543,1712607493.7226634,39924826.41378181,605.8,-2.8401045955409554e-10,622.8,ASK
544,1712607510.3174448,39924826.41378181,605.8,-0.0,622.8,ASK
545,1712607524.1572554,39924836.28545012,607.8,4.08390333246833e-10,622.8,BID
546,1712607525.8472042,39924844.51513093,607.8,3.4046140726268136e-10,622.8,BID
547,1712607540.218939,39924844.51513093,607.8,0.0,622.8,BID
548,1712607552.7371054,39925018.91871763,607.8,7.215062762543471e-09,622.8,BID
549,1712607557.897019,39925028.79038594,606.2,-4.0839014705897486e-10,622.8,ASK
550,1712607566.6270971,39925290.35175481,607.8,1.0820773404607914e-08,622.8,BID
551,1712607570.227055,39925290.35175481,607.8,0.0,622.8,BID
552,1712607587.7568638,39925300.22342312,607.8,4.0838556946815806e-10,622.8,BID
553,1712607600.237738,39925300.22342312,607.8,0.0,622.8,BID
554,1712607623.4065654,39925310.09509143,606.2,-4.0838546779181836e-10,622.8,ASK
555,1712607630.194596,39925310.09509143,606.2,-0.0,622.8,ASK
556,1712607660.2378783,39925310.09509143,606.2,-0.0,622.8,ASK
557,1712607668.016173,39925411.62305882,606.2,-4.200154917337768e-09,622.8,ASK
558,1712607672.9366505,39927368.35175481,606.2,-8.094876580273373e-08,622.8,ASK
559,1712607673.020702,39929986.80490681,606.2,1.0832393443264557e-07,622.8,BID
560,1712607673.0364597,39929986.80490733,606.2,2.157584306653379e-17,622.8,BID
561,1712607686.2761176,39929996.67657564,607.8,4.0838536669060136e-10,622.8,BID
562,1712607690.219743,39929996.67657564,607.8,0.0,622.8,BID
563,1712607719.838263,39930006.54824395,605.7,-4.083373742022538e-10,622.8,ASK
564,1712607720.3329964,39930006.54824395,605.7,-0.0,622.8,ASK
565,1712607750.3257377,39930006.54824395,605.7,-0.0,622.8,ASK
566,1712607750.4279497,39930016.41991226,607.8,4.0833727320821737e-10,622.8,BID
567,1712607780.2064166,39930016.41991226,607.8,0.0,622.8,BID
568,1712607787.801543,39930026.29158057,606.0,-4.083371721722685e-10,622.8,ASK
569,1712607810.2240016,39930026.29158057,606.0,-0.0,622.8,ASK
570,1712607818.365482,39930036.16324888,607.8,4.0833707082012056e-10,622.8,BID
571,1712607840.3153803,39930036.16324888,607.8,0.0,622.8,BID
572,1712607850.6357489,39930046.03491719,606.0,-4.0833696947608216e-10,622.8,ASK
573,1712607870.3249335,39930046.03491719,606.0,-0.0,622.8,ASK
574,1712607900.2348354,39930046.03491719,606.0,-0.0,622.8,ASK
575,1712607906.3046837,39930385.881986,606.0,-1.4058893302142257e-08,622.8,ASK
576,1712607912.4647396,39930395.75365431,607.8,4.083740723625467e-10,622.8,BID
577,1712607914.3947835,39930560.22733852,606.0,-6.803995648629218e-09,622.8,ASK
578,1712607930.2248733,39930560.22733852,606.0,-0.0,622.8,ASK
579,1712607944.335155,39930570.09900683,606.0,-4.0836880803104806e-10,622.8,ASK
580,1712607960.3150525,39930570.09900683,606.0,-0.0,622.8,ASK
581,1712607990.324952,39930570.09900683,606.0,-0.0,622.8,ASK
582,1712608007.9741828,39930579.97067514,607.8,4.0836870697143256e-10,622.8,BID
583,1712608020.228112,39930579.97067514,607.8,0.0,622.8,BID
584,1712608043.5739584,39930589.84234345,606.0,-4.0836860561169024e-10,622.8,ASK
585,1712608050.2141752,39930589.84234345,606.0,-0.0,622.8,ASK
586,1712608076.3940976,39930599.71401176,607.8,4.0836850455217477e-10,622.8,BID
587,1712608080.3248682,39930599.71401176,607.8,0.0,622.8,BID
588,1712608107.3540697,39930602.38067813,607.8,1.1031390589254908e-10,622.8,BID
589,1712608107.360638,39930632.61957279,607.7,1.2509141047492275e-09,622.8,BID
590,1712608110.3340716,39930632.61957279,607.7,0.0,622.8,BID
591,1712608125.8044364,39931734.09019852,606.0,-4.556528992075997e-08,622.8,ASK
592,1712608125.81144,39933043.8810401,606.0,-5.4183014996571546e-08,622.8,ASK
593,1712608125.8169513,39935121.8810401,605.7,-8.596204950334208e-08,622.8,ASK
594,1712608125.8219995,39939071.85989256,605.7,-1.6340148106487734e-07,622.8,ASK
595,1712608134.6137707,39940121.8810401,605.7,-4.343694411159546e-08,622.8,ASK
596,1712608134.7338755,39943468.6227651,605.7,1.384469575744939e-07,622.8,BID
597,1712608134.7536788,39943468.62276599,605.7,3.6677379304171e-17,622.8,BID
598,1712608140.2140107,39943468.62276599,605.7,0.0,622.8,BID
599,1712608143.523589,39943478.4944343,606.3,-4.082367543761571e-10,622.8,ASK
600,1712608170.203264,39943478.4944343,606.3,-0.0,622.8,ASK
601,1712608173.9733417,39943488.37748486,607.1,4.0870735922571046e-10,622.8,BID
602,1712608199.263279,39943653.09499433,607.1,6.8117893254610385e-09,622.8,BID
603,1712608200.4132657,39943653.09499433,607.1,0.0,622.8,BID
604,1712608207.0630734,39943662.97804489,606.3,-4.0870556763888655e-10,622.8,ASK
605,1712608218.70313,39943811.88541882,606.3,-6.157944089361307e-09,622.8,ASK
606,1712608218.712958,39947106.23560825,606.5,-1.3623518931422868e-07,622.8,ASK
607,1712608230.323105,39947106.23560825,606.5,-0.0,622.8,ASK
608,1712608238.1531038,39947116.11865881,607.1,4.086701735316776e-10,622.8,BID
609,1712608260.213773,39947116.11865881,607.1,0.0,622.8,BID
610,1712608270.1429377,39947126.00170937,606.5,-4.0867007213913606e-10,622.8,ASK
611,1712608290.2154863,39947126.00170937,606.5,-0.0,622.8,ASK
612,1712608320.3343651,39947126.00170937,606.5,-0.0,622.8,ASK
613,1712608334.362702,39947135.87987861,607.4,4.084681252867168e-10,622.8,BID
614,1712608350.322923,39947135.87987861,607.4,0.0,622.8,BID
615,1712608366.0126424,39947233.36180015,606.5,-4.0309339615030344e-09,622.8,ASK
616,1712608380.212869,39947233.36180015,606.5,-0.0,622.8,ASK
617,1712608381.832671,39947290.92760015,607.4,2.380373379008563e-09,622.8,BID
618,1712608396.9426064,39947323.1461085,606.5,-1.3322507387666483e-09,622.8,ASK
619,1712608400.8924162,39947333.02427774,606.5,-4.0846702533991805e-10,622.8,ASK
620,1712608410.2138608,39947333.02427774,606.5,-0.0,622.8,ASK
621,1712608436.7625186,39947342.90244698,607.4,4.0846600352785237e-10,622.8,BID
622,1712608440.232811,39947342.90244698,607.4,0.0,622.8,BID
623,1712608448.7222428,39947353.90244698,607.4,4.5485401348556127e-10,622.8,BID
624,1712608469.2922168,39947363.78061622,606.5,-4.0846590218654284e-10,622.8,ASK
625,1712608470.24087,39947363.78061622,606.5,-0.0,622.8,ASK
626,1712608500.235927,39947363.78061622,606.5,-0.0,622.8,ASK
627,1712608505.2619755,39947373.65878546,607.4,4.0846568845333807e-10,622.8,BID
628,1712608530.2117202,39947373.65878546,607.4,0.0,622.8,BID
629,1712608537.832132,39947377.99631197,606.5,-1.7935816520724367e-10,622.8,ASK
630,1712608537.8387835,39947383.5369547,606.5,-2.291074215968572e-10,622.8,ASK
631,1712608539.2515695,39947530.16499756,606.5,-6.063118389959492e-09,622.8,ASK
632,1712608547.2022593,39956247.36350714,606.2,-3.604590606323083e-07,622.8,ASK
633,1712608547.2089531,39956261.27839943,606.5,-5.75385429092921e-10,622.8,ASK
634,1712608560.3334968,39956261.27839943,606.5,-0.0,622.8,ASK
635,1712608572.5321608,39956271.15494263,607.5,4.083073851677189e-10,622.8,BID
636,1712608590.3350632,39956271.15494263,607.5,0.0,622.8,BID
637,1712608620.193152,39956271.15494263,607.5,0.0,622.8,BID
638,1712608650.2018552,39956271.15494263,607.5,0.0,622.8,BID
639,1712608680.3441846,39956271.15494263,607.5,0.0,622.8,BID
640,1712608702.1828208,39959447.36049726,607.8,1.3130787124823974e-07,622.8,BID
641,1712608702.1891372,39962657.36772543,607.8,1.3270527003798257e-07,622.8,BID
642,1712608702.262416,39962826.22949539,607.9,6.980933433690932e-09,622.8,BID
643,1712608702.2686646,39967027.5468012,607.9,1.7368713150846597e-07,622.8,BID
644,1712608702.3421285,39968179.6976772,608.0,4.7631199014824286e-08,622.8,BID
645,1712608702.621763,39970550.4029222,608.0,9.800759230584e-08,622.8,BID
646,1712608702.702096,39970550.40292263,608.0,1.7864886869988842e-17,622.8,BID
647,1712608710.321991,39970550.40292263,608.0,0.0,622.8,BID
648,1712608711.7121174,39970560.27946583,607.8,-4.081608179547744e-10,622.8,ASK
649,1712608740.215164,39970560.27946583,607.8,-0.0,622.8,ASK
650,1712608743.5822663,39970570.13330061,608.9,4.072222622009688e-10,622.8,BID
651,1712608770.1951823,39970570.13330061,608.9,0.0,622.8,BID
652,1712608774.682625,39973031.99811463,608.9,1.0173967118320525e-07,622.8,BID
653,1712608776.992657,39973041.85194941,607.8,-4.072221612271245e-10,622.8,ASK
654,1712608800.254095,39973041.85194941,607.8,-0.0,622.8,ASK
655,1712608811.49333,39973569.27970396,607.8,-2.1795262161666563e-08,622.8,ASK
656,1712608811.652942,39974885.12237196,607.7,5.4375477333201895e-08,622.8,BID
657,1712608811.656144,39974885.12237271,607.7,3.1096435393282663e-17,622.8,BID
658,1712608822.6532233,39978485.41470771,607.8,1.487773721100776e-07,622.8,BID
659,1712608822.6595366,39978485.41470827,607.8,2.309141242075445e-17,622.8,BID
660,1712608823.033144,39979967.41470827,609.0,6.124171176975093e-08,622.8,BID
661,1712608830.2083786,39979967.41470827,609.0,0.0,622.8,BID
662,1712608840.2332578,39979977.26692501,609.0,4.0705913731388775e-10,622.8,BID
663,1712608860.3236177,39979977.26692501,609.0,0.0,622.8,BID
664,1712608861.063635,39995814.90475634,609.0,6.543556407284932e-07,622.8,BID
665,1712608872.7032397,39995824.75697308,608.0,-4.070590367121855e-10,622.8,ASK
666,1712608890.3138986,39995824.75697308,608.0,-0.0,622.8,ASK
667,1712608910.1637058,39995834.60918982,609.0,4.0689678658716305e-10,622.8,BID
668,1712608920.2236235,39995834.60918982,609.0,0.0,622.8,BID
669,1712608935.393677,40000154.83839682,609.0,1.784255251288773e-07,622.8,BID
670,1712608935.513474,40002125.28174682,609.0,8.137933721008595e-08,622.8,BID
671,1712608937.333815,40007559.36503582,609.0,2.244277138962287e-07,622.8,BID
672,1712608940.8939087,40007569.21725256,608.2,-4.0689668575810615e-10,622.8,ASK
673,1712608950.2137818,40007569.21725256,608.2,-0.0,622.8,ASK
674,1712608962.963992,40008161.52595256,609.0,2.445513956769193e-08,622.8,BID
675,1712608963.5439005,40009047.13686604,609.0,3.6564950829984187e-08,622.8,BID
676,1712608966.7441158,40009215.17585108,608.9,6.937964665819366e-09,622.8,BID
677,1712608966.7498417,40016581.54138404,609.0,3.041412311087971e-07,622.8,BID
678,1712608968.4241474,40017812.54138404,609.0,5.0825315933549546e-08,622.8,BID
679,1712608974.1742866,40017822.39360078,609.0,4.067766273165619e-10,622.8,BID
680,1712608980.3238254,40017822.39360078,609.0,0.0,622.8,BID
681,1712608997.3345811,40019462.78851005,609.0,6.771088600439737e-08,622.8,BID
682,1712609006.8842363,40019472.64072679,608.2,-4.0667178433768976e-10,622.8,ASK
683,1712609010.3274186,40019472.64072679,608.2,-0.0,622.8,ASK
684,1712609027.614502,40020001.64072679,609.0,2.1834725689506043e-08,622.8,BID
685,1712609040.216473,40020001.64072679,609.0,0.0,622.8,BID
686,1712609040.8046122,40020011.49294353,609.0,4.0664950760313677e-10,622.8,BID
687,1712609049.0447526,40020292.49294353,609.0,1.1598253937972756e-08,622.8,BID
688,1712609070.2142296,40020292.49294353,609.0,0.0,622.8,BID
689,1712609075.850911,40020302.34516027,608.2,-4.0664653430841456e-10,622.8,ASK
690,1712609091.69461,40021938.34516027,608.9,6.752528369911108e-08,622.8,BID
691,1712609100.238381,40021938.34516027,608.9,0.0,622.8,BID
692,1712609105.2445586,40021948.19899505,608.9,4.0670664072699535e-10,622.8,BID
693,1712609130.2186708,40021948.19899505,608.9,0.0,622.8,BID
694,1712609145.037651,40021958.05282983,608.0,-4.067065403162085e-10,622.8,ASK
695,1712609147.1045415,40022199.15632376,608.9,9.951290031578481e-09,622.8,BID
696,1712609147.1100397,40024726.22283752,608.9,1.0430198002418521e-07,622.8,BID
697,1712609151.3546631,40026484.22283752,609.0,7.255957842184268e-08,622.8,BID
698,1712609160.2456024,40026484.22283752,609.0,0.0,622.8,BID
699,1712609171.5048218,40026494.07505426,609.0,4.0659340339251134e-10,622.8,BID
700,1712609190.220994,40026494.07505426,609.0,0.0,622.8,BID
701,1712609204.1248443,40026503.927271,608.0,-4.0659330302123485e-10,622.8,ASK
702,1712609206.107865,40026891.14929654,609.0,1.5980351069538934e-08,622.8,BID
703,1712609220.33559,40026891.14929654,609.0,0.0,622.8,BID
704,1712609240.1848342,40026901.00151328,609.0,4.0658924556854335e-10,622.8,BID
705,1712609250.325552,40026901.00151328,609.0,0.0,622.8,BID
706,1712609259.71524,40028526.03230386,608.0,-6.706306781564933e-08,622.8,ASK
707,1712609259.9549503,40029099.45751259,608.0,2.3664569239423493e-08,622.8,BID
708,1712609259.9582453,40031089.58909141,608.0,8.21303385796214e-08,622.8,BID
709,1712609267.6048944,40031099.44130815,608.1,-4.0658914458436967e-10,622.8,ASK
710,1712609267.9248023,40031222.4708648,609.0,5.0772819500154686e-09,622.8,BID
711,1712609280.219977,40031222.4708648,609.0,0.0,622.8,BID
712,1712609304.6251583,40031232.32308154,609.0,4.0654506007364655e-10,622.8,BID
713,1712609310.2075334,40031232.32308154,609.0,0.0,622.8,BID
714,1712609340.335896,40031232.32308154,609.0,0.0,622.8,BID
715,1712609370.305335,40031232.32308154,609.0,0.0,622.8,BID
716,1712609377.7952745,40031242.17529828,607.5,-4.06544959726273e-10,622.8,ASK
717,1712609400.2588713,40031242.17529828,607.5,-0.0,622.8,ASK
718,1712609401.9955118,40031442.17529828,607.5,-8.252883063017081e-09,622.8,ASK
719,1712609406.0551994,40031452.02913306,608.9,4.066127307285313e-10,622.8,BID
720,1712609430.2129138,40031452.02913306,608.9,0.0,622.8,BID
721,1712609437.335389,40031461.88296784,607.5,-4.0661059146362087e-10,622.8,ASK
722,1712609450.5055084,40031571.39502331,607.5,-4.518927163948149e-09,622.8,ASK
723,1712609450.513176,40032817.02868938,607.5,-5.140007450035764e-08,622.8,ASK
724,1712609450.645142,40036187.02868938,607.5,1.3906034798573376e-07,622.8,BID
725,1712609450.6851296,40037833.02868938,607.5,6.79208702624682e-08,622.8,BID
726,1712609450.765241,40045700.06103135,607.5,3.2462678192571144e-07,622.8,BID
727,1712609460.3252869,40045700.06103135,607.5,0.0,622.8,BID
728,1712609463.235524,40047548.32675642,608.9,7.623997262804661e-08,622.8,BID
729,1712609471.6853669,40047558.1805912,608.9,4.0646541465322727e-10,622.8,BID
730,1712609490.3814883,40047558.1805912,608.9,0.0,622.8,BID
731,1712609503.605297,40047568.03442598,606.8,-4.064464454837307e-10,622.8,ASK
732,1712609520.2222602,40047568.03442598,606.8,-0.0,622.8,ASK
733,1712609538.4156785,40047577.88826076,608.9,4.064463452411764e-10,622.8,BID
734,1712609542.5252652,40048222.12255465,608.9,2.6573073339383268e-08,622.8,BID
735,1712609542.5290928,40064000.94623415,608.9,6.508375024726421e-07,622.8,BID
736,1712609550.2086184,40064000.94623415,608.9,0.0,622.8,BID
737,1712609580.3156636,40064000.94623415,608.9,0.0,622.8,BID
738,1712609606.0455494,40064010.80006893,607.5,-4.062786647792473e-10,622.8,ASK
739,1712609610.3163602,40064010.80006893,607.5,-0.0,622.8,ASK
740,1712609639.7053468,40064020.65390371,608.9,4.0627856450389216e-10,622.8,BID
741,1712609640.195696,40064020.65390371,608.9,0.0,622.8,BID
742,1712609670.2134516,40064020.65390371,608.9,0.0,622.8,BID
743,1712609670.735484,40066637.20506153,608.9,1.078816937074787e-07,622.8,BID
744,1712609675.5654583,40066647.05889631,607.5,-4.0627846399749975e-10,622.8,ASK
745,1712609700.315435,40066647.05889631,607.5,-0.0,622.8,ASK
746,1712609704.3115833,40066656.91273109,608.9,4.06252605931111e-10,622.8,BID
747,1712609730.3407612,40066656.91273109,608.9,0.0,622.8,BID
748,1712609733.7356403,40066666.76656587,607.5,-4.0625250543756124e-10,622.8,ASK
749,1712609760.2070906,40066666.76656587,607.5,-0.0,622.8,ASK
750,1712609790.2117755,40066666.76656587,607.5,-0.0,622.8,ASK
751,1712609795.9457564,40067178.31671785,608.0,2.1090112051872792e-08,622.8,BID
752,1712609819.3654945,40067213.00795847,608.9,1.4302452049640835e-09,622.8,BID
753,1712609819.3718662,40067261.6068397,608.0,2.003627301763561e-09,622.8,BID
754,1712609820.335436,40067261.6068397,608.0,0.0,622.8,BID
755,1712609837.1057072,40067271.46067448,608.9,4.0624634728246844e-10,622.8,BID
756,1712609850.325145,40067271.46067448,608.9,0.0,622.8,BID
757,1712609870.8354197,40067281.31450926,607.5,-4.062462467920152e-10,622.8,ASK
758,1712609880.2182474,40067281.31450926,607.5,-0.0,622.8,ASK
759,1712609902.8354237,40067291.16834404,608.9,4.062461468398287e-10,622.8,BID
760,1712609910.211228,40067291.16834404,608.9,0.0,622.8,BID
761,1712609937.27521,40067301.02217882,607.5,-4.0624604604230814e-10,622.8,ASK
762,1712609940.255962,40067301.02217882,607.5,-0.0,622.8,ASK
763,1712609970.265694,40067301.02217882,607.5,-0.0,622.8,ASK
764,1712609971.7551126,40067310.8760136,608.9,4.0624594578305404e-10,622.8,BID
765,1712610000.3502052,40067310.8760136,608.9,0.0,622.8,BID
766,1712610029.505191,40070960.44390497,608.9,1.5046217294745516e-07,622.8,BID
767,1712610030.218067,40070960.44390497,608.9,0.0,622.8,BID
768,1712610039.7555032,40075623.78519614,608.9,1.9223979588388325e-07,622.8,BID
769,1712610039.7599957,40075753.44390497,608.9,5.345000969126447e-09,622.8,BID
770,1712610060.3362024,40075753.44390497,608.9,0.0,622.8,BID
771,1712610062.9354246,40077142.44390497,608.0,-5.7252716139824426e-08,622.8,ASK
772,1712610075.2606423,40077152.29773975,607.7,-4.061618469673127e-10,622.8,ASK
773,1712610090.3053942,40077152.29773975,607.7,-0.0,622.8,ASK
774,1712610100.815653,40077184.37159155,607.7,-1.321994787774553e-09,622.8,ASK
775,1712610100.8222215,40082909.29229857,607.7,-2.359652773215094e-07,622.8,ASK
776,1712610101.320974,40094719.9012068,607.7,4.868003853660502e-07,622.8,BID
777,1712610103.1565366,40094729.75504158,608.9,4.061476088634233e-10,622.8,BID
778,1712610120.236608,40094729.75504158,608.9,0.0,622.8,BID
779,1712610150.2259548,40094729.75504158,608.9,0.0,622.8,BID
780,1712610170.2126048,40094739.60887636,607.5,-4.0596887107448764e-10,622.8,ASK
781,1712610180.3262453,40094739.60887636,607.5,-0.0,622.8,ASK
782,1712610210.345951,40094739.60887636,607.5,-0.0,622.8,ASK
783,1712610228.6954396,40095195.43331355,607.5,-1.8779540205630852e-08,622.8,ASK
784,1712610228.7033892,40095661.79010367,607.5,-1.921346328918377e-08,622.8,ASK
785,1712610240.2068355,40095661.79010367,607.5,-0.0,622.8,ASK
786,1712610247.9451952,40097308.96519838,607.5,6.786050603853662e-08,622.8,BID
787,1712610250.0551102,40099612.96519838,607.5,9.492045284944158e-08,622.8,BID
788,1712610254.148687,40101158.96519838,607.5,6.369228303178677e-08,622.8,BID
789,1712610256.3159392,40103594.73966365,607.1,-1.0034931218861421e-07,622.8,ASK
790,1712610256.323327,40105672.73966365,606.6,-8.56096792626474e-08,622.8,ASK
791,1712610256.3277988,40109987.36614781,606.4,-1.777544703785802e-07,622.8,ASK
792,1712610256.3308244,40112484.7470077,607.1,-1.0288737940894109e-07,622.8,ASK
793,1712610256.419743,40112739.33061093,606.4,1.048836410890986e-08,622.8,BID
794,1712610260.2308185,40115068.33061093,607.5,9.595040567983917e-08,622.8,BID
795,1712610264.225918,40115606.33061093,607.5,2.2164584910156066e-08,622.8,BID
796,1712610264.424923,40115616.20715413,607.5,4.068949449974116e-10,622.8,BID
797,1712610269.514993,40115898.20715413,607.5,1.1617867926884776e-08,622.8,BID
798,1712610270.2064867,40115898.20715413,607.5,0.0,622.8,BID
799,1712610299.8751557,40115908.08369733,606.5,-4.0668911580034254e-10,622.8,ASK
800,1712610300.3265665,40115908.08369733,606.5,-0.0,622.8,ASK
801,1712610300.5442944,40117976.20715413,606.5,-8.515966325764619e-08,622.8,ASK
802,1712610300.7584386,40119554.80411873,606.5,6.500230219926217e-08,622.8,BID
803,1712610300.7710996,40124503.66588052,606.5,2.0378058174237925e-07,622.8,BID
804,1712610300.7747838,40138557.3894041,606.5,5.786938680307192e-07,622.8,BID
805,1712610300.778493,40138582.3523961,606.5,1.027907683858531e-09,622.8,BID
806,1712610300.7897537,40140231.3523961,606.5,6.790130649586029e-08,622.8,BID
807,1712610300.8205626,40145179.39791811,606.5,2.037469712223126e-07,622.8,BID
808,1712610300.8238325,40150127.44344012,606.5,2.0374697122200573e-07,622.8,BID
809,1712610300.833091,40151594.42287928,606.5,6.040619801191333e-08,622.8,BID
810,1712610300.836363,40153572.98841968,606.5,8.147191339057624e-08,622.8,BID
811,1712610316.414845,40153902.74934301,606.5,-1.3578652228694762e-08,622.8,ASK
812,1712610316.6778142,40158851.6111048,606.5,2.0378058174237925e-07,622.8,BID
813,1712610316.6818788,40168749.33462838,606.5,4.075611634844515e-07,622.8,BID
814,1712610319.0355308,40178935.33462838,606.5,4.194315997373153e-07,622.8,BID
815,1712610323.3035383,40180974.33462838,606.5,8.396043902065443e-08,622.8,BID
816,1712610327.497679,40182130.01843813,606.5,4.758789604495055e-08,622.8,BID
817,1712610329.2550428,40182139.91126582,606.5,4.073595664436023e-10,622.8,BID
818,1712610330.3450906,40182139.91126582,606.5,0.0,622.8,BID
819,1712610332.2849271,40187354.46249981,606.5,2.143663690784693e-07,622.8,BID
820,1712610335.1751518,40187640.14964083,606.5,-1.1744388416939973e-08,622.8,ASK
821,1712610336.8567812,40188390.14964083,606.5,-3.0831948828273634e-08,622.8,ASK
822,1712610353.665111,40191276.67890711,606.5,-1.1866309683913213e-07,622.8,ASK
823,1712610353.6728635,40194767.15940801,606.5,-1.434910882530837e-07,622.8,ASK
824,1712610358.304913,40194816.6235465,606.5,2.0334343824653644e-09,622.8,BID
825,1712610360.2103927,40194816.6235465,606.5,0.0,622.8,BID
826,1712610362.9418566,40194826.51637419,606.1,-4.0655837703149374e-10,622.8,ASK
1027,1712610371.9751196,40194981.61282219,606.1,-6.3738864315721455e-09,622.8,ASK
827,1712610371.9751196,40194981.61282219,606.1,-6.373886431572145e-09,622.8,ASK
828,1712610372.296126,40195092.69102493,606.1,4.5649004759828105e-09,622.8,BID
1028,1712610372.296126,40195092.69102493,606.1,4.56490047598281e-09,622.8,BID
829,1712610373.7449198,40195510.96618236,606.5,1.7189551308468822e-08,622.8,BID
830,1712610382.9353,40197000.37581758,607.5,6.12091894277277e-08,622.8,BID
831,1712610382.9459977,40199210.96618236,607.5,9.084703172637797e-08,622.8,BID
832,1712610382.974804,40199215.32119108,607.5,1.7897464034105442e-10,622.8,BID
833,1712610383.1154077,40200869.5986187,608.5,-6.798464172557082e-08,622.8,ASK
834,1712610383.119236,40201614.23408897,608.5,-3.0601744796415e-08,622.8,ASK
835,1712610390.23065,40201614.23408897,608.5,-0.0,622.8,ASK
836,1712610394.1829507,40201624.09440121,608.5,4.0515332833667166e-10,622.8,BID
837,1712610420.3186564,40201624.09440121,608.5,0.0,622.8,BID
838,1712610427.2146647,40201633.95471345,607.0,-4.051532284518962e-10,622.8,ASK
839,1712610450.3246882,40201633.95471345,607.0,-0.0,622.8,ASK
840,1712610460.3086998,40201643.81502569,608.5,4.0515312881339357e-10,622.8,BID
841,1712610480.207586,40201643.81502569,608.5,0.0,622.8,BID
842,1712610510.2273211,40201643.81502569,608.5,0.0,622.8,BID
843,1712610510.954732,40201724.09440121,608.5,3.298620912563791e-09,622.8,BID
844,1712610514.7548232,40201779.09440121,608.5,-2.259909833731673e-09,622.8,ASK
845,1712610514.8562737,40201808.15356307,608.5,-1.1940197389112e-09,622.8,ASK
846,1712610517.4648454,40203751.15685001,608.5,7.983658609336522e-08,622.8,BID
847,1712610540.330792,40203751.15685001,608.5,0.0,622.8,BID
848,1712610562.1945658,40203761.01716225,608.5,-4.0513168274712856e-10,622.8,ASK
849,1712610565.1657202,40204216.08956013,606.8,-1.869760732405764e-08,622.8,ASK
850,1712610565.172856,40204290.9543463,608.5,-3.075977318629726e-09,622.8,ASK
851,1712610565.1785705,40204779.12672599,606.8,-2.0057589746957323e-08,622.8,ASK
852,1712610565.181642,40205056.9823663,606.8,-1.1416283825551888e-08,622.8,ASK
853,1712610565.1847076,40206377.56832007,608.5,-5.4259053540297214e-08,622.8,ASK
854,1712610570.3481076,40206377.56832007,608.5,-0.0,622.8,ASK
855,1712610571.891011,40209823.76425442,608.5,1.415849286830863e-07,622.8,BID
856,1712610594.0243752,40209833.6180892,608.9,4.0483899374457727e-10,622.8,BID
857,1712610600.2387905,40209833.6180892,608.9,0.0,622.8,BID
858,1712610616.9975946,40210125.48937605,608.9,1.1990323808504149e-08,622.8,BID
859,1712610621.3844724,40211966.99761585,608.9,7.565074430306437e-08,622.8,BID
860,1712610626.0636048,40214343.1136673,609.0,9.7612893582476e-08,622.8,BID
861,1712610627.4447277,40214507.11366729,608.2,-6.737261227750211e-09,622.8,ASK
862,1712610627.904531,40214516.96750207,608.2,-4.0480401860475125e-10,622.8,ASK
863,1712610630.2320433,40214516.96750207,608.2,-0.0,622.8,ASK
864,1712610643.1543505,40214643.92558112,608.5,-5.214936262729967e-09,622.8,ASK
865,1712610657.7646537,40214660.32171163,609.9,6.734882585247961e-10,622.8,BID
866,1712610660.3266635,40214660.32171163,609.9,0.0,622.8,BID
867,1712610660.5992572,40214661.15722932,610.4,3.4319642467821687e-11,622.8,BID
868,1712610660.606165,40214670.15722932,610.0,3.6968311510383477e-10,622.8,BID
869,1712610690.3354104,40214670.15722932,610.0,0.0,622.8,BID
870,1712610693.494519,40214679.99274701,609.1,-4.0400265800301566e-10,622.8,ASK
871,1712610698.2043283,40217136.59018585,609.1,-1.0090692999174504e-07,622.8,ASK
872,1712610698.3443058,40221371.59018585,609.1,1.7395640073469737e-07,622.8,BID
873,1712610698.3854833,40223013.59018585,609.1,6.744661393302788e-08,622.8,BID
874,1712610698.4242475,40225000.12770046,609.1,8.159879951980367e-08,622.8,BID
875,1712610698.4347036,40227770.98474496,609.1,1.1381542347363473e-07,622.8,BID
876,1712610698.5042396,40228954.98474496,610.0,4.8633855600916567e-08,622.8,BID
877,1712610710.4768689,40231032.98474496,610.2,8.535570265093295e-08,622.8,BID
878,1712610715.6557424,40231530.98474496,610.1,2.0455793994304443e-08,622.8,BID
879,1712610720.2139883,40231530.98474496,610.1,0.0,622.8,BID
880,1712610723.1548765,40231540.81919832,610.1,4.037885390442703e-10,622.8,BID
1080,1712610723.1548765,40231540.81919832,610.1,4.0378853904427027e-10,622.8,BID
881,1712610750.2065873,40231540.81919832,610.1,0.0,622.8,BID
882,1712610775.0745952,40232156.83395241,610.0,2.5292675375209208e-08,622.8,BID
883,1712610780.345079,40232156.83395241,610.0,0.0,622.8,BID
884,1712610783.9547782,40233796.1782147,610.0,6.730806732973198e-08,622.8,BID
885,1712610785.8747797,40237074.86673929,610.0,1.3461613466007578e-07,622.8,BID
886,1712610791.2550485,40237084.70119265,609.0,-4.037822098036915e-10,622.8,ASK
887,1712610799.9846594,40237221.0402712,609.1,-5.597799126168941e-09,622.8,ASK
888,1712610809.614739,40237936.0402712,610.0,2.935641356600696e-08,622.8,BID
889,1712610810.3248048,40237936.0402712,610.0,0.0,622.8,BID
890,1712610817.7649288,40237952.43371382,610.0,6.729832679394596e-10,622.8,BID
891,1712610822.5266964,40237962.26977939,610.0,4.0378996051898685e-10,622.8,BID
892,1712610840.1179998,40243022.67029113,610.0,2.077394572772952e-07,622.8,BID
893,1712610840.2146835,40243022.67029113,610.0,0.0,622.8,BID
894,1712610852.6691673,40243032.5063567,609.0,-4.037385331522393e-10,622.8,ASK
895,1712610868.0790167,40245110.5063567,610.8,8.529514835863329e-08,622.8,BID
896,1712610868.0832791,40247188.5063567,611.3,8.529514835863329e-08,622.8,BID
897,1712610868.0907264,40248990.62167936,610.0,7.397097873214106e-08,622.8,BID
898,1712610868.10491,40260471.96909936,611.5,-4.7127200748117044e-07,622.8,ASK
899,1712610868.110407,40271194.62643336,611.5,-4.401302445150656e-07,622.8,ASK
900,1712610868.124864,40273978.35297921,611.5,-1.1426293008594917e-07,622.8,ASK
901,1712610868.1299963,40289729.03707743,611.5,-6.465144065963049e-07,622.8,ASK
902,1712610868.185001,40290608.03707743,609.0,-3.608009403620725e-08,622.8,ASK
903,1712610868.2050452,40294759.91530843,609.1,1.7042111149203844e-07,622.8,BID
904,1712610868.2125175,40294759.91530929,609.1,3.5169544464795866e-17,622.8,BID
905,1712610870.1953335,40294759.91530929,609.1,0.0,622.8,BID
906,1712610873.5257094,40295645.91530929,609.8,-3.632028042073635e-08,622.8,ASK
1107,1712610886.225806,40295655.73206321,611.2,4.0242353875525587e-10,622.8,BID
907,1712610886.225806,40295655.73206321,611.2,4.024235387552559e-10,622.8,BID
908,1712610892.2680788,40295672.16321667,609.4,-6.73571220487489e-10,622.8,ASK
909,1712610900.2451026,40295672.16321667,609.4,-0.0,622.8,ASK
910,1712610920.6251037,40295681.97997059,609.4,-4.0241436157439126e-10,622.8,ASK
911,1712610930.2150192,40295681.97997059,609.4,-0.0,622.8,ASK
1112,1712610956.2653794,40295691.80154531,610.9,4.0261188006808955e-10,622.8,BID
912,1712610956.2653794,40295691.80154531,610.9,4.026118800680896e-10,622.8,BID
913,1712610960.3357966,40295691.80154531,610.9,0.0,622.8,BID
914,1712610985.0055935,40296100.42441973,610.7,1.675050976799086e-08,622.8,BID
915,1712610985.0127585,40296566.1026917,610.6,1.908935826071956e-08,622.8,BID
916,1712610986.575771,40309017.69278113,609.4,-5.104229216585425e-07,622.8,ASK
917,1712610986.5802176,40311845.42342943,609.0,-1.1591600179604673e-07,622.8,ASK
918,1712610986.5861218,40313923.42342943,608.0,-8.518260106451942e-08,622.8,ASK
919,1712610986.591531,40316001.42342943,608.6,-8.518260106451942e-08,622.8,ASK
920,1712610986.5948904,40318053.17552205,609.4,-8.410663137109315e-08,622.8,ASK
921,1712610986.5982652,40323053.17552205,607.9,-2.049629477009611e-07,622.8,ASK
922,1712610986.601679,40324886.35609031,608.1,-7.514681858755338e-08,622.8,ASK
923,1712610986.716174,40332250.07263731,607.9,3.0185780990169254e-07,622.8,BID
924,1712610986.7237122,40343262.63341243,607.9,4.514333836407549e-07,622.8,BID
925,1712610987.5155363,40344517.06184348,610.6,5.142226978153853e-08,622.8,BID
926,1712610987.6355042,40344526.8834182,608.6,-4.0261178134888703e-10,622.8,ASK
927,1712610990.3252838,40344526.8834182,608.6,-0.0,622.8,ASK
928,1712611020.2359538,40344526.8834182,608.6,-0.0,622.8,ASK
929,1712611021.3154397,40344536.72432356,609.7,4.029133326069321e-10,622.8,BID
930,1712611021.801438,40346488.08159796,608.1,-7.989385465083408e-08,622.8,ASK
931,1712611048.7155278,40346497.92250332,608.1,-4.029133326069321e-10,622.8,ASK
932,1712611050.234408,40346497.92250332,608.1,-0.0,622.8,ASK
933,1712611080.3258646,40346497.92250332,608.1,-0.0,622.8,ASK
934,1712611084.5358608,40346507.76340868,609.7,4.0289356095962415e-10,622.8,BID
935,1712611099.06041,40346855.56612598,608.1,-1.4239286950244386e-08,622.8,ASK
936,1712611110.325588,40346855.56612598,608.1,-0.0,622.8,ASK
937,1712611128.860111,40347014.56612598,608.3,-6.50951344638288e-09,622.8,ASK
938,1712611128.9393373,40347029.46748463,608.3,6.100666320497844e-10,622.8,BID
939,1712611130.7055328,40347058.51023556,608.2,-1.189019985620133e-09,622.8,ASK
940,1712611140.219637,40347058.51023556,608.2,-0.0,622.8,ASK
941,1712611152.1615777,40347068.35114092,608.3,-4.0288793690218236e-10,622.8,ASK
942,1712611160.9257722,40347366.71656653,609.7,1.2215119082281792e-08,622.8,BID
943,1712611160.934136,40349425.03475581,609.7,8.426781266398095e-08,622.8,BID
944,1712611166.2457898,40349598.93611446,608.3,-7.119544096238884e-09,622.8,ASK
945,1712611170.226177,40349598.93611446,608.3,-0.0,622.8,ASK
946,1712611183.7459908,40349608.77701982,609.7,4.0286239511139854e-10,622.8,BID
947,1712611200.242308,40349608.77701982,609.7,0.0,622.8,BID
948,1712611220.1757212,40349618.61792518,608.3,-4.029885693080025e-10,622.8,ASK
949,1712611230.21605,40349618.61792518,608.3,-0.0,622.8,ASK
950,1712611250.856094,40349628.46044486,609.6,4.0305457737067056e-10,622.8,BID
951,1712611258.9760349,40349946.70191469,609.6,1.3032098011313308e-08,622.8,BID
952,1712611258.982236,40352916.31183397,609.6,1.216065509754667e-07,622.8,BID
953,1712611260.3357563,40352916.31183397,609.6,0.0,622.8,BID
954,1712611276.2057545,40352949.12023292,609.6,1.3434046677326147e-09,622.8,BID
955,1712611286.230672,40352958.9627526,608.3,-4.0302140038080014e-10,622.8,ASK
956,1712611290.336499,40352958.9627526,608.3,-0.0,622.8,ASK
957,1712611300.8362083,40355509.46036689,609.6,1.044350490747723e-07,622.8,BID
958,1712611300.8457642,40356246.81414171,609.6,3.0192373922555715e-08,622.8,BID
959,1712611307.6391208,40356263.57298199,608.3,-6.8622307154628e-10,622.8,ASK
960,1712611317.0660436,40356273.51444852,608.3,-4.070725412156745e-10,622.8,ASK
961,1712611317.236133,40356283.3569682,609.6,4.030209712221525e-10,622.8,BID
962,1712611320.2260373,40356283.3569682,609.6,0.0,622.8,BID
963,1712611350.225958,40356283.3569682,609.6,0.0,622.8,BID
964,1712611380.3262763,40356283.3569682,609.6,0.0,622.8,BID
965,1712611382.4491792,40356293.19948788,608.3,-4.029875314738091e-10,622.8,ASK
966,1712611410.3359842,40356293.19948788,608.3,-0.0,622.8,ASK
967,1712611413.0097897,40358334.65666139,608.3,-8.358444912404804e-08,622.8,ASK
968,1712611413.0159533,40359574.31738889,608.3,-5.0756077743554376e-08,622.8,ASK
969,1712611413.0211902,40364263.6907444,608.3,-1.919994667254901e-07,622.8,ASK
970,1712611413.1058383,40364774.1474164,608.2,2.089989458718458e-08,622.8,BID
971,1712611413.1305077,40364774.1474168,608.2,1.6472863050053692e-17,622.8,BID
972,1712611413.4659212,40365284.1474168,609.6,2.088119682664837e-08,622.8,BID
973,1712611417.316159,40365304.34417681,608.3,8.269265116687536e-10,622.8,BID
1174,1712611419.373309,40365314.18669649,609.6,4.029874329916047e-10,622.8,BID
974,1712611419.373309,40365314.18669649,609.6,4.0298743299160467e-10,622.8,BID
975,1712611440.2161455,40365314.18669649,609.6,0.0,622.8,BID
976,1712611470.2447202,40365314.18669649,609.6,0.0,622.8,BID
977,1712611500.3161302,40365314.18669649,609.6,0.0,622.8,BID
978,1712611515.5058088,40381390.01689162,609.6,6.580737425820541e-07,622.8,BID
979,1712611518.8360434,40381399.8594113,608.1,-4.0290944121921846e-10,622.8,ASK
980,1712611525.5358322,40381621.21373502,608.1,-9.061271889576942e-09,622.8,ASK
981,1712611530.3426776,40381621.21373502,608.1,-0.0,622.8,ASK
982,1712611551.1455996,40381785.63333384,608.2,6.727877120057585e-09,622.8,BID
983,1712611552.0459557,40381795.47585352,609.6,4.0274555723666006e-10,622.8,BID
984,1712611560.2158947,40381795.47585352,609.6,0.0,622.8,BID
1185,1712611583.7763538,40381805.3183732,608.1,-4.0274381067707955e-10,622.8,ASK
985,1712611583.7763538,40381805.3183732,608.1,-4.027438106770796e-10,622.8,ASK
986,1712611590.209241,40381805.3183732,608.1,-0.0,622.8,ASK
987,1712611615.1858168,40381815.16089288,609.6,4.0274371173684807e-10,622.8,BID
988,1712611619.094698,40381928.48887973,608.1,-4.637240824560088e-09,622.8,ASK
989,1712611619.1024384,40382351.83094248,608.1,-1.7322632746563055e-08,622.8,ASK
990,1712611619.108549,40382884.52044059,608.1,-2.1796994335547683e-08,622.8,ASK
991,1712611619.2258644,40388393.02637459,608.1,2.2540123855712481e-07,622.8,BID
992,1712611619.234792,40388393.02637554,608.1,3.871830303152601e-17,622.8,BID
993,1712611619.60633,40388897.4097805,609.6,2.0638744071153492e-08,622.8,BID
1193,1712611619.60633,40388897.4097805,609.6,2.063874407115349e-08,622.8,BID
994,1712611619.616191,40389855.25262637,609.6,3.919374262054849e-08,622.8,BID
995,1712611620.3162732,40389855.25262637,609.6,0.0,622.8,BID
996,1712611642.396327,40391933.25262637,609.5,8.501214968878025e-08,622.8,BID
997,1712611642.4961438,40393954.25299495,609.6,-8.268026268278245e-08,622.8,ASK
998,1712611647.6163616,40393964.09551463,608.1,-4.0266302061078256e-10,622.8,ASK
999,1712611650.3266914,40393964.09551463,608.1,-0.0,622.8,ASK
1000,1712611652.056313,40394319.30627739,608.1,-1.4530383442327585e-08,622.8,ASK
1201,1712611652.069455,40394343.97733002,608.0,-1.009203245782422e-09,622.8,ASK
1202,1712611652.0709386,40396570.04006104,608.1,-9.106014918469972e-08,622.8,ASK
1203,1712611652.0720916,40397255.04531777,608.0,-2.80210795503095e-08,622.8,ASK
1204,1712611665.3365066,40398214.77690314,608.0,-3.9259136826245215e-08,622.8,ASK
1205,1712611665.3391998,40401495.61679815,608.0,-1.3420725576489606e-07,622.8,ASK
1206,1712611665.3957405,40402550.52751172,608.0,4.3152569609180055e-08,622.8,BID
1207,1712611665.416004,40402588.83116281,608.0,1.566863383360808e-09,622.8,BID
1208,1712611665.418646,40407634.67712607,608.0,2.064072497934897e-07,622.8,BID
1209,1712611680.2275448,40407634.67712607,608.0,0.0,622.8,BID
1210,1712611708.6461768,40408912.89928905,608.0,-5.2269658388659534e-08,622.8,ASK
1211,1712611708.647796,40409684.17731036,608.0,-3.153946149927195e-08,622.8,ASK
1212,1712611710.2241216,40409684.17731036,608.0,-0.0,622.8,ASK
1213,1712611713.6061928,40409694.01821572,609.7,4.023983990608515e-10,622.8,BID
1214,1712611716.660278,40411869.8242488,608.0,-8.89695441902098e-08,622.8,ASK
1215,1712611724.2459664,40412043.24724371,609.7,7.091332855432698e-09,622.8,BID
1216,1712611731.945727,40412535.81298848,607.9,-2.0141202446338466e-08,622.8,ASK
1217,1712611731.948943,40412562.89542808,608.0,-1.1074113545081679e-09,622.8,ASK
1218,1712611740.3362665,40412562.89542808,608.0,-0.0,622.8,ASK
1219,1712611740.7531147,40412582.5772388,609.7,8.047391952491131e-10,622.8,BID
1220,1712611743.0365815,40412598.97874773,609.7,6.706159960409282e-10,622.8,BID
1221,1712611770.3365865,40412598.97874773,609.7,0.0,622.8,BID
1222,1712611780.8359845,40412608.81965309,608.1,-4.023692353791135e-10,622.8,ASK
1223,1712611800.4363794,40412608.81965309,608.1,-0.0,622.8,ASK
1224,1712611830.3259497,40412608.81965309,608.1,-0.0,622.8,ASK
1225,1712611843.7760596,40412618.66055845,609.7,4.0237440188692407e-10,622.8,BID
1226,1712611848.5966258,40413202.95697863,608.1,-2.3890680173491213e-08,622.8,ASK
1227,1712611860.25185,40413202.95697863,608.1,-0.0,622.8,ASK
1228,1712611872.6366549,40413212.79788399,608.1,-4.023684575969928e-10,622.8,ASK
1229,1712611890.2089171,40413212.79788399,608.1,-0.0,622.8,ASK
1230,1712611902.3360016,40413916.682576,608.1,-2.8779966696853413e-08,622.8,ASK
1231,1712611905.536287,40414193.40357248,608.1,-1.1314383098943324e-08,622.8,ASK
1232,1712611905.539347,40415314.47541928,608.1,-4.583763616674112e-08,622.8,ASK
1233,1712611907.6559458,40415324.31632464,609.7,4.0236835884076403e-10,622.8,BID
1234,1712611920.3460567,40415324.31632464,609.7,0.0,622.8,BID
1235,1712611942.015966,40415334.15723,608.1,-4.0234723568833845e-10,622.8,ASK
1236,1712611950.3366742,40415334.15723,608.1,-0.0,622.8,ASK
1237,1712611962.2513049,40417052.79319008,608.1,-7.026673188597663e-08,622.8,ASK
1238,1712611962.2530105,40417343.66147077,608.1,-1.1892200540656853e-08,622.8,ASK
1239,1712611962.2546215,40419127.29679934,608.1,-7.292424243762808e-08,622.8,ASK
1240,1712611964.1412256,40419428.12265613,609.6,1.2299317781322204e-08,622.8,BID
1241,1712611964.2158914,40424048.55664185,609.6,-1.889072518046295e-07,622.8,ASK
1242,1712611974.7458148,40424058.40885859,609.0,4.0280960508127207e-10,622.8,BID
1243,1712611980.217761,40424058.40885859,609.0,0.0,622.8,BID
1244,1712611984.2387493,40426768.52197213,609.0,1.1077938670529765e-07,622.8,BID
1245,1712611984.2405517,40427299.54374464,609.4,2.170620332860501e-08,622.8,BID
1246,1712611995.188007,40427318.54374464,609.0,-7.76649630189535e-10,622.8,ASK
1247,1712612006.0560243,40427328.39596138,609.0,-4.027221310497843e-10,622.8,ASK
1248,1712612010.2522852,40427328.39596138,609.0,-0.0,622.8,ASK
1249,1712612011.9959211,40428148.8751212,609.4,3.353541912572343e-08,622.8,BID
1250,1712612040.3261924,40428148.8751212,609.4,0.0,622.8,BID
1251,1712612040.5233998,40428158.72087111,609.4,4.0241680539478966e-10,622.8,BID
1252,1712612067.4557076,40428168.56662102,609.1,-4.0241680509026844e-10,622.8,ASK
1253,1712612070.3371243,40428168.56662102,609.1,-0.0,622.8,ASK
1254,1712612075.256775,40428651.25083334,609.1,-1.9728323913908435e-08,622.8,ASK
1255,1712612075.2596288,40430477.56751808,609.0,-7.464542283813e-08,622.8,ASK
1256,1712612100.2230082,40430477.56751808,609.0,-0.0,622.8,ASK
1257,1712612100.5838509,40431377.37316504,609.0,-3.677648675330662e-08,622.8,ASK
1258,1712612100.5855987,40436400.9409733,608.1,-2.053211997258772e-07,622.8,ASK
1259,1712612100.5873282,40436893.55181073,609.0,-2.013378777784828e-08,622.8,ASK
1260,1712612100.6070642,40441554.85694689,607.9,-1.905149486134725e-07,622.8,ASK
1261,1712612100.6087513,40441977.73059277,607.4,-1.7283517933552005e-08,622.8,ASK
1262,1712612100.610453,40442142.33964626,607.5,-6.727833610956519e-09,622.8,ASK
1263,1712612116.9862514,40442158.76544626,608.8,-6.713485498401725e-10,622.8,ASK
1264,1712612116.9899611,40444105.0351642,608.8,-7.954713636406284e-08,622.8,ASK
1265,1712612117.1056654,40445383.47453231,607.5,5.225184865755476e-08,622.8,BID
1266,1712612117.4657643,40446661.24828148,608.8,5.222464375332908e-08,622.8,BID
1267,1712612117.7559133,40446919.24828148,608.8,1.0544870010955672e-08,622.8,BID
1268,1712612130.2308617,40446919.24828148,608.8,0.0,622.8,BID
1269,1712612137.6929998,40446929.10373483,608.8,4.026434771866075e-10,622.8,BID
1270,1712612160.3167126,40446929.10373483,608.8,0.0,622.8,BID
1271,1712612190.3362286,40446929.10373483,608.8,0.0,622.8,BID
1272,1712612194.365831,40447142.8492133,608.2,8.732546188955134e-09,622.8,BID
1273,1712612208.155968,40447152.70466665,607.8,-4.026433784868984e-10,622.8,ASK
1274,1712612220.2065697,40447152.70466665,607.8,-0.0,622.8,ASK
1275,1712612239.436427,40447162.56173909,608.7,4.0270728865421005e-10,622.8,BID
1276,1712612250.2058003,40447162.56173909,608.7,0.0,622.8,BID
1277,1712612254.3659046,40447609.71320416,608.7,1.8268214133409093e-08,622.8,BID
1278,1712612254.505577,40448152.70466665,608.7,2.218372315470857e-08,622.8,BID
1279,1712612269.8460877,40453401.64896113,608.8,2.144437530359031e-07,622.8,BID
1280,1712612271.665879,40453411.50603357,608.8,-4.027071902438223e-10,622.8,ASK
1281,1712612280.3466032,40453411.50603357,608.8,-0.0,622.8,ASK
1282,1712612301.715586,40453518.47103657,608.8,4.369338079507389e-09,622.8,BID
1283,1712612305.0458584,40453518.47103661,608.8,1.8260611192786597e-18,622.8,BID
1284,1712612305.048524,40453528.32163581,609.1,4.023801896121647e-10,622.8,BID
1285,1712612308.7359428,40453561.62764703,609.1,1.3604937970161131e-09,622.8,BID
1286,1712612310.345886,40453561.62764703,609.1,0.0,622.8,BID
1287,1712612312.7291536,40453950.71375331,609.1,1.5893445006206765e-08,622.8,BID
1288,1712612312.7399416,40457195.06450394,609.7,1.3252570421539637e-07,622.8,BID
1289,1712612340.21602,40457195.06450394,609.7,0.0,622.8,BID
1290,1712612350.5611906,40457737.52185792,609.7,2.21563709581472e-08,622.8,BID
1291,1712612350.563858,40465478.85997712,609.7,3.161906789966765e-07,622.8,BID
1292,1712612350.566376,40465528.06450394,609.7,2.0097317162922387e-09,622.8,BID
1293,1712612360.7857857,40465999.06450394,609.7,1.9237734809443853e-08,622.8,BID
1294,1712612370.2161665,40465999.06450394,609.7,0.0,622.8,BID
1295,1712612370.8457248,40466008.91510318,608.9,-4.022540923387769e-10,622.8,ASK
1296,1712612377.1858993,40470244.40204368,609.7,1.729582041273881e-07,622.8,BID
1297,1712612377.1891718,40470321.36605318,609.7,3.142863395108305e-09,622.8,BID
1298,1712612377.2056465,40470321.36605386,609.7,2.7686581086130013e-17,622.8,BID
1299,1712612387.5616968,40470710.58044843,609.7,-1.5893762311393995e-08,622.8,ASK
1300,1712612400.2679365,40470710.58044843,609.7,-0.0,622.8,ASK
1301,1712612403.331912,40470720.41490179,610.1,4.017509187574496e-10,622.8,BID
1302,1712612430.2256444,40470720.41490179,610.1,0.0,622.8,BID
1303,1712612438.7755363,40470730.24935515,608.8,-4.0175081998064844e-10,622.8,ASK
1304,1712612460.3258595,40470730.24935515,608.8,-0.0,622.8,ASK
1305,1712612472.5356674,40470740.08542072,610.0,4.0181658262755724e-10,622.8,BID
1306,1712612490.3195765,40470740.08542072,610.0,0.0,622.8,BID
1307,1712612507.505766,40470749.92148629,608.8,-4.01816484139076e-10,622.8,ASK
1308,1712612520.2161596,40470749.92148629,608.8,-0.0,622.8,ASK
1309,1712612541.44959,40470759.75755186,610.0,4.0181638584439087e-10,622.8,BID
1310,1712612549.2656367,40470898.75755186,610.0,5.678335229271691e-09,622.8,BID
1311,1712612550.215497,40470898.75755186,610.0,0.0,622.8,BID
1312,1712612552.54572,40471038.75755186,610.0,5.719165350086989e-09,622.8,BID
1313,1712612557.4357069,40471065.49880262,609.0,-1.0924116769247106e-09,622.8,ASK
1314,1712612565.2257617,40471092.25644203,609.0,-1.093081172825749e-09,622.8,ASK
1315,1712612580.3360102,40471092.25644203,609.0,-0.0,622.8,ASK
1316,1712612605.665587,40471102.0925076,609.0,-4.0181295895590216e-10,622.8,ASK
1317,1712612610.3255963,40471102.0925076,609.0,-0.0,622.8,ASK
1318,1712612618.4658356,40471134.9332301,609.1,-1.3415755072135955e-09,622.8,ASK
1319,1712612631.6254356,40471217.9332301,609.9,3.390630857600512e-09,622.8,BID
1320,1712612632.9554176,40471300.9332301,609.9,3.390630857600512e-09,622.8,BID
1321,1712612633.7553034,40471383.9332301,609.9,3.390630857600512e-09,622.8,BID
1322,1712612635.6055956,40471552.9332301,609.9,6.903814637764899e-09,622.8,BID
1323,1712612636.832663,40476393.7345961,609.9,1.977514516515536e-07,622.8,BID
1324,1712612636.845742,40476898.09572518,610.0,2.0603643465263967e-08,622.8,BID
1325,1712612636.848488,40476898.0957261,609.9,3.7741070980629247e-17,622.8,BID
1326,1712612636.9454558,40478045.6367095,610.0,4.6878167092243584e-08,622.8,BID
1327,1712612637.005507,40479193.36584519,609.9,-4.6885853296926106e-08,622.8,ASK
1328,1712612637.305404,40479362.36584519,610.0,6.903814637764899e-09,622.8,BID
1329,1712612637.895515,40479372.20191076,610.0,4.018128606306509e-10,622.8,BID
1330,1712612639.8928475,40480571.20191076,610.0,4.898031805136162e-08,622.8,BID
1331,1712612640.222113,40480571.20191076,610.0,0.0,622.8,BID
1332,1712612644.8511608,40481525.85121076,610.0,3.898915503582522e-08,622.8,BID
1333,1712612655.4158032,40481589.20755828,610.0,2.58755802376682e-09,622.8,BID
1334,1712612655.4192157,40481725.03481731,610.0,5.547367038624007e-09,622.8,BID
1335,1712612670.207114,40481725.03481731,610.0,0.0,622.8,BID
1336,1712612674.713221,40482504.33578494,610.0,3.1826779587496444e-08,622.8,BID
1337,1712612674.7180977,40482880.84044256,610.0,1.5376512091446894e-08,622.8,BID
1338,1712612674.8155143,40484277.22252222,610.0,-5.7028473613015295e-08,622.8,ASK
1339,1712612681.7263775,40484837.16386302,610.0,-2.2868096378186745e-08,622.8,ASK
1340,1712612689.7793076,40488943.76304334,610.0,-1.6771418539751822e-07,622.8,ASK
1341,1712612689.782864,40492868.57070351,609.3,-1.602897898392644e-07,622.8,ASK
1342,1712612700.237263,40492868.57070351,609.3,-0.0,622.8,ASK
1343,1712612704.3064015,40493317.17050155,609.3,1.833011669959121e-08,622.8,BID
1344,1712612704.8055272,40493327.00656712,609.2,-4.0190885174743135e-10,622.8,ASK
1345,1712612726.1162806,40493548.22154195,609.9,9.039006085061333e-09,622.8,BID
1346,1712612726.1199198,40494464.91468514,610.0,3.7456754027882144e-08,622.8,BID
1347,1712612726.1233976,40494554.93185271,610.0,3.6781674753653557e-09,622.8,BID
1348,1712612726.1268516,40494718.83940885,610.1,6.6973829347622735e-09,622.8,BID
1349,1712612726.130309,40494966.2790963,610.2,1.0110567072804463e-08,622.8,BID
1350,1712612730.2074652,40494966.2790963,610.2,0.0,622.8,BID
1351,1712612738.6555214,40494976.11193799,610.2,4.017561204589088e-10,622.8,BID
1352,1712612753.385763,40500184.37729879,610.1,2.1280241772577002e-07,622.8,BID
1353,1712612753.505433,40503171.4897449,610.1,-1.2204922493712242e-07,622.8,ASK
1354,1712612760.3710823,40503171.4897449,610.1,-0.0,622.8,ASK
1355,1712612762.665584,40503333.75822547,610.1,6.628706701080298e-09,622.8,BID
1356,1712612773.595557,40503343.59106716,609.3,-4.01673962509803e-10,622.8,ASK
1357,1712612776.085824,40504195.84930382,610.2,3.481495521863077e-08,622.8,BID
1358,1712612790.3456206,40504195.84930382,610.2,0.0,622.8,BID
1359,1712612801.2856598,40504205.69990307,609.6,-4.023890891281743e-10,622.8,ASK
1360,1712612804.536188,40504215.53596864,610.0,4.017953997922006e-10,622.8,BID
1361,1712612820.2119954,40504215.53596864,610.0,0.0,622.8,BID
1362,1712612826.5965695,40505854.88023093,610.0,6.696586716492749e-08,622.8,BID
1363,1712612827.9957993,40506060.20523093,610.0,8.387357671960141e-09,622.8,BID
1364,1712612832.458983,40506070.0412965,609.6,-4.017952027552152e-10,622.8,ASK
1365,1712612840.4458375,40506237.36413115,609.6,-6.835000418719961e-09,622.8,ASK
1366,1712612850.2361486,40506237.36413115,609.6,-0.0,622.8,ASK
1367,1712612851.0961275,40507743.36413115,610.0,6.15157645489919e-08,622.8,BID
1368,1712612860.7569752,40507801.60740203,609.1,-2.3790699453184486e-09,622.8,ASK
1369,1712612860.761659,40510560.33288185,608.0,-1.126859940719132e-07,622.8,ASK
1370,1712612860.766294,40510834.32443368,609.6,-1.119176612909217e-08,622.8,ASK
1371,1712612860.7688794,40512134.50706849,608.8,-5.310871768526079e-08,622.8,ASK
1372,1712612860.770927,40512890.00367817,609.6,-3.085986159273461e-08,622.8,ASK
1373,1712612860.772964,40513345.15747127,609.3,-1.8591722157840288e-08,622.8,ASK
1374,1712612860.775035,40514432.06300237,608.7,-4.43969619775576e-08,622.8,ASK
1375,1712612860.7770786,40516510.06300237,608.6,-8.488031788366876e-08,622.8,ASK
1376,1712612867.4361086,40516519.90552205,609.6,4.020385943502394e-10,622.8,BID
1377,1712612880.3361492,40516519.90552205,609.6,0.0,622.8,BID
1378,1712612883.863725,40516761.22525197,609.6,9.8546963185813e-09,622.8,BID
1379,1712612883.866788,40516795.31422418,609.6,1.39208041156161e-09,622.8,BID
1380,1712612883.9398525,40518160.32546955,609.6,-5.5742525896221225e-08,622.8,ASK
1381,1712612885.1862335,40520238.32546955,609.8,8.485861871486454e-08,622.8,BID
1382,1712612888.7960758,40521824.58273537,609.8,-6.477747858679688e-08,622.8,ASK
1383,1712612890.066182,40522895.53606463,610.0,4.3734177203813e-08,622.8,BID
1384,1712612890.0756788,40524222.75577999,610.0,5.4199245320652564e-08,622.8,BID
1385,1712612891.0280716,40525277.91468272,610.2,4.3089185279472233e-08,622.8,BID
1386,1712612891.0319877,40526118.25081717,610.5,3.4316536874639524e-08,622.8,BID
1387,1712612891.034999,40526629.11672366,610.0,2.0862066974391464e-08,622.8,BID
1388,1712612891.0379827,40529253.5888709,610.2,1.0717472630920393e-07,622.8,BID
1389,1712612891.0405407,40539604.09792001,610.5,4.226804142941243e-07,622.8,BID
1390,1712612891.042304,40547276.79375674,610.9,3.13327416036682e-07,622.8,BID
1391,1712612894.7561853,40549354.79375674,610.9,8.485861871486454e-08,622.8,BID
1392,1712612894.7645304,40558470.07759203,610.9,3.7223791889162666e-07,622.8,BID
1393,1712612894.8160298,40559005.7139296,610.9,-2.1873609114413332e-08,622.8,ASK
1394,1712612894.8256493,40559473.88325249,610.9,-1.911848030064636e-08,622.8,ASK
1395,1712612909.5959446,40559555.72970853,610.9,-3.3423374429988863e-09,622.8,ASK
1396,1712612910.3464515,40559555.72970853,610.9,-0.0,622.8,ASK
1397,1712612939.76294,40559612.54487904,609.8,-2.317656089976199e-09,622.8,ASK
1398,1712612940.2506917,40559612.54487904,609.8,-0.0,622.8,ASK
1399,1712612954.9259024,40567691.12642762,609.8,-3.295483775548621e-07,622.8,ASK
1400,1712612967.4565158,40567700.9689473,609.6,-4.015044437553577e-10,622.8,ASK
1401,1712612970.2266378,40567700.9689473,609.6,-0.0,622.8,ASK
1402,1712612996.1200294,40567847.48525607,609.6,-5.975615714069619e-09,622.8,ASK
1403,1712612996.1241376,40568227.28473677,609.6,-1.5489987183813016e-08,622.8,ASK
1404,1712612996.8660054,40568237.12402834,609.8,4.01292018821134e-10,622.8,BID
1405,1712613000.2567503,40568237.12402834,609.8,0.0,622.8,BID
1406,1712613009.7662,40568595.42134334,609.8,1.4622667783816737e-08,622.8,BID
1407,1712613009.8661988,40570428.6019116,609.8,7.481493529259918e-08,622.8,BID
1408,1712613015.7662544,40570557.83544091,609.8,5.274220281797947e-09,622.8,BID
1409,1712613030.2262857,40570557.83544091,609.8,0.0,622.8,BID
1410,1712613032.0463371,40570567.67473248,609.8,-4.0153352147503366e-10,622.8,ASK
1411,1712613046.896062,40571601.10808049,609.9,-4.217357811706509e-08,622.8,ASK
1412,1712613056.71595,40571609.29272609,610.9,3.340087595016506e-10,622.8,BID
1413,1712613060.316743,40571609.29272609,610.9,0.0,622.8,BID
1414,1712613066.7064786,40572551.79883524,610.2,3.8461904556784726e-08,622.8,BID
1415,1712613066.709836,40573246.22184705,610.9,2.8338099183666763e-08,622.8,BID
1416,1712613066.926081,40573254.40649265,610.9,3.3400001853199256e-10,622.8,BID
1417,1712613071.068951,40573310.67049353,610.9,2.296028228080156e-09,622.8,BID
1418,1712613071.0786982,40575084.4383692,610.9,7.23841363761725e-08,622.8,BID
1419,1712613071.0843196,40577162.4383692,611.4,8.479927810889763e-08,622.8,BID
1420,1712613071.0927217,40579501.45039047,610.9,9.545068859096037e-08,622.8,BID
1421,1712613071.0946183,40596941.15556662,612.0,7.116816214480691e-07,622.8,BID
1422,1712613071.0965354,40597027.46487584,611.9,3.5221208450849913e-09,622.8,BID
1423,1712613071.0985615,40597454.71398143,611.6,1.7435233747112995e-08,622.8,BID
1424,1712613071.1009111,40635461.24471241,612.0,1.5509751537108614e-06,622.8,BID
1425,1712613071.1027932,40663966.14276064,612.1,1.1632313652827662e-06,622.8,BID
1426,1712613071.1047063,40664798.12477503,611.6,3.3951623782327155e-08,622.8,BID
1427,1712613071.1065938,40686176.79831121,612.2,8.724235239624546e-07,622.8,BID
1428,1712613071.108512,40688418.09027725,612.4,9.14629166271037e-08,622.8,BID
1429,1712613071.1103969,40689236.42088282,611.0,3.339453542208286e-08,622.8,BID
1430,1712613071.112317,40689262.49263986,612.5,1.0639394495189626e-09,622.8,BID
1431,1712613071.114219,40713313.50036806,612.4,9.814764644574573e-07,622.8,BID
1432,1712613071.1161597,40729347.50552019,612.3,6.543176429715369e-07,622.8,BID
1433,1712613071.1180668,40731425.50552019,611.9,8.479927810889763e-08,622.8,BID
1434,1712613071.1199908,40731438.27365094,612.0,5.210434409790993e-10,622.8,BID
1435,1712613071.1219022,40733516.27365094,612.8,8.479927810889763e-08,622.8,BID
1436,1712613071.1238527,40738516.27365094,612.7,2.040406114266065e-07,622.8,BID
1437,1712613071.1257844,40738568.09040702,612.0,2.114544518727445e-09,622.8,BID
1438,1712613071.12776,40739774.344301,613.0,4.922495641263567e-08,622.8,BID
1439,1712613071.1297011,40744207.3080445,612.0,1.8090092653116042e-07,622.8,BID
1440,1712613071.131651,40744244.0820445,612.2,1.5006778887768962e-09,622.8,BID
1441,1712613071.1335945,40768295.08977271,612.5,9.814764644580657e-07,622.8,BID
1442,1712613071.1355665,40768319.08977271,613.0,9.793949348477111e-10,622.8,BID
1443,1712613071.166072,40773319.08977271,613.0,-2.040406114266065e-07,622.8,ASK
1444,1712613071.2105265,40774249.11847531,613.0,-3.795272502463256e-08,622.8,ASK
1445,1712613071.2263503,40774291.16537531,613.0,-1.715855036783923e-09,622.8,ASK
1446,1712613071.2306523,40776508.48004357,613.0,-9.048444812741169e-08,622.8,ASK
1447,1712613071.2464776,40778828.48004357,613.0,-9.46748437019454e-08,622.8,ASK
1448,1712613071.2486389,40781649.14028819,613.0,-1.1510584818785177e-07,622.8,ASK
1449,1712613071.2505734,40782139.33636662,613.0,-2.0003981512543563e-08,622.8,ASK
1450,1712613071.2707107,40785588.33636662,613.0,-1.4074721376207312e-07,622.8,ASK
1451,1712613071.275027,40793436.77846662,613.0,-3.202801849658969e-07,622.8,ASK
1452,1712613071.279327,40799833.75172167,613.0,-2.610484668481392e-07,622.8,ASK
1453,1712613071.286728,40800196.75172167,613.0,-1.4813348389571628e-08,622.8,ASK
1454,1712613071.2888458,40811152.87267325,613.0,-4.470987235647665e-07,622.8,ASK
1455,1712613071.2908075,40811625.87870815,613.0,-1.9302488113721852e-08,622.8,ASK
1456,1712613071.2928207,40819779.82521825,613.0,-3.3274724629238765e-07,622.8,ASK
1457,1712613071.2948031,40820252.75411583,613.0,-1.9299340284484173e-08,622.8,ASK
1458,1712613071.296815,40826775.91132391,613.0,-2.661977970339101e-07,622.8,ASK
1459,1712613071.3062956,40831668.27922997,613.0,-1.9964834777512854e-07,622.8,ASK
1460,1712613071.3089287,40848588.76802959,613.0,-6.904933760624712e-07,622.8,ASK
1461,1712613071.3123393,40856742.7145397,613.0,-3.3274724629238765e-07,622.8,ASK
1462,1712613071.372502,40861635.08244576,613.0,-1.996483477754326e-07,622.8,ASK
1463,1712613071.3768847,40863744.40295655,613.0,-8.607740934324456e-08,622.8,ASK
1464,1712613071.386973,40867821.3762116,613.0,-1.6637362314588977e-07,622.8,ASK
1465,1712613071.3897364,40874344.53341968,613.0,-2.661977970339101e-07,622.8,ASK
1466,1712613071.3932283,40874433.57376253,612.2,3.6335691991466156e-09,622.8,BID
1467,1712613071.3967366,40894068.46915786,612.2,8.012632123521628e-07,622.8,BID
1468,1712613071.4002895,40895812.60938327,612.2,7.117508760129794e-08,622.8,BID
1469,1712613071.5323129,40897872.60938327,613.0,8.406473190776184e-08,622.8,BID
1470,1712613071.550125,40901032.60938327,613.0,1.289536664216153e-07,622.8,BID
1471,1712613071.6259413,40901050.48866548,613.0,7.296199346483331e-10,622.8,BID
1472,1712613071.7294436,40901532.30070998,613.0,1.96618448305499e-08,622.8,BID
1473,1712613071.7328975,40902262.30070998,613.0,2.9789929268284545e-08,622.8,BID
1474,1712613071.7349367,40902956.42142777,613.0,2.8325763132500423e-08,622.8,BID
1475,1712613071.785926,40908356.42142777,613.0,2.2036386034073493e-07,622.8,BID
1476,1712613071.826007,40912202.42142777,613.0,1.5694803830934569e-07,622.8,BID
1477,1712613071.8466742,40914522.63385349,613.2,9.468351239654949e-08,622.8,BID
1478,1712613071.8512335,40914686.43023886,613.2,6.684222924080524e-09,622.8,BID
1479,1712613071.8557696,40916481.61819436,613.0,7.325824961312666e-08,622.8,BID
1480,1712613071.8580432,40916602.42142777,613.4,4.9297531216569765e-09,622.8,BID
1481,1712613071.9463644,40916858.42142777,613.4,1.0446879305042249e-08,622.8,BID
1482,1712613072.1059775,40917693.42142777,613.4,3.407478210824328e-08,622.8,BID
1483,1712613072.796407,40919773.42142777,613.4,8.488089435346828e-08,622.8,BID
1484,1712613072.9764023,40920031.29394162,613.4,1.052329307903294e-08,622.8,BID
1485,1712613073.0561292,40920112.80682065,613.4,3.3263875355446637e-09,622.8,BID
1486,1712613073.2977128,40920370.88637721,613.4,1.0531742103219809e-08,622.8,BID
1487,1712613073.4003265,40920629.88376879,613.4,1.0569197227238537e-08,622.8,BID
1488,1712613073.595991,40920888.71813461,613.2,-1.0562544452123056e-08,622.8,ASK
1489,1712613073.6362965,40921147.53293734,613.4,1.0561746118999742e-08,622.8,BID
1490,1712613073.7958925,40921406.44392527,613.4,1.0565671256399968e-08,622.8,BID
1491,1712613073.836115,40921439.74993649,613.2,-1.3591557787960203e-09,622.8,ASK
1492,1712613073.9566574,40921697.56213081,613.4,1.0520831552358789e-08,622.8,BID
1493,1712613073.9961505,40921956.31009298,613.2,-1.0559018481284487e-08,622.8,ASK
1494,1712613074.128572,40922774.9703376,613.4,3.3407987372638536e-08,622.8,BID
1495,1712613074.2363868,40923033.6710223,613.4,1.0557089176692549e-08,622.8,BID
1496,1712613074.2970135,40923195.91157112,613.4,6.620732155855775e-09,622.8,BID
1497,1712613074.301763,40923291.67558702,613.4,3.9079496713034624e-09,622.8,BID
1498,1712613074.436451,40923550.21324597,613.2,-1.0550436401881112e-08,622.8,ASK
1499,1712613074.6371794,40923699.90823839,613.4,6.108771555996332e-09,622.8,BID
1500,1712613074.6411777,40923752.64682413,614.0,2.1521626560461995e-09,622.8,BID
1501,1712613074.64336,40923776.64682413,613.9,9.793949348477111e-10,622.8,BID
1502,1712613074.645546,40923809.22011404,614.0,1.3292547978200135e-09,622.8,BID
1503,1712613074.6776347,40923823.10891404,614.0,5.6677584890388e-10,622.8,BID
1504,1712613074.6820571,40923847.10891404,614.4,9.793949348477111e-10,622.8,BID
1505,1712613074.6858044,40923982.16398935,614.9,5.5113440285107205e-09,622.8,BID
1506,1712613074.6895888,40923985.30532462,614.0,1.2819199389035783e-10,622.8,BID
1507,1712613074.6930275,40924034.08386694,614.0,1.99056071979022e-09,622.8,BID
1508,1712613074.6952136,40924066.89764872,614.3,1.339068819643889e-09,622.8,BID
1509,1712613074.8563402,40924324.97820971,613.2,-1.0531783092331094e-08,622.8,ASK
1510,1712613074.943285,40924582.62986038,614.9,1.0514280067441593e-08,622.8,BID
1511,1712613075.09964,40924840.79866831,614.9,1.0535384284313845e-08,622.8,BID
1512,1712613075.2562673,40925003.42673791,614.9,6.6365461513422406e-09,622.8,BID
1513,1712613075.2762794,40925261.43291777,613.2,-1.0528747738165846e-08,622.8,ASK
1514,1712613075.2958548,40925519.80663707,614.9,1.0543746332399512e-08,622.8,BID
1515,1712613075.3183272,40925543.80663707,615.0,9.793949348477111e-10,622.8,BID
1516,1712613075.3231325,40925552.80663707,615.0,3.6727310056789156e-10,622.8,BID
1517,1712613075.3274765,40928731.25069818,615.5,1.2970633392274578e-07,622.8,BID
1518,1712613075.3312964,40928755.25069818,615.1,9.793949348477111e-10,622.8,BID
1519,1712613075.3350575,40928787.77102339,615.0,1.3270934080778923e-09,622.8,BID
1520,1712613075.3374991,40930197.93573372,614.9,5.7546173941508994e-08,622.8,BID
