,time,acc_trade_volume,trade_price,dev,high,ask_bid
0,1712601588.4351833,2866723.86895617,4038.0,0.0,4135.0,BID
1,1712601600.246597,2866723.86895617,4038.0,0.0,4135.0,BID
2,1712601603.2564392,2866725.35484027,4029.0,-1.2553869075963376e-10,4135.0,ASK
3,1712601627.576458,2866726.68784027,4038.0,1.1262188943624834e-10,4135.0,BID
4,1712601629.6261249,2866821.68784027,4038.0,8.026316200777406e-09,4135.0,BID
5,1712601630.2470417,2866821.68784027,4038.0,0.0,4135.0,BID
6,1712601641.066241,2866823.17372437,4038.0,1.2553450160879124e-10,4135.0,BID
7,1712601644.576367,2866859.13857937,4038.0,3.038480691221065e-09,4135.0,BID
8,1712601646.2460704,2866965.67157937,4038.0,9.000410636386861e-09,4135.0,BID
9,1712601654.7263196,2866971.97157937,4038.0,5.32253733696104e-10,4135.0,BID
10,1712601658.2970104,2867087.076391,4038.0,9.724597738667e-09,4135.0,BID
11,1712601658.2985964,2867533.41422437,4039.0,3.7708726712780974e-08,4135.0,BID
12,1712601658.3009963,2868853.47622289,4040.0,1.1152506783991688e-07,4135.0,BID
13,1712601658.3026452,2868925.5927192,4039.0,6.092741971497098e-09,4135.0,BID
14,1712601658.304335,2869390.68643598,4038.0,3.9293312264067934e-08,4135.0,BID
15,1712601658.3060389,2869447.63466139,4040.0,4.811254857237534e-09,4135.0,BID
16,1712601660.3760548,2869447.63466139,4040.0,0.0,4135.0,BID
17,1712601669.5163922,2869449.12054549,4033.0,-1.2542210880162913e-10,4135.0,ASK
18,1712601673.959564,2869528.18654549,4040.0,6.673888261633829e-09,4135.0,BID
19,1712601675.868049,2869534.48454549,4040.0,5.316083812465126e-10,4135.0,BID
20,1712601690.3662226,2869534.48454549,4040.0,0.0,4135.0,BID
21,1712601705.4561298,2869586.10703852,4040.0,4.3572780610598604e-09,4135.0,BID
22,1712601708.2161164,2869587.59218703,4040.0,1.2535630575063415e-10,4135.0,BID
23,1712601713.3964384,2869639.66255683,4040.0,4.3950818072497e-09,4135.0,BID
24,1712601713.3977392,2869691.62933301,4040.0,4.386337824128713e-09,4135.0,BID
25,1712601713.4956677,2869743.60981494,4040.0,4.387494679605128e-09,4135.0,BID
26,1712601715.9458325,2869815.05143171,4040.0,6.0301425042938706e-09,4135.0,BID
27,1712601719.5759356,2869973.83988459,4040.0,1.3402790169026404e-08,4135.0,BID
28,1712601719.8160648,2869983.86292543,4040.0,8.46010593319281e-10,4135.0,BID
29,1712601719.8257203,2870604.74258806,4040.0,5.2406328593282494e-08,4135.0,BID
30,1712601719.9158769,2870695.94235259,4040.0,-7.6978601736636e-09,4135.0,ASK
31,1712601720.2394466,2870695.94235259,4040.0,-0.0,4135.0,ASK
32,1712601721.7458537,2870698.49635259,4040.0,2.15489057380574e-10,4135.0,BID
33,1712601739.795886,2870699.9815011,4035.0,-1.2530667677443787e-10,4135.0,ASK
34,1712601750.235993,2870699.9815011,4035.0,-0.0,4135.0,ASK
35,1712601754.6158123,2870705.9155011,4040.0,5.006696580756085e-10,4135.0,BID
36,1712601778.6612334,2870707.40064961,4040.0,1.2530650432910115e-10,4135.0,BID
37,1712601780.3656874,2870707.40064961,4040.0,0.0,4135.0,BID
38,1712601792.888294,2870755.24285664,4040.0,4.036582551348083e-09,4135.0,BID
39,1712601794.7159562,2870803.1598559,4040.0,4.042892983693967e-09,4135.0,BID
40,1712601795.7558167,2870849.53782966,4040.0,3.913041041970288e-09,4135.0,BID
41,1712601795.8155687,2870901.61150083,4042.0,4.3936031692298494e-09,4135.0,BID
42,1712601808.7454534,2870903.09664934,4035.0,-1.2530618743680832e-10,4135.0,ASK
43,1712601810.3917098,2870903.09664934,4035.0,-0.0,4135.0,ASK
44,1712601812.9158306,2870904.39551128,4042.0,1.0958135109904187e-10,4135.0,BID
45,1712601840.2375505,2870904.39551128,4042.0,0.0,4135.0,BID
46,1712601841.535434,2870905.87992493,4042.0,1.2523577475554538e-10,4135.0,BID
47,1712601849.1853762,2870924.76792493,4042.0,1.593527055613025e-09,4135.0,BID
48,1712601852.735562,2870952.95559331,4042.0,2.378113733504192e-09,4135.0,BID
49,1712601852.7373557,2870957.15499447,4042.0,3.5429158017150875e-10,4135.0,BID
50,1712601865.0555716,2870959.89899447,4042.0,2.315035070184636e-10,4135.0,BID
51,1712601870.2468507,2870959.89899447,4042.0,0.0,4135.0,BID
52,1712601879.205469,2870984.60999447,4042.0,2.084757611770337e-09,4135.0,BID
53,1712601880.2553482,2870990.90399447,4042.0,5.3099690048635e-10,4135.0,BID
54,1712601882.3956833,2870992.50553247,4042.0,1.3511466700503823e-10,4135.0,BID
55,1712601882.4054682,2871002.50553247,4042.0,8.436557046496101e-10,4135.0,BID
56,1712601882.4072556,2871053.80361364,4042.0,4.327791881651108e-09,4135.0,BID
57,1712601900.2464492,2871053.80361364,4042.0,0.0,4135.0,BID
58,1712601905.0154166,2871055.28802729,4035.0,-1.252595744279675e-10,4135.0,ASK
59,1712601909.1152115,2871083.84805004,4043.0,2.409986121888154e-09,4135.0,BID
60,1712601909.1166508,2871085.14675004,4043.0,1.0958846227508408e-10,4135.0,BID
61,1712601915.9159005,2871140.62675004,4043.0,4.681579955688928e-09,4135.0,BID
62,1712601926.085184,2871207.52950332,4043.0,5.645468434322314e-09,4135.0,BID
63,1712601930.2376916,2871207.52950332,4043.0,0.0,4135.0,BID
64,1712601960.3651285,2871207.52950332,4043.0,0.0,4135.0,BID
65,1712601976.9249816,2871209.01354982,4043.0,1.2522202597648843e-10,4135.0,BID
66,1712601990.385115,2871209.01354982,4043.0,0.0,4135.0,BID
67,1712602003.5753653,2871210.49759632,4035.0,-1.2522196258003349e-10,4135.0,ASK
68,1712602013.8148718,2872165.6339617,4035.0,-8.05931958265477e-08,4135.0,ASK
69,1712602013.8765793,2873141.3461777,4035.0,-8.232936002095414e-08,4135.0,ASK
70,1712602013.8951762,2873501.10874041,4035.0,-3.035630902401143e-08,4135.0,ASK
71,1712602013.8968077,2873580.02998137,4035.0,-6.659274275516738e-09,4135.0,ASK
72,1712602014.1351693,2873675.02998137,4035.0,8.015979582641672e-09,4135.0,BID
73,1712602020.571833,2873675.02998137,4035.0,0.0,4135.0,BID
74,1712602040.834928,2873676.51697021,4035.0,1.2536497700671952e-10,4135.0,BID
75,1712602050.224919,2873676.51697021,4035.0,0.0,4135.0,BID
76,1712602070.2947266,2873677.83823942,4034.0,1.1139343885737198e-10,4135.0,BID
77,1712602073.6247485,2873679.32522826,4023.0,-1.2536491359116854e-10,4135.0,ASK
78,1712602080.36509,2873679.32522826,4023.0,-0.0,4135.0,ASK
79,1712602097.674418,2873681.82835717,4023.0,-2.1103335267427782e-10,4135.0,ASK
80,1712602110.3670604,2873681.82835717,4023.0,-0.0,4135.0,ASK
81,1712602110.9463327,2873683.31571463,4034.0,1.2539576514376493e-10,4135.0,BID
82,1712602140.224532,2873683.31571463,4034.0,0.0,4135.0,BID
83,1712602141.734972,2873684.80307209,4023.0,-1.2539570171278603e-10,4135.0,ASK
84,1712602170.2364976,2873684.80307209,4023.0,-0.0,4135.0,ASK
85,1712602172.2045722,2873885.89089159,4034.0,1.6953245060791596e-08,4135.0,BID
86,1712602172.2068355,2873932.22607209,4034.0,3.9064109994591826e-09,4135.0,BID
87,1712602178.6867428,2873933.71342955,4034.0,1.2539563845483602e-10,4135.0,BID
88,1712602182.1943817,2873938.13042955,4034.0,3.7238696813099103e-10,4135.0,BID
89,1712602183.7647767,2873995.95342955,4034.0,4.874922268208266e-09,4135.0,BID
90,1712602200.2564857,2873995.95342955,4034.0,0.0,4135.0,BID
91,1712602200.4914105,2873995.95434686,4034.0,7.736722577046818e-14,4135.0,BID
92,1712602200.4924786,2874138.04763408,4034.0,1.1984350644057761e-08,4135.0,BID
93,1712602208.304304,2874139.53499154,4028.0,-1.2544585097547808e-10,4135.0,ASK
94,1712602230.2441866,2874139.53499154,4028.0,-0.0,4135.0,ASK
95,1712602241.083982,2874141.0212437,4037.0,1.2534650514648746e-10,4135.0,BID
96,1712602260.2460797,2874141.0212437,4037.0,0.0,4135.0,BID
97,1712602275.2643716,2874142.50749586,4027.0,-1.2534644175747208e-10,4135.0,ASK
98,1712602290.256475,2874142.50749586,4027.0,-0.0,4135.0,ASK
99,1712602305.649899,2874144.06249586,4040.0,1.3114438028644258e-10,4135.0,BID
100,1712602312.2541487,2874145.54764437,4040.0,1.2525329968484646e-10,4135.0,BID
101,1712602320.3652525,2874145.54764437,4040.0,0.0,4135.0,BID
102,1712602327.6337535,2874146.91150575,4040.0,1.1502416093621352e-10,4135.0,BID
103,1712602341.8042195,2874148.39665426,4027.0,-1.2525316994177283e-10,4135.0,ASK
104,1712602349.8549235,2874149.88180277,4040.0,1.2525316994177283e-10,4135.0,BID
105,1712602350.3934405,2874149.88180277,4040.0,0.0,4135.0,BID
106,1712602375.8942082,2874151.36695128,4030.0,-1.2525298517922408e-10,4135.0,ASK
107,1712602380.2243092,2874151.36695128,4030.0,-0.0,4135.0,ASK
108,1712602410.244171,2874151.36695128,4030.0,-0.0,4135.0,ASK
109,1712602410.8534932,2874152.85209979,4040.0,1.2525292195536552e-10,4135.0,BID
110,1712602440.3636055,2874152.85209979,4040.0,0.0,4135.0,BID
111,1712602447.8834364,2874154.3372483,4030.0,-1.2525285861396043e-10,4135.0,ASK
112,1712602469.193653,2874687.35166061,4030.0,-4.4952796542168286e-08,4135.0,ASK
113,1712602470.3733163,2874687.35166061,4030.0,-0.0,4135.0,ASK
114,1712602482.6432009,2874688.83680912,4040.0,1.2523010870471058e-10,4135.0,BID
115,1712602500.2561886,2874688.83680912,4040.0,0.0,4135.0,BID
116,1712602505.4833517,2874721.92780912,4037.0,2.790520180134418e-09,4135.0,BID
117,1712602516.4934893,2874723.41295763,4028.0,-1.2524060583089678e-10,4135.0,ASK
118,1712602530.226384,2874723.41295763,4028.0,-0.0,4135.0,ASK
119,1712602550.0544636,2874724.89810614,4040.0,1.252391317914727e-10,4135.0,BID
120,1712602560.3748286,2874724.89810614,4040.0,0.0,4135.0,BID
121,1712602585.0753582,2874726.36345267,4040.0,1.2356921420003028e-10,4135.0,BID
122,1712602586.5353549,2874727.84860118,4028.0,-1.2523906842475058e-10,4135.0,ASK
123,1712602590.3552935,2874727.84860118,4028.0,-0.0,4135.0,ASK
124,1712602612.8466682,2874732.79909622,4040.0,4.17463142991278e-10,4135.0,BID
125,1712602620.256415,2874732.79909622,4040.0,0.0,4135.0,BID
126,1712602650.2394817,2874732.79909622,4040.0,0.0,4135.0,BID
127,1712602680.3777783,2874732.79909622,4040.0,0.0,4135.0,BID
128,1712602682.137894,2875299.40193341,4039.0,4.7780151358352323e-08,4135.0,BID
129,1712602686.32784,2875300.88744962,4039.0,1.252697386638237e-10,4135.0,BID
130,1712602710.3682654,2875300.88744962,4039.0,0.0,4135.0,BID
131,1712602722.888516,2875302.37296583,4032.0,-1.2524550495086342e-10,4135.0,ASK
132,1712602733.5300827,2875305.84776708,4032.0,-2.929643138450138e-10,4135.0,ASK
133,1712602734.0085535,2875345.16956396,4032.0,3.315263928004056e-09,4135.0,BID
134,1712602734.1288824,2875384.56025816,4032.0,3.321072736839384e-09,4135.0,BID
135,1712602734.248602,2875481.28644863,4032.0,8.155091465950331e-09,4135.0,BID
136,1712602734.5529706,2875502.37296583,4032.0,1.777827449085351e-09,4135.0,BID
137,1712602735.1587834,2875677.81144863,4039.0,1.4791411373977476e-08,4135.0,BID
138,1712602740.222412,2875677.81144863,4039.0,0.0,4135.0,BID
139,1712602754.569107,2875679.29696484,4039.0,1.2522944603125044e-10,4135.0,BID
140,1712602770.2494624,2875679.29696484,4039.0,0.0,4135.0,BID
141,1712602800.3301983,2875679.29696484,4039.0,0.0,4135.0,BID
142,1712602801.5903263,2875709.7480047,4039.0,2.57042756327489e-09,4135.0,BID
143,1712602826.010565,2875740.19904456,4031.0,-2.57042756327489e-09,4135.0,ASK
144,1712602830.2507868,2875740.19904456,4031.0,-0.0,4135.0,ASK
145,1712602846.3114505,2875833.92431892,4031.0,-7.911356473765164e-09,4135.0,ASK
146,1712602846.3137257,2875965.72942404,4031.0,-1.1125677452411217e-08,4135.0,ASK
147,1712602846.3159351,2875976.8589849,4030.0,-9.39446952425989e-10,4135.0,ASK
148,1712602859.5211134,2875978.34450111,4027.0,-1.2539251938330844e-10,4135.0,ASK
149,1712602860.3641946,2875978.34450111,4027.0,-0.0,4135.0,ASK
150,1712602867.3115385,2876110.14960623,4027.0,-1.1124776020630909e-08,4135.0,ASK
151,1712602890.3514037,2876111.63733248,4033.0,1.2556889426371534e-10,4135.0,BID
152,1712602890.3712678,2876111.63733248,4033.0,0.0,4135.0,BID
153,1712602894.8116324,2876151.36914276,4035.0,3.353341019835532e-09,4135.0,BID
154,1712602920.2426147,2876151.36914276,4035.0,0.0,4135.0,BID
155,1712602927.212165,2876152.85686901,4027.0,-1.2556150657166766e-10,4135.0,ASK
156,1712602950.262473,2876152.85686901,4027.0,-0.0,4135.0,ASK
157,1712602966.9927046,2876154.34385785,4035.0,1.2549920702998439e-10,4135.0,BID
158,1712602980.372954,2876154.34385785,4035.0,0.0,4135.0,BID
159,1712603001.2529886,2876155.83084669,4027.0,-1.2549914347856096e-10,4135.0,ASK
160,1712603010.3830974,2876155.83084669,4027.0,-0.0,4135.0,ASK
161,1712603037.1034043,2876157.3163629,4039.0,1.2537479282632327e-10,4135.0,BID
162,1712603040.243763,2876157.3163629,4039.0,0.0,4135.0,BID
163,1712603068.3736546,2876158.80187911,4027.0,-1.2537472929866507e-10,4135.0,ASK
164,1712603070.2992988,2876158.80187911,4027.0,-0.0,4135.0,ASK
165,1712603100.3643878,2876158.80187911,4027.0,-0.0,4135.0,ASK
166,1712603102.194252,2876160.28739532,4039.0,1.254108126443968e-10,4135.0,BID
167,1712603130.3744032,2876160.28739532,4039.0,0.0,4135.0,BID
168,1712603136.844571,2876161.77291153,4027.0,-1.2541074911955425e-10,4135.0,ASK
169,1712603160.244976,2876161.77291153,4027.0,-0.0,4135.0,ASK
170,1712603168.5746703,2876163.25842774,4039.0,1.2541068578351014e-10,4135.0,BID
171,1712603190.2353563,2876163.25842774,4039.0,0.0,4135.0,BID
172,1712603203.48779,2876212.78789777,4038.0,-4.181389347624412e-09,4135.0,ASK
173,1712603207.2856238,2876214.27341398,4031.0,-1.2541062225879614e-10,4135.0,ASK
174,1712603220.3755531,2876214.27341398,4031.0,-0.0,4135.0,ASK
175,1712603238.8252382,2876215.75966614,4037.0,1.254705708996926e-10,4135.0,BID
176,1712603247.175629,2876263.88962914,4031.0,-4.063169155525091e-09,4135.0,ASK
177,1712603247.1854458,2876263.88962995,4031.0,-6.836268184499666e-17,4135.0,ASK
178,1712603247.3286862,2876313.52973915,4029.0,-4.1906568799800396e-09,4135.0,ASK
179,1712603247.3301013,2876363.15753071,4030.0,-4.1896170151871834e-09,4135.0,ASK
180,1712603249.1534357,2876450.04414083,4029.0,7.3350356464886115e-09,4135.0,BID
181,1712603249.345512,2876515.54467057,4029.0,5.529605998471961e-09,4135.0,BID
182,1712603250.3970034,2876515.54467057,4029.0,0.0,4135.0,BID
183,1712603259.969289,2876708.54246538,4029.0,1.6291355306908152e-08,4135.0,BID
184,1712603271.1188562,2876745.08907554,4026.0,-3.0849772764028303e-09,4135.0,ASK
185,1712603274.6056335,2876794.72918474,4029.0,4.190227444042062e-09,4135.0,BID
186,1712603275.7555604,2876844.36918474,4036.0,4.19021822620638e-09,4135.0,BID
187,1712603276.0555394,2876845.8554369,4026.0,-1.2545771335161694e-10,4135.0,ASK
188,1712603280.238866,2876845.8554369,4026.0,-0.0,4135.0,ASK
189,1712603310.2461183,2876845.8554369,4026.0,-0.0,4135.0,ASK
190,1712603321.6657777,2876874.1074369,4036.0,2.384543628983495e-09,4135.0,BID
191,1712603327.1663036,2877018.62380658,4036.0,1.2197564370869752e-08,4135.0,BID
192,1712603331.5359628,2877113.62380658,4037.0,8.018251619514981e-09,4135.0,BID
193,1712603339.626159,2877115.11005874,4037.0,1.254436188149121e-10,4135.0,BID
194,1712603340.3791542,2877115.11005874,4037.0,0.0,4135.0,BID
195,1712603345.1663358,2877168.82733474,4037.0,4.533464519066398e-09,4135.0,BID
196,1712603345.846021,2877181.19933474,4037.0,1.044133790949024e-09,4135.0,BID
197,1712603348.976267,2877276.19933474,4037.0,8.017516176880569e-09,4135.0,BID
198,1712603354.979727,2877523.56433474,4037.0,2.0876346200969693e-08,4135.0,BID
199,1712603355.396394,2877585.75694239,4037.0,5.2487393464926715e-09,4135.0,BID
200,1712603355.4162,2877633.94517097,4037.0,4.06684107554449e-09,4135.0,BID
201,1712603355.5162575,2877681.35143739,4037.0,4.0008474516349025e-09,4135.0,BID
202,1712603355.9292092,2878212.48894674,4037.0,4.4825300772245016e-08,4135.0,BID
203,1712603357.0074892,2878274.73638583,4037.0,5.253366840787009e-09,4135.0,BID
204,1712603357.746116,2878522.05938583,4037.0,2.0872801614878925e-08,4135.0,BID
205,1712603359.435903,2878769.41038583,4037.0,2.0875164672272768e-08,4135.0,BID
206,1712603360.99621,2879016.75638583,4037.0,2.0874742697785875e-08,4135.0,BID
207,1712603363.3063157,2879097.71738583,4037.0,6.8326960757232604e-09,4135.0,BID
208,1712603370.3763614,2879097.71738583,4037.0,0.0,4135.0,BID
209,1712603375.4263308,2879097.71812897,4037.0,6.267489579191216e-14,4135.0,BID
210,1712603375.4360187,2879099.05038583,4039.0,1.1235979731855274e-10,4135.0,BID
211,1712603376.6363046,2879100.53663799,4034.0,-1.2534744345635155e-10,4135.0,ASK
212,1712603378.0017698,2879138.73872391,4039.0,3.2218851782170407e-09,4135.0,BID
213,1712603382.1363614,2879190.86191973,4034.0,-4.395962890740549e-09,4135.0,ASK
214,1712603400.277921,2879190.86191973,4034.0,-0.0,4135.0,ASK
215,1712603400.3777916,2879285.86191973,4039.0,8.011944741639182e-09,4135.0,BID
216,1712603401.726724,2879287.18895106,4039.0,1.1191685987400427e-10,4135.0,BID
217,1712603402.026651,2879895.6759655,4039.0,5.13175193231304e-08,4135.0,BID
218,1712603404.29628,2879898.19399258,4039.0,2.12360987589122e-10,4135.0,BID
219,1712603409.2065055,2879962.60028718,4039.0,5.4317860352609425e-09,4135.0,BID
220,1712603413.4463794,2880000.76212775,4039.0,3.218426925130108e-09,4135.0,BID
221,1712603413.9008594,2880072.48337983,4039.0,6.048702194384838e-09,4135.0,BID
222,1712603413.9144835,2880143.61597113,4039.0,5.999056745504231e-09,4135.0,BID
223,1712603413.916064,2880191.32677891,4039.0,4.023751110678824e-09,4135.0,BID
224,1712603414.6522653,2880243.33641194,4039.0,4.386297956502931e-09,4135.0,BID
225,1712603414.786293,2880338.33541194,4039.0,8.01186040536492e-09,4135.0,BID
226,1712603415.2168686,2880339.82092815,4039.0,1.2528288197919424e-10,4135.0,BID
227,1712603417.0166492,2880425.12383004,4039.0,7.194127749949273e-09,4135.0,BID
228,1712603417.0764534,2880672.36183004,4039.0,2.0851128358237395e-08,4135.0,BID
229,1712603417.0990822,2880737.03634995,4039.0,5.454407154853208e-09,4135.0,BID
230,1712603417.136796,2881145.51506878,4039.0,3.444956761477592e-08,4135.0,BID
231,1712603417.140154,2881153.71016658,4039.0,6.911439023679571e-10,4135.0,BID
232,1712603417.16554,2881156.0993977,4040.0,2.01498817964278e-10,4135.0,BID
233,1712603421.0367703,2881217.75530611,4040.0,5.199828749223791e-09,4135.0,BID
234,1712603421.1084902,2881279.35175439,4040.0,5.194814104249091e-09,4135.0,BID
235,1712603421.2709422,2881325.5574829,4040.0,3.89681835335509e-09,4135.0,BID
236,1712603422.6364827,2881572.7464829,4040.0,2.0846995881466176e-08,4135.0,BID
237,1712603425.0267365,2881819.9354829,4040.0,2.084699588150545e-08,4135.0,BID
238,1712603427.016991,2881896.28442401,4040.0,6.438984181648223e-09,4135.0,BID
239,1712603427.020561,2881965.3564829,4040.0,5.825279147558387e-09,4135.0,BID
240,1712603430.2567449,2881965.3564829,4040.0,0.0,4135.0,BID
241,1712603434.4567566,2881995.35554211,4040.0,2.5276194755281824e-09,4135.0,BID
242,1712603434.4595532,2881995.3564829,4040.0,7.92678237202521e-14,4135.0,BID
243,1712603442.3465877,2881996.84199911,4036.0,-1.2516458187626128e-10,4135.0,ASK
244,1712603459.3670912,2882152.71075832,4041.0,1.3132975559449904e-08,4135.0,BID
245,1712603459.371075,2882152.71169911,4040.0,7.926778448520372e-14,4135.0,BID
246,1712603460.3566658,2882152.71169911,4040.0,0.0,4135.0,BID
247,1712603475.5868402,2883020.24518848,4036.0,-7.30907814006422e-08,4135.0,ASK
248,1712603476.8669908,2883021.72996947,4041.0,1.2509465525143802e-10,4135.0,BID
249,1712603487.1669433,2883083.71457751,4041.0,5.222280744183438e-09,4135.0,BID
250,1712603487.5268655,2883203.71357751,4041.0,1.0110065818502495e-08,4135.0,BID
251,1712603487.656386,2883257.22899318,4041.0,4.508740695609957e-09,4135.0,BID
252,1712603490.3770792,2883257.22899318,4041.0,0.0,4135.0,BID
253,1712603495.056976,2883292.71359867,4041.0,2.988499676111021e-09,4135.0,BID
254,1712603496.217337,2883326.02124391,4041.0,2.8051569303786316e-09,4135.0,BID
255,1712603496.2969906,2883462.7963609,4041.0,1.1519147167735184e-08,4135.0,BID
256,1712603496.436823,2883669.9333609,4041.0,1.7444997594466407e-08,4135.0,BID
257,1712603496.6169538,2883705.66023584,4041.0,3.0089035150112603e-09,4135.0,BID
258,1712603496.6973708,2883734.09265699,4041.0,2.3945674532802757e-09,4135.0,BID
259,1712603496.7010176,2883843.25825662,4041.0,9.193884351626071e-09,4135.0,BID
260,1712603496.8369625,2883930.33377953,4041.0,7.3334666800735715e-09,4135.0,BID
261,1712603496.9570086,2884017.407178,4041.0,7.333287760529964e-09,4135.0,BID
262,1712603498.8270087,2884022.947178,4041.0,4.66576645766629e-10,4135.0,BID
263,1712603504.227075,2884058.25498011,4041.0,2.97360936421574e-09,4135.0,BID
264,1712603505.3369346,2884206.73898011,4041.0,1.2505264741770593e-08,4135.0,BID
265,1712603506.597173,2884242.36165466,4041.0,3.000127798709031e-09,4135.0,BID
266,1712603506.6390555,2884300.62728105,4041.0,4.9071083978979284e-09,4135.0,BID
267,1712603506.8368406,2884343.89713278,4041.0,3.644170087138173e-09,4135.0,BID
268,1712603506.8970623,2884376.38101067,4041.0,2.7357795645192446e-09,4135.0,BID
269,1712603509.0070724,2884377.86579166,4038.0,-1.2504767758394303e-10,4135.0,ASK
270,1712603510.517589,2884411.22156535,4041.0,2.809210289747189e-09,4135.0,BID
271,1712603511.0371325,2884426.42849544,4041.0,1.2807217389619107e-09,4135.0,BID
272,1712603511.040922,2884441.50357126,4041.0,1.269617023564964e-09,4135.0,BID
273,1712603511.0976143,2884495.56657126,4041.0,4.553164837536086e-09,4135.0,BID
274,1712603514.2880526,2884531.78357126,4041.0,3.0501816569855287e-09,4135.0,BID
275,1712603520.2546475,2884531.78357126,4041.0,0.0,4135.0,BID
276,1712603539.8274546,2884531.78444053,4041.0,7.317783464639469e-14,4135.0,BID
277,1712603540.311378,2884533.26848703,4043.0,1.2493162750047823e-10,4135.0,BID
278,1712603540.5471127,2884615.06848703,4043.0,6.886177170528394e-09,4135.0,BID
279,1712603541.8854558,2884652.26358829,4043.0,3.131198742715362e-09,4135.0,BID
280,1712603542.0973012,2884819.30358829,4043.0,1.4061944187832912e-08,4135.0,BID
281,1712603545.568846,2884836.02858829,4043.0,1.4079622637896203e-09,4135.0,BID
282,1712603550.2601852,2884836.02858829,4043.0,0.0,4135.0,BID
283,1712603550.3602984,2884840.00758829,4043.0,3.3492985286067046e-10,4135.0,BID
284,1712603550.520682,2884876.77243266,4043.0,3.094657932756561e-09,4135.0,BID
285,1712603550.5597415,2884937.51139027,4043.0,5.1126640195461245e-09,4135.0,BID
286,1712603550.6304648,2884983.04653003,4043.0,3.8328920981961604e-09,4135.0,BID
287,1712603550.767239,2885017.23186591,4043.0,2.877529408232986e-09,4135.0,BID
288,1712603553.5572004,2885019.94786591,4043.0,2.2861761254331368e-10,4135.0,BID
289,1712603555.7371428,2885050.53728309,4043.0,2.574845185845092e-09,4135.0,BID
290,1712603555.7798898,2885089.00193463,4043.0,3.237738145183785e-09,4135.0,BID
291,1712603555.929012,2885141.07046858,4043.0,4.382836494925866e-09,4135.0,BID
292,1712603556.007128,2885205.22168403,4043.0,5.3998887031770945e-09,4135.0,BID
293,1712603556.087656,2885253.33509562,4043.0,4.049916527598402e-09,4135.0,BID
294,1712603556.4974246,2885256.05109562,4043.0,2.2861761254331368e-10,4135.0,BID
295,1712603556.608363,2885310.03199642,4043.0,4.543808786391453e-09,4135.0,BID
296,1712603556.6870613,2885612.29425477,4043.0,2.5442737800268543e-08,4135.0,BID
297,1712603556.7286634,2885614.77749144,4044.0,2.0902490385817035e-10,4135.0,BID
298,1712603556.7314477,2885653.34450555,4044.0,3.246354450905905e-09,4135.0,BID
299,1712603557.5498838,2885705.52613384,4044.0,4.392356140736165e-09,4135.0,BID
300,1712603557.6301355,2885754.66857104,4044.0,4.136534118989784e-09,4135.0,BID
301,1712603564.4986343,2885911.78063035,4044.0,1.3224809978290357e-08,4135.0,BID
302,1712603564.506443,2886277.12938085,4045.0,3.075300408119899e-08,4135.0,BID
303,1712603564.5571983,2886287.01813239,4045.0,8.323795169610059e-10,4135.0,BID
304,1712603574.6276977,2886288.50217889,4041.0,-1.2491869211033864e-10,4135.0,ASK
305,1712603580.2673826,2886288.50217889,4041.0,-0.0,4135.0,ASK
306,1712603608.4875717,2886289.98549162,4045.0,1.2479522997595926e-10,4135.0,BID
307,1712603610.2409532,2886289.98549162,4045.0,0.0,4135.0,BID
308,1712603639.477909,2886291.46880435,4039.0,-1.2479516701894748e-10,4135.0,ASK
309,1712603640.3776782,2886291.46880435,4039.0,-0.0,4135.0,ASK
310,1712603655.1281464,2886524.33441937,4037.0,-1.959161279993544e-08,4135.0,ASK
311,1712603655.1329324,2886530.27868772,4039.0,-5.001073425226587e-10,4135.0,ASK
312,1712603670.3079672,2886531.76310137,4042.0,1.2488772746040339e-10,4135.0,BID
313,1712603670.3803282,2886531.76310137,4042.0,0.0,4135.0,BID
314,1712603700.2879536,2886531.76310137,4042.0,0.0,4135.0,BID
315,1712603705.9287078,2886533.24751502,4034.0,-1.2488536957909232e-10,4135.0,ASK
316,1712603726.937983,2886621.41768617,4042.0,7.417854457724586e-09,4135.0,BID
317,1712603727.007903,2886716.41768617,4042.0,7.992455546954951e-09,4135.0,BID
318,1712603727.028062,2886782.35193741,4042.0,5.547121811130222e-09,4135.0,BID
319,1712603727.0680642,2886810.61690698,4042.0,2.3779632928950667e-09,4135.0,BID
320,1712603729.1687732,2886882.86090698,4042.0,6.077967984566281e-09,4135.0,BID
321,1712603730.2442143,2886882.86090698,4042.0,0.0,4135.0,BID
322,1712603743.618397,2886884.34515429,4042.0,1.2485646828840536e-10,4135.0,BID
323,1712603743.6226714,2886884.34532063,4042.0,1.3992681538251771e-14,4135.0,BID
324,1712603749.7696347,2886960.97132063,4042.0,6.445860924973802e-09,4135.0,BID
325,1712603752.1485028,2886964.62732063,4042.0,3.0754662309646416e-10,4135.0,BID
326,1712603752.2683015,2886993.19141073,4042.0,2.402841753887473e-09,4135.0,BID
327,1712603760.3784113,2886993.19141073,4042.0,0.0,4135.0,BID
328,1712603762.3884585,2887209.65341073,4042.0,1.8208331459555925e-08,4135.0,BID
329,1712603766.0439732,2887555.62252487,4042.0,2.910219948553433e-08,4135.0,BID
330,1712603766.0538013,2887672.83151022,4042.0,9.859375111079477e-09,4135.0,BID
331,1712603766.0584643,2887722.75869561,4044.0,4.1997705852237675e-09,4135.0,BID
332,1712603766.0600133,2887789.01996625,4044.0,5.573759730320186e-09,4135.0,BID
333,1712603769.4781747,2887839.27245013,4044.0,4.22713401500704e-09,4135.0,BID
334,1712603770.7980652,2887840.75686378,4044.0,-1.2486577671947394e-10,4135.0,ASK
335,1712603777.4386785,2888125.75686378,4045.0,2.397360490976539e-08,4135.0,BID
336,1712603782.9785542,2888211.19868322,4045.0,7.1871874457145835e-09,4135.0,BID
337,1712603782.9829395,2889226.43509751,4044.0,8.539956731998652e-08,4135.0,BID
338,1712603782.9879994,2889352.36003602,4045.0,1.0592542891681988e-08,4135.0,BID
339,1712603782.989891,2890128.76039374,4045.0,6.530917693957627e-08,4135.0,BID
340,1712603783.1383252,2890153.48864512,4046.0,2.08008887260152e-09,4135.0,BID
341,1712603783.1424406,2890165.48251929,4046.0,1.008899651530842e-09,4135.0,BID
342,1712603788.5670905,2890192.37531176,4046.0,2.262165549484165e-09,4135.0,BID
343,1712603788.570547,2890226.66354353,4046.0,2.884254461397533e-09,4135.0,BID
344,1712603790.3882086,2890226.66354353,4046.0,0.0,4135.0,BID
345,1712603796.6483092,2890281.7471539,4045.0,4.6284272558091545e-09,4135.0,BID
346,1712603796.6708407,2890336.05538849,4045.0,4.563275927303774e-09,4135.0,BID
347,1712603800.3433204,2890372.76843564,4045.0,3.084831711804897e-09,4135.0,BID
348,1712603802.788142,2890612.15627124,4045.0,2.0114679766882725e-08,4135.0,BID
349,1712603805.6182814,2890667.25928366,4045.0,4.630057522489875e-09,4135.0,BID
350,1712603805.7025442,2890700.69140531,4045.0,2.80915034478486e-09,4135.0,BID
351,1712603805.7211783,2890742.132812,4045.0,3.482134430802573e-09,4135.0,BID
352,1712603805.8609726,2890783.36267523,4045.0,3.464359388297954e-09,4135.0,BID
353,1712603805.9781332,2890805.01367523,4045.0,1.819235846056705e-09,4135.0,BID
354,1712603807.631801,2890832.07559559,4045.0,2.273891071146504e-09,4135.0,BID
355,1712603807.6347177,2891192.9937979,4046.0,3.032632816660481e-08,4135.0,BID
356,1712603808.2283146,2891261.38807696,4046.0,5.7468626913614635e-09,4135.0,BID
357,1712603808.4685452,2891262.87102307,4046.0,1.2460527093423442e-10,4135.0,BID
358,1712603808.8902872,2891324.6461934,4046.0,5.190688848559013e-09,4135.0,BID
359,1712603809.0323894,2891361.52439038,4046.0,3.098708506928343e-09,4135.0,BID
360,1712603809.132352,2891390.76268012,4046.0,2.456761570925627e-09,4135.0,BID
361,1712603809.6183643,2891442.72228721,4046.0,4.365931354923615e-09,4135.0,BID
362,1712603809.838293,2891502.76045392,4046.0,5.044736271279644e-09,4135.0,BID
363,1712603811.228402,2891550.67391592,4046.0,4.0259520381844756e-09,4135.0,BID
364,1712603812.3082433,2891552.6654348,4046.0,1.6733834626671291e-10,4135.0,BID
365,1712603812.408245,2891612.08435207,4046.0,4.992703534753483e-09,4135.0,BID
366,1712603813.5682962,2891671.52146897,4046.0,4.9942327675570215e-09,4135.0,BID
367,1712603813.632683,2891706.71819593,4046.0,2.9574221675455957e-09,4135.0,BID
368,1712603813.7085133,2891736.03465671,4046.0,2.463329930722699e-09,4135.0,BID
369,1712603814.473991,2891882.75451355,4045.0,1.2328207606620116e-08,4135.0,BID
370,1712603814.9220314,2891925.51126352,4045.0,3.592656792105893e-09,4135.0,BID
371,1712603815.078632,2891960.65639578,4045.0,2.953086897670413e-09,4135.0,BID
372,1712603815.6603167,2891997.36944293,4045.0,3.0848317118440246e-09,4135.0,BID
373,1712603815.71822,2892062.46395134,4045.0,5.4695978513908045e-09,4135.0,BID
374,1712603816.24727,2892098.1940472,4045.0,3.002238749780249e-09,4135.0,BID
375,1712603820.2470028,2892139.46312836,4045.0,3.467654693999266e-09,4135.0,BID
376,1712603820.255937,2892139.46312836,4045.0,0.0,4135.0,BID
377,1712603830.2182868,2892237.96661783,4045.0,8.271541627782241e-09,4135.0,BID
378,1712603830.6609683,2892275.09145911,4045.0,3.117449663181609e-09,4135.0,BID
379,1712603833.368247,2892304.68262404,4045.0,2.4848312872151783e-09,4135.0,BID
380,1712603834.908149,2892343.1080782,4045.0,3.226664815210593e-09,4135.0,BID
381,1712603834.9283817,2892373.4352484,4045.0,2.546635171130142e-09,4135.0,BID
382,1712603840.228675,2892454.65049431,4045.0,6.819812079437989e-09,4135.0,BID
383,1712603840.7887137,2892644.1527348,4045.0,1.5912894854798255e-08,4135.0,BID
384,1712603840.7921607,2892981.47103125,4046.0,2.8325314624991044e-08,4135.0,BID
385,1712603840.9686687,2892982.10191711,4042.0,-5.297678976693026e-11,4135.0,ASK
386,1712603840.972422,2892982.95397736,4039.0,-7.154926049038012e-11,4135.0,ASK
387,1712603850.2615757,2892982.95397736,4039.0,-0.0,4135.0,ASK
388,1712603854.0193105,2893437.01301636,4045.0,3.811682002480167e-08,4135.0,BID
389,1712603854.0233784,2893437.01301641,4045.0,4.221805543506542e-18,4135.0,BID
390,1712603854.0272088,2893498.59208966,4046.0,5.169368409727885e-09,4135.0,BID
391,1712603859.198718,2893576.32987815,4046.0,6.525841440193126e-09,4135.0,BID
392,1712603859.203804,2893788.73564607,4046.0,1.7830792325743658e-08,4135.0,BID
393,1712603863.6287558,2894035.3447706,4048.0,2.0702055919624346e-08,4135.0,BID
394,1712603863.6336598,2894039.10834829,4048.0,3.159404419534502e-10,4135.0,BID
395,1712603865.938567,2894039.10834881,4047.0,4.3664414741637105e-17,4135.0,BID
396,1712603865.9410448,2894266.13786781,4047.0,1.9058409970436865e-08,4135.0,BID
397,1712603866.5584755,2894319.75386781,4048.0,4.500893599536913e-09,4135.0,BID
398,1712603875.3691678,2894321.23565612,4049.0,1.2439144134702568e-10,4135.0,BID
399,1712603875.377745,2894321.23571519,4048.0,4.9587451556008506e-15,4135.0,BID
400,1712603877.820696,2894375.0472179,4049.0,4.517305433624051e-09,4135.0,BID
401,1712603877.9982743,2894418.59756911,4049.0,3.655914223714618e-09,4135.0,BID
402,1712603878.1583977,2894447.20734082,4049.0,2.4016998354136117e-09,4135.0,BID
403,1712603880.3922658,2894447.20734082,4049.0,0.0,4135.0,BID
404,1712603882.5984824,2894512.90434082,4049.0,5.512313530991448e-09,4135.0,BID
405,1712603883.8591385,2894546.78344641,4049.0,2.842629833387797e-09,4135.0,BID
406,1712603883.863107,2894559.20051782,4049.0,1.0418556516871166e-09,4135.0,BID
407,1712603883.8669424,2895400.1900254,4050.0,7.056331098946721e-08,4135.0,BID
408,1712603887.872121,2895401.93305328,4041.0,-1.462489332791454e-10,4135.0,ASK
409,1712603888.1428776,2895554.85877189,4049.0,1.2831248122940333e-08,4135.0,BID
410,1712603892.4291213,2895594.17714703,4049.0,3.299012303478436e-09,4135.0,BID
411,1712603892.433557,2896039.52116589,4049.0,3.7366635632082216e-08,4135.0,BID
412,1712603894.1985862,2896070.39599621,4049.0,2.5905558083452446e-09,4135.0,BID
413,1712603897.029115,2896266.15267321,4049.0,1.6424984084710476e-08,4135.0,BID
414,1712603898.328689,2896298.90526259,4049.0,2.748109375080828e-09,4135.0,BID
415,1712603901.0785377,2896352.47560744,4049.0,4.494825285441643e-09,4135.0,BID
416,1712603903.0884943,2896388.75912347,4049.0,3.04437213825074e-09,4135.0,BID
417,1712603903.1089144,2896419.42557475,4049.0,2.573071743596345e-09,4135.0,BID
418,1712603903.1137393,2896469.76301302,4049.0,4.223567926882043e-09,4135.0,BID
419,1712603903.1333976,2896520.82784934,4049.0,4.2846003349607646e-09,4135.0,BID
420,1712603903.138626,2896594.17714703,4049.0,6.1543803544416246e-09,4135.0,BID
421,1712603903.1740496,2896623.56157355,4050.0,2.465503324482226e-09,4135.0,BID
422,1712603903.1940262,2896655.88182091,4050.0,2.711833673509669e-09,4135.0,BID
423,1712603903.1979272,2896875.55508491,4050.0,1.843170777277298e-08,4135.0,BID
424,1712603903.20863,2896907.72540928,4050.0,2.6992543696579794e-09,4135.0,BID
425,1712603903.211085,2897818.42409628,4050.0,7.64122668467072e-08,4135.0,BID
426,1712603903.329671,2897949.8932077,4050.0,1.1030929293459953e-08,4135.0,BID
427,1712603903.3330264,2898197.11199632,4050.0,2.0742917844530844e-08,4135.0,BID
428,1712603903.3490286,2898203.10153573,4050.0,5.025529192236305e-10,4135.0,BID
429,1712603903.3513875,2898229.5898967,4050.0,2.2225086470977078e-09,4135.0,BID
430,1712603903.353749,2898231.9204854,4050.0,1.9554828420814388e-10,4135.0,BID
431,1712603903.4091146,2898244.36758523,4051.0,1.044375189353568e-09,4135.0,BID
432,1712603903.414225,2898246.36758523,4051.0,1.6781020536758386e-10,4135.0,BID
433,1712603903.4193492,2898272.60463493,4052.0,2.201422349178197e-09,4135.0,BID
434,1712603904.1890593,2898314.13388961,4052.0,3.48451637830958e-09,4135.0,BID
435,1712603904.2486515,2898448.81538834,4052.0,1.1300464980555154e-08,4135.0,BID
436,1712603904.2584865,2898527.87769593,4052.0,6.633731036769336e-09,4135.0,BID
437,1712603905.4837563,2898548.22994642,4054.0,1.7076576671989603e-09,4135.0,BID
438,1712603905.4881625,2898639.87769593,4055.0,7.689713833385735e-09,4135.0,BID
439,1712603905.5787425,2898641.16006337,4055.0,1.0759717172656504e-10,4135.0,BID
440,1712603906.658882,2898674.00125705,4055.0,2.755543727955219e-09,4135.0,BID
441,1712603910.3888102,2898674.00125705,4055.0,0.0,4135.0,BID
442,1712603913.5090802,2898675.48310443,4050.0,-1.2415622752785819e-10,4135.0,ASK
443,1712603924.4391258,2898677.25375794,4055.0,1.48353779873007e-10,4135.0,BID
444,1712603935.6986153,2898681.04741237,4048.0,-3.178504269769283e-10,4135.0,ASK
445,1712603935.8233564,2898730.92979074,4055.0,4.179383113892201e-09,4135.0,BID
446,1712603935.847447,2899003.73670981,4055.0,2.2857062316797063e-08,4135.0,BID
447,1712603935.85725,2899006.21502315,4056.0,2.0764488911723503e-10,4135.0,BID
448,1712603935.8592403,2899055.98376157,4056.0,4.169861817899293e-09,4135.0,BID
449,1712603935.8613455,2899458.69852916,4056.0,3.374136026345535e-08,4135.0,BID
450,1712603935.9041176,2899493.74439059,4056.0,2.936309098692361e-09,4135.0,BID
451,1712603935.9085526,2899597.54299743,4056.0,8.696741391406229e-09,4135.0,BID
452,1712603935.9630508,2899625.84030679,4056.0,2.3708832812754444e-09,4135.0,BID
453,1712603937.1290998,2899649.99003939,4056.0,2.0233795566961283e-09,4135.0,BID
454,1712603937.1337702,2899654.06130679,4056.0,3.411101631364345e-10,4135.0,BID
455,1712603937.9088476,2899655.31870323,4056.0,1.0535065930319835e-10,4135.0,BID
456,1712603938.7330775,2899658.30081058,4051.0,-2.4985514945822126e-10,4135.0,ASK
457,1712603940.2216363,2899658.30081058,4051.0,-0.0,4135.0,ASK
458,1712603946.5589166,2899659.78010052,4056.0,1.2390051325932685e-10,4135.0,BID
459,1712603965.8889656,2899705.21988189,4056.0,3.80588827337477e-09,4135.0,BID
460,1712603970.2403634,2899705.21988189,4056.0,0.0,4135.0,BID
461,1712603976.5689971,2899726.33927832,4056.0,1.768863749925317e-09,4135.0,BID
462,1712603976.712762,2899738.40601486,4057.0,1.010654490851209e-09,4135.0,BID
463,1712603976.718116,2899780.64624891,4057.0,3.5378482073145187e-09,4135.0,BID
464,1712603976.8138428,2899821.73677969,4057.0,3.4415543361932642e-09,4135.0,BID
465,1712603976.8289154,2899860.14996929,4057.0,3.217312522549317e-09,4135.0,BID
466,1712603977.10876,2899942.78795127,4057.0,6.921378230493782e-09,4135.0,BID
467,1712603977.228887,2900004.78440028,4058.0,5.192538131544544e-09,4135.0,BID
468,1712603977.2336545,2900066.61125109,4058.0,5.178333364432111e-09,4135.0,BID
469,1712603977.3886075,2900140.49185466,4058.0,6.1879003934099755e-09,4135.0,BID
470,1712603977.433925,2900172.4274321,4058.0,2.674777447033639e-09,4135.0,BID
471,1712603978.753281,2900189.4264321,4058.0,1.4237582492100799e-09,4135.0,BID
472,1712603986.239248,2900194.06799628,4058.0,3.8875612035629005e-10,4135.0,BID
473,1712603986.2451131,2900213.08442744,4058.0,1.592729027265785e-09,4135.0,BID
474,1712603986.5097127,2900222.59264302,4059.0,7.96364513632892e-10,4135.0,BID
475,1712603986.522721,2900224.59264302,4060.0,1.6751082407021668e-10,4135.0,BID
476,1712603986.5255394,2900437.57040283,4060.0,1.7838040027175673e-08,4135.0,BID
477,1712603986.5631716,2900601.37577677,4060.0,1.3719586587922364e-08,4135.0,BID
478,1712603986.60103,2902099.11351842,4060.0,1.254436416724353e-07,4135.0,BID
479,1712603986.6035132,2902222.79636315,4060.0,1.0359107622004356e-08,4135.0,BID
480,1712603986.618615,2902393.44906397,4060.0,1.429308727208371e-08,4135.0,BID
481,1712603986.6456122,2902519.80374308,4060.0,1.0582888211421472e-08,4135.0,BID
482,1712603986.649923,2902646.60421655,4060.0,1.0620225901746846e-08,4135.0,BID
483,1712603986.7192063,2902684.74665619,4060.0,3.194635748083097e-09,4135.0,BID
484,1712603987.1588745,2902748.8568703,4060.0,5.369577398441916e-09,4135.0,BID
485,1712603987.338828,2902830.62069742,4061.0,6.848163029999108e-09,4135.0,BID
486,1712603988.7491944,2902832.10805488,4064.0,1.245742369026403e-10,4135.0,BID
487,1712603989.328873,2902836.86216267,4063.0,-3.981822568164463e-10,4135.0,ASK
488,1712603990.2888536,2902839.63275223,4066.0,2.3205187016160767e-10,4135.0,BID
489,1712603990.2987082,2902857.11526971,4066.0,1.4642554549415911e-09,4135.0,BID
490,1712603990.4191272,2902917.13859071,4066.0,-5.027277982064526e-09,4135.0,ASK
491,1712603990.4246366,2902917.1385911,4066.0,-3.268338520332277e-17,4135.0,ASK
492,1712604000.1119535,2902921.89269889,4065.0,3.981822568164463e-10,4135.0,BID
493,1712604000.1141646,2902973.9894321,4065.0,4.363383355698615e-09,4135.0,BID
494,1712604000.189231,2903013.3391437,4065.0,3.295751308500561e-09,4135.0,BID
495,1712604000.2740695,2903013.3391437,4065.0,0.0,4135.0,BID
496,1712604000.4092832,2903059.76632209,4069.0,3.884645658862894e-09,4135.0,BID
497,1712604000.4116054,2903061.04027419,4069.0,1.0659386734971303e-10,4135.0,BID
498,1712604000.5464177,2903091.74600105,4069.0,2.5692034856750703e-09,4135.0,BID
499,1712604000.55327,2903127.25086065,4069.0,2.970755568136018e-09,4135.0,BID
500,1712604000.573868,2903156.88165579,4069.0,2.479262012048069e-09,4135.0,BID
501,1712604002.8993766,2903158.88165579,4068.0,1.6734360319047323e-10,4135.0,BID
502,1712604002.9029615,2903205.9851333,4069.0,3.941232824675628e-09,4135.0,BID
503,1712604012.108992,2905537.78605515,4069.0,1.951059840926153e-07,4135.0,BID
504,1712604018.329055,2905539.26534509,4058.0,-1.2377485436926692e-10,4135.0,ASK
505,1712604018.7790723,2906522.30534509,4069.0,8.225272784018453e-08,4135.0,BID
506,1712604028.8990571,2907135.00534509,4069.0,5.12657128373781e-08,4135.0,BID
507,1712604030.2510855,2907135.00534509,4069.0,0.0,4135.0,BID
508,1712604060.3991785,2907135.00534509,4069.0,0.0,4135.0,BID
509,1712604082.8292897,2907136.48135985,4065.0,1.2332775287319558e-10,4135.0,BID
510,1712604090.389017,2907136.48135985,4065.0,0.0,4135.0,BID
511,1712604119.0592482,2907137.95737461,4058.0,-1.2332769100674723e-10,4135.0,ASK
512,1712604120.2620163,2907137.95737461,4058.0,-0.0,4135.0,ASK
513,1712604121.129675,2907151.75190047,4058.0,-1.1525942813634611e-09,4135.0,ASK
514,1712604121.1496828,2907153.3728481,4058.0,-1.354374182826013e-10,4135.0,ASK
515,1712604124.4889288,2907566.57232067,4058.0,-3.452466246278435e-08,4135.0,ASK
516,1712604125.7791998,2907655.15943254,4058.0,-7.401849079944483e-09,4135.0,ASK
517,1712604125.7890236,2907833.58918178,4058.0,-1.4908602926104737e-08,4135.0,ASK
518,1712604126.4221451,2907864.71328444,4058.0,2.600557866422488e-09,4135.0,BID
519,1712604127.1492293,2907908.76928698,4058.0,3.6810758922195195e-09,4135.0,BID
520,1712604129.1196344,2907961.7825784,4058.0,4.429497406983081e-09,4135.0,BID
521,1712604129.3590343,2908009.81626192,4058.0,4.013428913807142e-09,4135.0,BID
522,1712604129.8393042,2908045.68276701,4058.0,2.996806782544078e-09,4135.0,BID
523,1712604129.8792706,2908448.95336779,4056.0,-3.369506085405975e-08,4135.0,ASK
524,1712604130.3792875,2908509.12882853,4058.0,5.027928660386953e-09,4135.0,BID
525,1712604134.5990255,2908755.55563977,4058.0,2.0590061325385322e-08,4135.0,BID
526,1712604134.779667,2909000.28503899,4056.0,-2.044823496565564e-08,4135.0,ASK
527,1712604135.0196269,2909148.74447553,4056.0,1.2404449366989396e-08,4135.0,BID
528,1712604135.0256827,2909262.1992471,4058.0,9.47965317787738e-09,4135.0,BID
529,1712604135.1198869,2909369.68503899,4058.0,-8.98091825109534e-09,4135.0,ASK
530,1712604135.7397606,2909415.81476621,4058.0,3.854344856423232e-09,4135.0,BID
531,1712604135.7465136,2909505.42248088,4058.0,7.48712500477007e-09,4135.0,BID
532,1712604135.7592916,2909548.90868388,4058.0,3.633466594330214e-09,4135.0,BID
533,1712604135.7621412,2909867.03029521,4058.0,2.6580482266755482e-08,4135.0,BID
534,1712604135.7794292,2909926.78391691,4058.0,4.9926821234753726e-09,4135.0,BID
535,1712604135.7840722,2909968.50218972,4058.0,3.485748126282078e-09,4135.0,BID
536,1712604148.004284,2909995.38795325,4065.0,2.2464256915910274e-09,4135.0,BID
537,1712604148.0098348,2910057.02409194,4066.0,5.149974830647012e-09,4135.0,BID
538,1712604148.0232458,2910074.2054251,4068.0,1.435577166450317e-09,4135.0,BID
539,1712604148.0279324,2910113.73639162,4066.0,3.3029889109901686e-09,4135.0,BID
540,1712604148.0330343,2910157.90198849,4066.0,3.6902329882684755e-09,4135.0,BID
541,1712604149.174625,2910194.06177374,4068.0,3.0213116505827958e-09,4135.0,BID
542,1712604149.178292,2910241.46473622,4068.0,3.960729352267915e-09,4135.0,BID
543,1712604149.2134054,2910263.63117648,4068.0,1.8521051423973063e-09,4135.0,BID
544,1712604149.2170606,2910288.73658932,4068.0,2.0976694352877363e-09,4135.0,BID
545,1712604149.229485,2910317.92105791,4068.0,2.438492771942357e-09,4135.0,BID
546,1712604149.4942636,2910350.99208428,4068.0,2.763232042912661e-09,4135.0,BID
547,1712604150.2447486,2910350.99208428,4068.0,0.0,4135.0,BID
548,1712604153.5595994,2910426.5647885,4068.0,6.307564565144065e-09,4135.0,BID
549,1712604153.5630195,2910447.34118344,4068.0,1.7340712346860891e-09,4135.0,BID
550,1712604155.149517,2910448.81610969,4068.0,1.2310254935435092e-10,4135.0,BID
551,1712604158.1394436,2910793.61610969,4063.0,-2.877822468467108e-08,4135.0,ASK
552,1712604167.4293766,2910793.99760608,4069.0,3.184103487191105e-11,4135.0,BID
553,1712604167.4355989,2910795.09094216,4068.0,9.125368727336308e-11,4135.0,BID
554,1712604176.9498692,2910913.49094216,4068.0,9.882081794256423e-09,4135.0,BID
555,1712604177.5354795,2910956.93806706,4068.0,3.626250354609285e-09,4135.0,BID
556,1712604177.5492125,2911000.48360534,4068.0,3.634464282599631e-09,4135.0,BID
557,1712604177.8095384,2911119.50260534,4068.0,9.933745718497421e-09,4135.0,BID
558,1712604177.8520472,2911119.50285038,4068.0,2.045188778640064e-14,4135.0,BID
559,1712604177.855634,2911149.69673314,4069.0,2.520087999341133e-09,4135.0,BID
560,1712604177.8892045,2911179.79513677,4069.0,2.512118974213895e-09,4135.0,BID
561,1712604180.370195,2911179.79513677,4069.0,0.0,4135.0,BID
562,1712604181.899444,2911182.05121934,4069.0,1.8824766491213247e-10,4135.0,BID
563,1712604182.6793802,2911225.10657261,4069.0,3.59254125808889e-09,4135.0,BID
564,1712604182.7078016,2911268.37059882,4069.0,3.609952940734959e-09,4135.0,BID
565,1712604182.7178676,2911354.74078101,4069.0,7.206733179992e-09,4135.0,BID
566,1712604182.7695131,2911554.83875365,4069.0,1.6696186833308458e-08,4135.0,BID
567,1712604182.849579,2911612.93790958,4069.0,4.847797053939401e-09,4135.0,BID
568,1712604182.8895345,2911661.4742486,4069.0,4.049875037701107e-09,4135.0,BID
569,1712604182.9128258,2911882.62784223,4069.0,1.845306911101732e-08,4135.0,BID
570,1712604182.94941,2911990.62068467,4069.0,9.010929247564916e-09,4135.0,BID
571,1712604183.0295663,2912022.52371793,4069.0,2.66199100788113e-09,4135.0,BID
572,1712604183.0357218,2912165.75771199,4069.0,1.1951453051484584e-08,4135.0,BID
573,1712604183.190758,2912295.40188969,4069.0,1.081751795972705e-08,4135.0,BID
574,1712604183.315076,2912331.89839392,4069.0,3.0452705009801635e-09,4135.0,BID
575,1712604183.4091651,2912461.54257162,4069.0,1.0817517959688196e-08,4135.0,BID
576,1712604183.48911,2912582.64445174,4069.0,1.0104748137502128e-08,4135.0,BID
577,1712604183.6755068,2912619.14095597,4069.0,3.0452705009801635e-09,4135.0,BID
578,1712604184.2965028,2912677.8045837,4069.0,4.89489661476253e-09,4135.0,BID
579,1712604184.329425,2912679.27950995,4063.0,-1.2306793472915948e-10,4135.0,ASK
580,1712604184.689145,2912774.76497829,4069.0,7.967313202827452e-09,4135.0,BID
581,1712604184.8102329,2912853.24350454,4069.0,6.548252935231072e-09,4135.0,BID
582,1712604185.0293598,2912931.93969247,4069.0,6.566414638836323e-09,4135.0,BID
583,1712604185.109413,2913010.41821872,4069.0,6.548252935231072e-09,4135.0,BID
584,1712604185.320934,2913048.60164386,4069.0,3.186027282856445e-09,4135.0,BID
585,1712604185.3297267,2913071.32364386,4069.0,1.8959250422311753e-09,4135.0,BID
586,1712604187.4050395,2913107.92345016,4069.0,3.0538900318890783e-09,4135.0,BID
587,1712604187.4992208,2913136.70744305,4069.0,2.401738092417183e-09,4135.0,BID
588,1712604190.1497033,2913170.09050024,4069.0,2.785484293317903e-09,4135.0,BID
589,1712604190.3894165,2913212.99778783,4069.0,3.580186648858504e-09,4135.0,BID
590,1712604190.3941798,2913256.10258199,4069.0,3.5966666089216503e-09,4135.0,BID
591,1712604190.5095787,2913363.90350741,4069.0,8.994915679919e-09,4135.0,BID
592,1712604191.6193955,2913394.6688939,4069.0,2.5670656931407232e-09,4135.0,BID
593,1712604192.2993295,2913430.7054809,4069.0,3.006894979769437e-09,4135.0,BID
594,1712604192.8994992,2913459.7172686,4069.0,2.4207453049979867e-09,4135.0,BID
595,1712604193.4430182,2913490.62318966,4069.0,2.578791906084741e-09,4135.0,BID
596,1712604194.789412,2913533.35633029,4069.0,3.5656558161125446e-09,4135.0,BID
597,1712604194.82998,2913575.68674576,4069.0,3.5320524046078596e-09,4135.0,BID
598,1712604194.9942307,2913610.66050939,4069.0,2.918212934011305e-09,4135.0,BID
599,1712604195.0301166,2913645.97490607,4069.0,2.9466353761698222e-09,4135.0,BID
600,1712604195.8171227,2913871.6285707,4069.0,1.8828555305070523e-08,4135.0,BID
601,1712604195.916239,2914039.38995869,4069.0,1.3998020271476556e-08,4135.0,BID
602,1712604195.930881,2914115.12939115,4069.0,6.319702785193892e-09,4135.0,BID
603,1712604196.0096884,2914156.18138882,4069.0,3.4253811467250683e-09,4135.0,BID
604,1712604196.014501,2914281.4422507,4069.0,1.0451773824897824e-08,4135.0,BID
605,1712604196.109798,2914387.02603446,4069.0,8.809917246853847e-09,4135.0,BID
606,1712604196.7096417,2914481.12735919,4069.0,7.851820177025499e-09,4135.0,BID
607,1712604196.812203,2914552.09485046,4069.0,5.921531726203665e-09,4135.0,BID
608,1712604197.1850204,2914604.81073979,4069.0,4.398616966111304e-09,4135.0,BID
609,1712604197.5797937,2914827.81073979,4069.0,1.8607133369259065e-08,4135.0,BID
610,1712604199.8294222,2915263.2824404,4069.0,3.6335784806236286e-08,4135.0,BID
611,1712604200.994227,2915301.62880881,4069.0,3.199623279039931e-09,4135.0,BID
612,1712604202.2894096,2915352.62322892,4069.0,4.2549774712081236e-09,4135.0,BID
613,1712604209.5594208,2915432.56464845,4069.0,6.670316838195296e-09,4135.0,BID
614,1712604209.7438872,2915593.22109815,4069.0,1.340518379463689e-08,4135.0,BID
615,1712604210.3265526,2915714.10274755,4069.0,1.0086372072982742e-08,4135.0,BID
616,1712604210.409434,2915714.10274755,4069.0,0.0,4135.0,BID
617,1712604214.0996814,2915740.74970829,4069.0,2.2200063540667584e-09,4135.0,BID
618,1712604214.1073534,2915791.40274755,4069.0,4.219996047765343e-09,4135.0,BID
619,1712604219.1592968,2915792.87731132,4069.0,1.2284856688739438e-10,4135.0,BID
620,1712604227.969381,2915843.78822462,4069.0,4.241479999078839e-09,4135.0,BID
621,1712604232.1395855,2915857.91622462,4069.0,1.1770291582525615e-09,4135.0,BID
622,1712604237.2196424,2915859.19859206,4069.0,1.0683634402611532e-10,4135.0,BID
623,1712604237.225366,2915917.81522462,4069.0,4.883457367064315e-09,4135.0,BID
624,1712604239.4095836,2915931.94322462,4069.0,1.1770291582525615e-09,4135.0,BID
625,1712604239.5500526,2915937.95439219,4069.0,5.00801210719102e-10,4135.0,BID
626,1712604239.5565565,2915962.58035568,4069.0,2.051633428491545e-09,4135.0,BID
627,1712604240.2424798,2915962.58035568,4069.0,0.0,4135.0,BID
628,1712604240.9097023,2915967.23801753,4069.0,-3.8800552548784265e-10,4135.0,ASK
629,1712604248.442019,2915968.7125813,4063.0,-1.2283821987433347e-10,4135.0,ASK
630,1712604270.249567,2915968.7125813,4063.0,-0.0,4135.0,ASK
631,1712604280.6798763,2915970.18678277,4070.0,1.2280778334347215e-10,4135.0,BID
632,1712604300.3894553,2915970.18678277,4070.0,0.0,4135.0,BID
633,1712604302.790011,2915971.43397658,4063.0,-1.0389694611456531e-10,4135.0,ASK
634,1712604306.8900528,2915971.95977511,4070.0,4.380142130464178e-11,4135.0,BID
635,1712604306.8971004,2915972.6624778,4070.0,5.853834662101633e-11,4135.0,BID
636,1712604315.6479204,2915974.13667927,4063.0,-1.2280772196077363e-10,4135.0,ASK
637,1712604330.3799195,2915974.13667927,4063.0,-0.0,4135.0,ASK
638,1712604349.8620534,2915975.61124304,4069.0,1.2283773892254349e-10,4135.0,BID
639,1712604360.2801175,2915975.61124304,4069.0,0.0,4135.0,BID
640,1712604385.8497832,2915977.08580681,4063.0,-1.2283767752498518e-10,4135.0,ASK
641,1712604390.252138,2915977.08580681,4063.0,-0.0,4135.0,ASK
642,1712604411.2204669,2915983.7541115,4070.0,5.554989679129481e-10,4135.0,BID
643,1712604411.22749,2916019.77387572,4070.0,3.00060401831e-09,4135.0,BID
644,1712604411.4800396,2916021.05151698,4070.0,1.0643310920937684e-10,4135.0,BID
645,1712604411.7400837,2916097.71651698,4070.0,6.3865300633174866e-09,4135.0,BID
646,1712604413.0103254,2916408.7541115,4070.0,2.591079303754131e-08,4135.0,BID
647,1712604413.017434,2916531.634734,4070.0,1.0236493703718753e-08,4135.0,BID
648,1712604413.022834,2916660.37008032,4070.0,1.0724217824097214e-08,4135.0,BID
649,1712604413.072691,2916716.40553315,4070.0,4.667998488334276e-09,4135.0,BID
650,1712604413.329966,2916738.55231112,4071.0,1.8449235415450958e-09,4135.0,BID
651,1712604415.4598186,2916750.86151841,4074.0,1.025410844750596e-09,4135.0,BID
652,1712604415.4654737,2916768.43798617,4074.0,1.4641966967393675e-09,4135.0,BID
653,1712604415.484218,2916804.20064629,4074.0,2.9791861214559566e-09,4135.0,BID
654,1712604415.5011065,2916845.1029663,4074.0,3.407342286622957e-09,4135.0,BID
655,1712604415.5078363,2916885.90975892,4074.0,3.399384436871512e-09,4135.0,BID
656,1712604415.5599985,2916929.49703737,4074.0,3.6310110767803534e-09,4135.0,BID
657,1712604415.579733,2916980.94737643,4074.0,4.286038442225289e-09,4135.0,BID
658,1712604415.660693,2917041.96244816,4074.0,5.08282253857373e-09,4135.0,BID
659,1712604415.6676695,2917072.13501197,4074.0,2.5135066309164198e-09,4135.0,BID
660,1712604415.6852422,2917100.51013585,4074.0,2.363772017336125e-09,4135.0,BID
661,1712604415.695393,2917128.91199406,4074.0,2.365999104060305e-09,4135.0,BID
662,1712604415.698007,2917143.497012,4075.0,1.2149958331439122e-09,4135.0,BID
663,1712604415.7427702,2917153.46426524,4075.0,8.303158216241101e-10,4135.0,BID
664,1712604415.746529,2917154.77365516,4076.0,1.090779115439143e-10,4135.0,BID
665,1712604415.750322,2917156.05037327,4075.0,1.0635620679428796e-10,4135.0,BID
666,1712604415.7543318,2917170.94757888,4076.0,1.2410024324860587e-09,4135.0,BID
667,1712604415.7581515,2917173.43885939,4075.0,2.0753457084511624e-10,4135.0,BID
668,1712604415.822757,2917208.70867069,4076.0,2.9381296575423354e-09,4135.0,BID
669,1712604415.9000664,2917244.11912766,4076.0,2.9498460574416593e-09,4135.0,BID
670,1712604416.459658,2917313.46375594,4076.0,5.7767110577155684e-09,4135.0,BID
671,1712604417.125352,2917344.70444105,4078.0,2.602485810388415e-09,4135.0,BID
672,1712604417.2285073,2917370.35981277,4078.0,2.137204758039553e-09,4135.0,BID
673,1712604417.6701477,2917438.43251375,4078.0,5.670753946397222e-09,4135.0,BID
674,1712604417.676138,2917476.65878373,4078.0,3.1844156060183187e-09,4135.0,BID
675,1712604417.8303597,2917556.1829115,4078.0,6.6247079209594995e-09,4135.0,BID
676,1712604418.3100452,2917624.96172636,4078.0,5.729576323270164e-09,4135.0,BID
677,1712604418.3698804,2917667.57872354,4078.0,3.550182400032813e-09,4135.0,BID
678,1712604418.6543744,2917738.32365267,4078.0,5.8933622476230914e-09,4135.0,BID
679,1712604418.6597402,2917779.57872354,4078.0,3.436727977267157e-09,4135.0,BID
680,1712604420.262079,2917779.57872354,4078.0,0.0,4135.0,BID
681,1712604423.5099657,2917781.24772354,4078.0,1.3895001427284024e-10,4135.0,BID
682,1712604428.7699854,2917782.48437794,4077.0,1.0295574991319167e-10,4135.0,BID
683,1712604430.0750997,2917876.27890026,4068.0,-7.808717925062259e-09,4135.0,ASK
684,1712604430.0814073,2917877.52866467,4075.0,-1.0404720348161336e-10,4135.0,ASK
685,1712604430.0861506,2917878.80475749,4072.0,-1.0623913454743434e-10,4135.0,ASK
686,1712604430.0906663,2917880.06777246,4073.0,-1.0515035840721151e-10,4135.0,ASK
687,1712604434.3301315,2917923.76777246,4077.0,3.6381759284312195e-09,4135.0,BID
688,1712604435.610174,2917934.89806538,4078.0,9.266353267262452e-10,4135.0,BID
689,1712604435.6158185,2917943.77712111,4077.0,7.39212055481379e-10,4135.0,BID
690,1712604435.619813,2917977.25462914,4079.0,2.787118166110424e-09,4135.0,BID
691,1712604435.930643,2918010.32141986,4079.0,2.7529245315487726e-09,4135.0,BID
692,1712604435.9502568,2918043.69935076,4079.0,2.7788280261394804e-09,4135.0,BID
693,1712604436.0099204,2918075.51443094,4079.0,2.648715306036873e-09,4135.0,BID
694,1712604436.129989,2918169.99443094,4079.0,7.865786309389281e-09,4135.0,BID
695,1712604436.2098174,2918200.7442556,4079.0,2.560029104847599e-09,4135.0,BID
696,1712604436.6897256,2918206.19520659,4079.0,4.538104960841431e-10,4135.0,BID
697,1712604436.7096746,2918257.53151859,4079.0,4.273925276308059e-09,4135.0,BID
698,1712604436.7499182,2918312.56483143,4079.0,4.5817133646981125e-09,4135.0,BID
699,1712604437.260447,2918451.68525124,4079.0,1.1582255434998713e-08,4135.0,BID
700,1712604437.26504,2919621.7251192,4079.0,9.740986002159789e-08,4135.0,BID
701,1712604437.2687235,2919645.9843394,4080.0,2.0196638667087403e-09,4135.0,BID
702,1712604437.2743075,2919652.4643394,4080.0,5.394823802360931e-10,4135.0,BID
703,1712604439.3032548,2919653.66254319,4084.0,9.975460380244036e-11,4135.0,BID
704,1712604439.3069975,2919655.1455343,4084.0,1.2346413174065338e-10,4135.0,BID
705,1712604448.3599265,2919816.4484603,4080.0,-1.3429025687945764e-08,4135.0,ASK
706,1712604448.3664043,2919816.44846126,4080.0,-7.993943133049532e-17,4135.0,ASK
707,1712604448.6196983,2919817.7058577,4080.0,-1.0468259635266095e-10,4135.0,ASK
708,1712604448.73984,2919818.75126518,4080.0,-8.703378324513058e-11,4135.0,ASK
709,1712604449.2205756,2920169.08840132,4079.0,2.9166776557175454e-08,4135.0,BID
710,1712604450.249928,2920169.08840132,4079.0,0.0,4135.0,BID
711,1712604450.6597724,2920170.33870776,4079.0,1.0400793990753819e-10,4135.0,BID
712,1712604450.8397825,2920188.43870776,4079.0,1.505665852811546e-09,4135.0,BID
713,1712604460.2800815,2920189.90965652,4079.0,1.223622828206526e-10,4135.0,BID
714,1712604480.3883429,2920189.90965652,4079.0,0.0,4135.0,BID
715,1712604487.7901156,2920191.38060528,4076.0,-1.2236141834027244e-10,4135.0,ASK
716,1712604503.279941,2920194.22460528,4079.0,2.3657919517252217e-10,4135.0,BID
717,1712604506.1597092,2920194.22474438,4079.0,1.1571086059791697e-14,4135.0,BID
718,1712604506.920244,2920200.21428379,4084.0,4.982420580339521e-10,4135.0,BID
719,1712604506.9280772,2920200.48860528,4084.0,2.2819534920562897e-11,4135.0,BID
720,1712604510.3740237,2920200.48860528,4084.0,0.0,4135.0,BID
721,1712604514.5500877,2920202.96534377,4076.0,-2.0602767020042594e-10,4135.0,ASK
722,1712604518.720536,2920209.43510009,4076.0,-5.381871468029576e-10,4135.0,ASK
723,1712604518.7250557,2920213.91655846,4073.0,-3.7279043817678165e-10,4135.0,ASK
724,1712604518.72933,2920216.91655846,4074.0,-2.495552166915615e-10,4135.0,ASK
725,1712604518.7337008,2920235.13010384,4072.0,-1.51509508802249e-09,4135.0,ASK
726,1712604518.7371514,2920237.34547334,4073.0,-1.8428567185434195e-10,4135.0,ASK
727,1712604518.7406025,2920241.91955977,4072.0,-3.804957100695999e-10,4135.0,ASK
728,1712604519.1599903,2920243.01020575,4084.0,9.07254646317054e-11,4135.0,BID
729,1712604519.1704369,2920486.19155977,4084.0,2.022905849929082e-08,4135.0,BID
730,1712604521.7703502,2920532.52848571,4084.0,3.8545405312306296e-09,4135.0,BID
731,1712604521.9301825,2920730.45055971,4084.0,-1.6464162021733634e-08,4135.0,ASK
732,1712604521.9497807,2920730.45055977,4084.0,-4.9969527487350384e-18,4135.0,ASK
733,1712604523.8820636,2920780.6460919,4074.0,-4.175518965851172e-09,4135.0,ASK
734,1712604525.5107148,2920782.11452068,4086.0,1.2215135415669004e-10,4135.0,BID
735,1712604525.869872,2920783.38715895,4086.0,1.0586450638832828e-10,4135.0,BID
736,1712604527.305127,2920792.95529919,4086.0,7.959264369695334e-10,4135.0,BID
737,1712604527.310667,2920861.33196695,4086.0,5.687918046523903e-09,4135.0,BID
738,1712604527.4405503,2920862.70298048,4086.0,1.1404785952742584e-10,4135.0,BID
739,1712604527.9801736,2920863.97060709,4089.0,1.0544761108533412e-10,4135.0,BID
740,1712604528.1000912,2921105.34796609,4089.0,-2.007899304323016e-08,4135.0,ASK
741,1712604528.119808,2921105.34796695,4089.0,-7.154551726289624e-17,4135.0,ASK
742,1712604528.51998,2921281.31480539,4089.0,1.4637814165801621e-08,4135.0,BID
743,1712604528.9999182,2921525.30380539,4089.0,2.0296242588457426e-08,4135.0,BID
744,1712604531.4102025,2921704.51646835,4089.0,1.4907818312946287e-08,4135.0,BID
745,1712604531.49088,2921769.29280535,4089.0,-5.388424272179838e-09,4135.0,ASK
746,1712604531.496092,2921769.29280539,4089.0,-3.331301832490025e-18,4135.0,ASK
747,1712604532.599994,2921809.47414539,4089.0,-3.342487670229627e-09,4135.0,ASK
748,1712604532.620107,2921809.47414557,4089.0,-1.495212217838546e-17,4135.0,ASK
749,1712604540.276386,2921809.47414557,4089.0,-0.0,4135.0,ASK
750,1712604567.86992,2921811.02208007,4080.0,-1.2869465422730567e-10,4135.0,ASK
751,1712604570.252174,2921811.02208007,4080.0,-0.0,4135.0,ASK
752,1712604571.1002412,2921812.48979044,4088.0,1.22024788138534e-10,4135.0,BID
753,1712604598.0903127,2921817.79594582,4088.0,4.411514009882296e-10,4135.0,BID
754,1712604598.0961204,2922019.03497125,4088.0,1.6730923172550076e-08,4135.0,BID
755,1712604598.2099495,2922027.33979044,4088.0,-6.90458977982853e-10,4135.0,ASK
756,1712604600.3473482,2922027.33979044,4088.0,-0.0,4135.0,ASK
757,1712604601.2002342,2922035.64483218,4089.0,6.9057165750664e-10,4135.0,BID
758,1712604601.299929,2922196.18579044,4089.0,-1.3349124437659612e-08,4135.0,ASK
759,1712604603.374295,2922200.18579044,4090.0,3.3260358184793963e-10,4135.0,BID
760,1712604603.3782785,2922332.00279044,4090.0,1.0960701587096357e-08,4135.0,BID
761,1712604610.1817598,2922339.39688493,4080.0,-6.148255779724063e-10,4135.0,ASK
762,1712604615.0403636,2922363.8040456,4089.0,2.029477265397606e-09,4135.0,BID
763,1712604615.6206074,2922607.8020456,4089.0,2.0288652190944856e-08,4135.0,BID
764,1712604618.07997,2922851.7520456,4090.0,2.0284660947966707e-08,4135.0,BID
765,1712604621.5094736,2922856.7433056,4090.0,4.150277384481005e-10,4135.0,BID
766,1712604621.51314,2923095.7180456,4090.0,1.9870963623831763e-08,4135.0,BID
767,1712604623.7101426,2923339.5520456,4090.0,2.02750154440609e-08,4135.0,BID
768,1712604625.5948396,2923415.74621717,4090.0,6.335613595010969e-09,4135.0,BID
769,1712604625.6025696,2923583.3540456,4090.0,1.3936741020423646e-08,4135.0,BID
770,1712604629.3705215,2923695.1090456,4090.0,9.292528322344833e-09,4135.0,BID
771,1712604630.2520804,2923695.1090456,4090.0,0.0,4135.0,BID
772,1712604630.410416,2923697.55403337,4090.0,2.03187685723602e-10,4135.0,BID
773,1712604637.01009,2923741.69430983,4090.0,3.668223101369223e-09,4135.0,BID
774,1712604637.190634,2923774.65496124,4090.0,2.739154183759599e-09,4135.0,BID
775,1712604637.209936,2923807.54393938,4090.0,2.7331978652836567e-09,4135.0,BID
776,1712604637.4903631,2923809.01093204,4090.0,1.2191261125614946e-10,4135.0,BID
777,1712604637.5902386,2923967.96582273,4090.0,1.3209749663312412e-08,4135.0,BID
778,1712604637.9225142,2924090.18410858,4090.0,1.0156799538182065e-08,4135.0,BID
779,1712604638.0258057,2924099.26954141,4090.0,7.550336623385911e-10,4135.0,BID
780,1712604638.032255,2924190.50852941,4090.0,7.582303292373061e-09,4135.0,BID
781,1712604643.9445045,2924258.60651983,4090.0,5.659199299327428e-09,4135.0,BID
782,1712604646.71269,2924374.15591803,4090.0,9.602589875288131e-09,4135.0,BID
783,1712604647.0901997,2924385.33191803,4090.0,9.287676622957375e-10,4135.0,BID
784,1712604647.1900034,2924434.28182284,4090.0,4.067921318918474e-09,4135.0,BID
785,1712604648.9201846,2924701.2241115,4090.0,2.2183908858902853e-08,4135.0,BID
786,1712604649.120144,2924749.75899352,4090.0,4.033431363042514e-09,4135.0,BID
787,1712604649.1404765,2924800.55202606,4090.0,4.221092170113575e-09,4135.0,BID
788,1712604649.1608367,2924849.02230333,4090.0,4.0280624651773735e-09,4135.0,BID
789,1712604650.0802605,2924897.34255038,4090.0,4.015594389282285e-09,4135.0,BID
790,1712604650.2200866,2924934.09263276,4090.0,3.054070159360472e-09,4135.0,BID
791,1712604650.630042,2924998.88970557,4090.0,5.3848806225468e-09,4135.0,BID
792,1712604650.719332,2925064.50596449,4090.0,5.4529580714030386e-09,4135.0,BID
793,1712604650.7299623,2925125.46123477,4090.0,5.065612373153375e-09,4135.0,BID
794,1712604650.7499018,2925157.57800363,4090.0,2.669024367832335e-09,4135.0,BID
795,1712604651.1301167,2925205.76077661,4090.0,4.004169776638944e-09,4135.0,BID
796,1712604651.151395,2925246.7565883,4090.0,3.4069062444001926e-09,4135.0,BID
797,1712604651.156168,2925295.01284393,4090.0,4.010276461404149e-09,4135.0,BID
798,1712604652.7904105,2925833.72392848,4090.0,4.476891863377793e-08,4135.0,BID
799,1712604653.500137,2926410.74104456,4090.0,4.7952294023564535e-08,4135.0,BID
800,1712604653.5999715,2926659.47704047,4090.0,2.0670897409691844e-08,4135.0,BID
801,1712604653.720492,2926737.96228578,4090.0,6.522419274445999e-09,4135.0,BID
802,1712604653.820066,2926800.76025313,4090.0,5.218747434932243e-09,4135.0,BID
803,1712604655.420148,2926877.84555586,4090.0,6.406078777212685e-09,4135.0,BID
804,1712604655.8115227,2927260.55154023,4090.0,3.180430766378732e-08,4135.0,BID
805,1712604658.0502267,2927415.08140872,4090.0,1.284201366434058e-08,4135.0,BID
806,1712604658.110058,2927569.81433023,4090.0,1.2858888134513532e-08,4135.0,BID
807,1712604658.119975,2927698.57489506,4090.0,1.0700487544149987e-08,4135.0,BID
808,1712604658.350786,2927799.14665012,4090.0,8.357891360078531e-09,4135.0,BID
1009,1712604658.6629822,2927869.92803946,4090.0,5.8821998489018484e-09,4135.0,BID
809,1712604658.6629822,2927869.92803946,4090.0,5.882199848901848e-09,4135.0,BID
810,1712604660.390702,2927869.92803946,4090.0,0.0,4135.0,BID
811,1712604660.4052544,2927914.12803946,4090.0,3.6679814955132686e-09,4135.0,BID
812,1712604661.1302698,2927915.59646824,4084.0,-1.2185904054252473e-10,4135.0,ASK
813,1712604661.3332856,2928107.49646824,4090.0,1.5925014682934127e-08,4135.0,BID
814,1712604662.2699802,2928183.24021633,4090.0,6.285671185398441e-09,4135.0,BID
815,1712604680.4420133,2928263.02250271,4090.0,6.620813350908846e-09,4135.0,BID
816,1712604684.0500958,2928447.72250271,4090.0,1.532751543478328e-08,4135.0,BID
817,1712604684.6699932,2928762.62250271,4090.0,2.613229350528569e-08,4135.0,BID
1017,1712604684.6699932,2928762.62250271,4090.0,2.6132293505285692e-08,4135.0,BID
818,1712604690.3901193,2928762.62250271,4090.0,0.0,4135.0,BID
819,1712604690.6407783,2928880.96362318,4090.0,9.817682343446476e-09,4135.0,BID
820,1712604690.9208214,2928961.06362318,4090.0,6.6451657090008e-09,4135.0,BID
821,1712604693.4102514,2929013.5235687,4090.0,4.352122734889141e-09,4135.0,BID
822,1712604693.9103703,2929082.03148297,4090.0,5.683476188518975e-09,4135.0,BID
823,1712604693.9503276,2929169.84322201,4090.0,7.284938291087908e-09,4135.0,BID
824,1712604695.6766098,2929283.77123215,4090.0,9.451566869871098e-09,4135.0,BID
825,1712604695.762486,2929396.76416447,4090.0,9.373992000151673e-09,4135.0,BID
826,1712604696.5213654,2929451.49761836,4090.0,4.540734967834442e-09,4135.0,BID
827,1712604696.624563,2929454.2304759,4090.0,2.2672023987554675e-10,4135.0,BID
828,1712604696.6331382,2929519.83312749,4090.0,5.442453068188491e-09,4135.0,BID
829,1712604696.637567,2929621.53163018,4090.0,8.436996288788566e-09,4135.0,BID
830,1712604696.6469948,2929623.39803919,4092.0,1.5483891577895834e-10,4135.0,BID
831,1712604696.6508684,2929624.78221282,4091.0,1.1483224893977055e-10,4135.0,BID
832,1712604699.6106174,2929625.88178603,4092.0,9.122155042239532e-11,4135.0,BID
833,1712604699.6167035,2929626.24848847,4092.0,3.042195357036795e-11,4135.0,BID
834,1712604720.251547,2929626.24848847,4092.0,0.0,4135.0,BID
835,1712604744.7606566,2929656.33773052,4090.0,-2.4954984315804524e-09,4135.0,ASK
836,1712604750.2724967,2929656.33773052,4090.0,-0.0,4135.0,ASK
837,1712604761.9005148,2929657.80400617,4083.0,-1.2160662713021447e-10,4135.0,ASK
838,1712604780.2706752,2929657.80400617,4083.0,-0.0,4135.0,ASK
839,1712604796.7206614,2929667.83148511,4083.0,-8.316357752863491e-10,4135.0,ASK
840,1712604796.7297945,2929673.49433308,4083.0,-4.696521419022218e-10,4135.0,ASK
841,1712604796.820396,2929673.57542339,4083.0,-6.725279936432812e-12,4135.0,ASK
842,1712604796.920515,2929713.79950427,4080.0,-3.3360114629235233e-09,4135.0,ASK
843,1712604796.9294202,2930095.51942839,4080.0,-3.1658201123343415e-08,4135.0,ASK
844,1712604796.9804432,2930095.51942862,4080.0,-1.9078247930396792e-17,4135.0,ASK
845,1712604797.0002666,2930096.99001685,4080.0,1.2196423349981879e-10,4135.0,BID
846,1712604809.030896,2930150.71007085,4074.0,-4.455309158405931e-09,4135.0,ASK
847,1712604810.2621794,2930150.71007085,4074.0,-0.0,4135.0,ASK
848,1712604817.2606523,2930153.16284726,4070.0,-2.0338875895684536e-10,4135.0,ASK
849,1712604817.267863,2930155.6240828,4070.0,-2.040902056570671e-10,4135.0,ASK
850,1712604817.320745,2930354.5591023,4070.0,1.6496059959531052e-08,4135.0,BID
851,1712604817.327561,2930747.76166863,4070.0,3.26050844477682e-08,4135.0,BID
852,1712604821.3905714,2930906.13466824,4080.0,1.3132582207502024e-08,4135.0,BID
1053,1712604821.3958433,2930992.48466863,4080.0,7.1603018288269444e-09,4135.0,BID
853,1712604821.3958433,2930992.48466863,4080.0,7.160301828826944e-09,4135.0,BID
854,1712604823.2808063,2930997.93520485,4080.0,4.5196854993402407e-10,4135.0,BID
855,1712604823.2881615,2931001.26934732,4080.0,2.764732636499531e-10,4135.0,BID
856,1712604823.2921126,2931045.50566863,4080.0,3.668157625305859e-09,4135.0,BID
857,1712604831.6908505,2931046.97625686,4075.0,-1.2194389745882436e-10,4135.0,ASK
858,1712604840.380345,2931046.97625686,4075.0,-0.0,4135.0,ASK
859,1712604851.9104495,2931046.97667163,4080.0,3.4383095166771354e-14,4135.0,BID
860,1712604860.400427,2931056.06167163,4080.0,7.531170211986883e-10,4135.0,BID
861,1712604860.5204165,2931056.06210446,4080.0,3.5880189154337365e-14,4135.0,BID
862,1712604867.4205632,2931057.53125235,4084.0,1.2178759305207916e-10,4135.0,BID
863,1712604870.3803823,2931057.53125235,4084.0,0.0,4135.0,BID
864,1712604881.0107744,2931059.42748946,4084.0,1.571913423014608e-10,4135.0,BID
865,1712604881.0205226,2931208.23025235,4084.0,1.2335222170343442e-08,4135.0,BID
866,1712604894.1705873,2931209.69940024,4075.0,-1.2178715818647712e-10,4135.0,ASK
867,1712604900.255054,2931209.69940024,4075.0,-0.0,4135.0,ASK
868,1712604917.5807483,2931220.4261871,4078.0,-8.89166844119598e-10,4135.0,ASK
869,1712604928.3306963,2931481.24203449,4089.0,2.161959652517804e-08,4135.0,BID
870,1712604928.4803534,2931482.70938592,4089.0,1.216319720855326e-10,4135.0,BID
871,1712604930.2508357,2931482.70938592,4089.0,0.0,4135.0,BID
872,1712604954.030707,2931485.86985558,4088.0,2.6195401096946347e-10,4135.0,BID
873,1712604960.3807917,2931485.86985558,4088.0,0.0,4135.0,BID
874,1712604962.5907116,2931487.33720701,4076.0,-1.2162058881735142e-10,4135.0,ASK
875,1712604965.7611558,2931492.12751014,4076.0,-3.97041550752897e-10,4135.0,ASK
876,1712604965.7703862,2931496.09227087,4075.0,-3.286169383951117e-10,4135.0,ASK
877,1712604965.7743816,2932187.35121852,4075.0,-5.7294604764836186e-08,4135.0,ASK
878,1712604978.160911,2932189.85434743,4075.0,-2.0747041620194228e-10,4135.0,ASK
879,1712604990.388564,2932189.85434743,4075.0,-0.0,4135.0,ASK
880,1712604993.431047,2932191.32277621,4086.0,1.216809517564854e-10,4135.0,BID
881,1712605020.331091,2932191.32277621,4086.0,0.0,4135.0,BID
882,1712605050.2606575,2932191.32277621,4086.0,0.0,4135.0,BID
883,1712605069.9835303,2932192.79120499,4078.0,-1.2168089125816159e-10,4135.0,ASK
884,1712605080.380942,2932192.79120499,4078.0,-0.0,4135.0,ASK
885,1712605081.5107489,2932436.90720499,4089.0,2.0228585899507835e-08,4135.0,BID
1086,1712605081.516945,2932703.76423125,4089.0,2.211301298807272e-08,4135.0,BID
886,1712605081.516945,2932703.76423125,4089.0,2.2113012988072722e-08,4135.0,BID
887,1712605081.5507772,2932751.81458114,4089.0,3.9816752291833005e-09,4135.0,BID
888,1712605081.5586045,2932799.87582757,4089.0,3.9825781671324395e-09,4135.0,BID
889,1712605081.6108043,2932873.96775399,4089.0,6.139601247151513e-09,4135.0,BID
890,1712605081.8109813,2932979.53585186,4089.0,8.747863048751048e-09,4135.0,BID
891,1712605081.870977,2933185.92138783,4089.0,1.7102064357861458e-08,4135.0,BID
892,1712605081.8785822,2933291.73572802,4089.0,8.768267831418117e-09,4135.0,BID
893,1712605085.4608371,2933311.27794541,4092.0,1.619358924214525e-09,4135.0,BID
894,1712605085.4683912,2933324.31872802,4092.0,1.080619833285637e-09,4135.0,BID
895,1712605090.3408046,2933419.31872802,4092.0,7.872141360885236e-09,4135.0,BID
896,1712605092.7309985,2933486.73672802,4092.0,5.586568697564835e-09,4135.0,BID
897,1712605109.8522103,2933486.73722976,4092.0,4.1576490243621874e-14,4135.0,BID
898,1712605109.8582287,2933488.20192985,4095.0,1.2137185433281469e-10,4135.0,BID
899,1712605110.394619,2933488.20192985,4095.0,0.0,4135.0,BID
900,1712605140.2436752,2933488.20192985,4095.0,0.0,4135.0,BID
901,1712605142.260944,2933489.66713168,4086.0,-1.213601564083083e-10,4135.0,ASK
902,1712605144.9110527,2933583.43216668,4086.0,-7.76639714751812e-09,4135.0,ASK
903,1712605144.9187872,2933583.43216724,4086.0,-4.636105146366167e-17,4135.0,ASK
904,1712605145.110782,2933665.66637724,4085.0,-6.811318675139108e-09,4135.0,ASK
905,1712605148.4620025,2933665.66637776,4085.0,-4.3082607724550817e-17,4135.0,ASK
906,1712605148.5407715,2933775.35693776,4084.0,-9.085481088897464e-09,4135.0,ASK
907,1712605148.580995,2933870.35693776,4085.0,7.868687181878943e-09,4135.0,BID
908,1712605167.111069,2933941.78521176,4085.0,-5.916281516295126e-09,4135.0,ASK
909,1712605167.1171608,2933941.78521193,4085.0,-1.4078023115005413e-17,4135.0,ASK
910,1712605167.531127,2933944.23381193,4084.0,-2.0281334138676926e-10,4135.0,ASK
911,1712605167.53904,2933944.23381265,4084.0,-5.966767605181746e-17,4135.0,ASK
912,1712605167.5462112,2934090.54810193,4083.0,-1.2118961816645041e-08,4135.0,ASK
1112,1712605167.5462112,2934090.54810193,4083.0,-1.211896181664504e-08,4135.0,ASK
913,1712605170.2351935,2934090.54810193,4083.0,-0.0,4135.0,ASK
914,1712605171.3011966,2934274.93865831,4085.0,-1.5269642109956472e-08,4135.0,ASK
915,1712605184.791015,2934276.40565097,4090.0,1.2148373178797188e-10,4135.0,BID
916,1712605188.2380564,2934276.40565265,4083.0,-1.3913194189112742e-16,4135.0,ASK
917,1712605200.2919085,2934276.40565265,4083.0,-0.0,4135.0,ASK
918,1712605208.7608583,2934315.74557531,4083.0,3.257589680196956e-09,4135.0,BID
919,1712605209.2809775,2934432.92157531,4083.0,9.702899816691976e-09,4135.0,BID
920,1712605211.4910758,2934432.92168675,4083.0,9.227901150586546e-15,4135.0,BID
921,1712605211.4987707,2934435.70384325,4083.0,2.3037982005012767e-10,4135.0,BID
922,1712605212.1907284,2934443.63984325,4083.0,6.57150038808415e-10,4135.0,BID
923,1712605213.3512378,2934445.10683591,4075.0,-1.2147609417812958e-10,4135.0,ASK
924,1712605216.281062,2934445.10707997,4083.0,2.0209687698387763e-14,4135.0,BID
925,1712605216.9262478,2934540.10707997,4090.0,7.866589426042139e-09,4135.0,BID
1126,1712605219.6949885,2934581.16407997,4090.0,3.39977433752891e-09,4135.0,BID
926,1712605219.6949885,2934581.16407997,4090.0,3.3997743375289105e-09,4135.0,BID
927,1712605228.8711164,2934616.36876588,4090.0,2.9151664202544504e-09,4135.0,BID
1127,1712605228.8711164,2934616.36876588,4090.0,2.91516642025445e-09,4135.0,BID
928,1712605228.9909585,2934624.78776588,4095.0,6.971454355751191e-10,4135.0,BID
929,1712605230.2545211,2934624.78776588,4095.0,0.0,4135.0,BID
930,1712605240.5714695,2934674.81443404,4083.0,-4.142030193364715e-09,4135.0,ASK
931,1712605259.4313817,2934674.81454095,4095.0,8.851787924052814e-15,4135.0,BID
932,1712605259.561,2934684.16243403,4095.0,-7.739722992743063e-10,4135.0,ASK
933,1712605259.761099,2934685.62727778,4096.0,1.2128385247815568e-10,4135.0,BID
934,1712605260.385167,2934685.62727778,4096.0,0.0,4135.0,BID
935,1712605289.1411064,2934687.09212153,4082.0,-1.2128135673332614e-10,4135.0,ASK
936,1712605290.3810563,2934687.09212153,4082.0,-0.0,4135.0,ASK
937,1712605303.5334964,2934694.97549902,4096.0,6.52701862775629e-10,4135.0,BID
938,1712605303.539908,2934800.05312153,4096.0,8.69987007909516e-09,4135.0,BID
939,1712605305.361248,2935005.86785415,4097.0,1.704036874251772e-08,4135.0,BID
940,1712605305.3692904,2935005.86820475,4096.0,2.902783029196316e-14,4135.0,BID
941,1712605320.2439315,2935005.86820475,4096.0,0.0,4135.0,BID
942,1712605321.3010514,2935027.6344401,4096.0,-1.801934064269253e-09,4135.0,ASK
943,1712605329.791202,2935038.51212564,4096.0,9.005173288198594e-10,4135.0,BID
944,1712605331.8012934,2935039.97696939,4096.0,1.2126818485371708e-10,4135.0,BID
945,1712605350.2610495,2935039.97696939,4096.0,0.0,4135.0,BID
946,1712605353.4712412,2935283.72996939,4096.0,2.0179040927016066e-08,4135.0,BID
947,1712605354.2111442,2935837.84060402,4096.0,4.587193254763898e-08,4135.0,BID
948,1712605354.220899,2935852.49623527,4096.0,1.213263355978141e-09,4135.0,BID
949,1712605354.3112154,2936018.87363639,4096.0,-1.3773518219391281e-08,4135.0,ASK
950,1712605356.0217965,2936049.69497545,4098.0,2.551538082890725e-09,4135.0,BID
951,1712605356.0318737,2936175.19704778,4098.0,1.0389662707596308e-08,4135.0,BID
952,1712605356.0410595,2936214.77304636,4098.0,3.2762907331394662e-09,4135.0,BID
953,1712605356.0609865,2936506.11702372,4098.0,2.4118849995641328e-08,4135.0,BID
954,1712605356.1055353,2936540.09997834,4098.0,2.813271763203661e-09,4135.0,BID
955,1712605356.109998,2936587.8260822,4098.0,3.950995487550594e-09,4135.0,BID
956,1712605356.2277336,2936602.46379872,4099.0,1.2117802888061596e-09,4135.0,BID
957,1712605356.235059,2936655.04517127,4098.0,4.352937886670179e-09,4135.0,BID
958,1712605356.2385564,2936656.24325797,4099.0,9.91833559058984e-11,4135.0,BID
959,1712605356.2421138,2936729.91649506,4099.0,6.09902346418173e-09,4135.0,BID
960,1712605357.0245132,2936742.61049506,4099.0,1.0508701247993698e-09,4135.0,BID
961,1712605358.6121564,2936972.6803503,4099.0,1.90462846609241e-08,4135.0,BID
962,1712605358.6232872,2936973.95298857,4099.0,1.0535509199459812e-10,4135.0,BID
963,1712605359.9210677,2936977.95298857,4100.0,3.3113916016646207e-10,4135.0,BID
1164,1712605359.9274127,2937217.45298857,4100.0,1.9826957214966922e-08,4135.0,BID
964,1712605359.9274127,2937217.45298857,4100.0,1.982695721496692e-08,4135.0,BID
965,1712605360.3010137,2937218.72128125,4100.0,1.049953432182523e-10,4135.0,BID
966,1712605361.2010794,2937220.186125,4090.0,-1.2126678228752274e-10,4135.0,ASK
1167,1712605361.401254,2937234.195125,4100.0,1.159732123699468e-09,4135.0,BID
967,1712605361.401254,2937234.195125,4100.0,1.1597321236994681e-09,4135.0,BID
1168,1712605363.071658,2937266.33620042,4100.0,2.660792180333888e-09,4135.0,BID
968,1712605363.071658,2937266.33620042,4100.0,2.6607921803338882e-09,4135.0,BID
969,1712605363.0797396,2939735.9178445,4100.0,2.044437978957999e-07,4135.0,BID
970,1712605364.4813063,2939842.9178445,4100.0,8.85797253445286e-09,4135.0,BID
971,1712605365.0210202,2939875.7079817,4100.0,2.714524623550237e-09,4135.0,BID
972,1712605365.041051,2939908.82385876,4100.0,2.741490929435685e-09,4135.0,BID
973,1712605368.531052,2940152.34885876,4100.0,2.016016599491526e-08,4135.0,BID
974,1712605369.9712684,2942672.12556607,4100.0,2.085991856663921e-07,4135.0,BID
975,1712605375.0712254,2942871.60656607,4100.0,1.6513992702303533e-08,4135.0,BID
976,1712605377.8222127,2942891.12556607,4100.0,1.615876316810266e-09,4135.0,BID
977,1712605378.3013282,2942919.98122758,4100.0,2.388809879619281e-09,4135.0,BID
978,1712605378.381182,2942992.70850713,4100.0,6.020712567838854e-09,4135.0,BID
979,1712605378.7717323,2943021.58175283,4100.0,2.390265583116208e-09,4135.0,BID
980,1712605378.8914502,2943050.68383892,4100.0,2.4092100867350863e-09,4135.0,BID
1181,1712605379.3922598,2943117.68383892,4100.0,5.5465809327882404e-09,4135.0,BID
981,1712605379.3922598,2943117.68383892,4100.0,5.54658093278824e-09,4135.0,BID
982,1712605380.3741767,2943117.68383892,4100.0,0.0,4135.0,BID
983,1712605381.111116,2943244.68237013,4100.0,1.048480516152304e-08,4135.0,BID
984,1712605381.1310818,2943272.71394875,4100.0,2.3142444042504823e-09,4135.0,BID
985,1712605381.1509542,2943304.36545461,4100.0,2.6131000795837048e-09,4135.0,BID
986,1712605381.160823,2943336.0314454,4100.0,2.6142959333139157e-09,4135.0,BID
987,1712605381.6012828,2943367.90195325,4100.0,2.6311805500912787e-09,4135.0,BID
988,1712605381.740981,2943579.00095325,4100.0,1.7428011676258882e-08,4135.0,BID
989,1712605381.7609377,2943971.65254811,4100.0,3.2416717179732177e-08,4135.0,BID
990,1712605381.8811147,2944280.35159741,4100.0,2.5485722981411884e-08,4135.0,BID
991,1712605382.120952,2944624.56783846,4100.0,2.8417968195870933e-08,4135.0,BID
992,1712605382.501324,2944629.14838388,4100.0,3.7816284804952967e-10,4135.0,BID
993,1712605382.5098689,2944882.322394,4100.0,2.0901660379707144e-08,4135.0,BID
994,1712605382.9039626,2944885.05892176,4100.0,2.2592356076783766e-10,4135.0,BID
995,1712605382.912457,2945077.48050928,4100.0,1.58860329706385e-08,4135.0,BID
996,1712605383.081723,2945158.26371172,4100.0,6.6693380611110195e-09,4135.0,BID
997,1712605383.0909412,2945314.48073388,4100.0,1.2897039238636722e-08,4135.0,BID
998,1712605383.2212903,2945399.87975554,4100.0,7.050413060372982e-09,4135.0,BID
999,1712605383.305236,2945443.97132668,4100.0,3.6401329075674085e-09,4135.0,BID
1000,1712605383.3145726,2945579.69946157,4100.0,1.1205507935433464e-08,4135.0,BID
1201,1712605383.3271246,2945650.72530565,4100.0,5.863785427411755e-09,4135.0,BID
1202,1712605384.3112764,2945651.97561209,4100.0,-1.0322339393426331e-10,4135.0,ASK
1203,1712605385.131213,2945662.85861209,4101.0,8.98483891782034e-10,4135.0,BID
1204,1712605386.4326372,2945664.1014874,4103.0,1.0260989117442116e-10,4135.0,BID
1205,1712605386.435837,2945664.10160507,4101.0,9.71464043290237e-15,4135.0,BID
1206,1712605386.9114046,2945717.58846175,4103.0,4.415793361181586e-09,4135.0,BID
1207,1712605386.92349,2945819.4052646,4103.0,8.405840050922191e-09,4135.0,BID
1208,1712605386.9259543,2945820.62510375,4103.0,1.0070806087546074e-10,4135.0,BID
1209,1712605386.928486,2945821.86797906,4104.0,1.0260989117442116e-10,4135.0,BID
1210,1712605388.501163,2945827.45997906,4101.0,4.616669965124833e-10,4135.0,BID
1211,1712605395.201435,2945827.46056337,4101.0,4.823973642684101e-14,4135.0,BID
1212,1712605395.341433,2945855.56850979,4103.0,2.320549213426516e-09,4135.0,BID
1213,1712605395.3611314,2945883.89715167,4103.0,2.338769494192478e-09,4135.0,BID
1214,1712605395.4413784,2945912.21208887,4103.0,2.337638056708512e-09,4135.0,BID
1215,1712605395.5862117,2945929.21208887,4103.0,1.4034940880653167e-09,4135.0,BID
1216,1712605397.5110495,2945930.67443349,4103.0,1.2072894286820244e-10,4135.0,BID
1217,1712605397.718623,2945939.82243349,4103.0,7.55244936334368e-10,4135.0,BID
1218,1712605400.6014557,2945939.82330118,4103.0,7.163516051290745e-14,4135.0,BID
1219,1712605403.4116263,2945988.56725418,4103.0,-4.024226462637561e-09,4135.0,ASK
1220,1712605410.3864748,2945988.56725418,4103.0,-0.0,4135.0,ASK
1221,1712605410.9239073,2946011.70315691,4104.0,1.908210379501649e-09,4135.0,BID
1222,1712605410.9265723,2946322.41502779,4104.0,2.5626992988833045e-08,4135.0,BID
1223,1712605412.501407,2946324.22775982,4105.0,1.4951109172719614e-10,4135.0,BID
1224,1712605412.5049736,2946336.40802779,4105.0,1.0046080344061786e-09,4135.0,BID
1225,1712605412.721001,2946336.40802796,4103.0,-1.4018540574561564e-17,4135.0,ASK
1226,1712605413.311463,2946338.84522796,4103.0,2.01016160524035e-10,4135.0,BID
1227,1712605414.771013,2946355.84422796,4103.0,1.402048954806126e-09,4135.0,BID
1228,1712605416.7609117,2946368.60322796,4103.0,1.0523408797372514e-09,4135.0,BID
1229,1712605419.6316018,2946368.60383573,4103.0,5.0127843049161553e-14,4135.0,BID
1230,1712605419.635063,2946482.27198897,4103.0,9.375158270892732e-09,4135.0,BID
1231,1712605419.671217,2946606.8685865,4103.0,1.027651799170229e-08,4135.0,BID
1232,1712605419.674015,2946751.06630835,4103.0,1.1893185787792904e-08,4135.0,BID
1233,1712605419.7112749,2946843.16607692,4103.0,7.596234146886411e-09,4135.0,BID
1234,1712605419.7550342,2946935.40950377,4103.0,7.608082840409251e-09,4135.0,BID
1235,1712605419.8109822,2947018.25449071,4103.0,6.832915309782788e-09,4135.0,BID
1236,1712605419.83105,2947076.87229993,4103.0,4.8346984029073965e-09,4135.0,BID
1237,1712605419.9112146,2947086.22019301,4103.0,7.70998512984244e-10,4135.0,BID
1238,1712605419.9140532,2947144.38030845,4103.0,4.796948589056369e-09,4135.0,BID
1239,1712605419.931243,2947166.20746582,4103.0,1.8002672614290703e-09,4135.0,BID
1240,1712605420.8914514,2947168.64351942,4105.0,2.009216073882076e-10,4135.0,BID
1241,1712605420.894443,2947375.17730845,4105.0,1.7034559859061535e-08,4135.0,BID
1242,1712605421.5771518,2947453.72050435,4105.0,6.478110813568326e-09,4135.0,BID
1243,1712605425.1758804,2947469.53398636,4109.0,1.3042694231370903e-09,4135.0,BID
1244,1712605425.183712,2947486.83502442,4109.0,1.4269605464904302e-09,4135.0,BID
1245,1712605425.1905649,2947490.83502442,4110.0,3.2991327838570387e-10,4135.0,BID
1246,1712605425.192555,2947504.29448516,4109.0,1.1101137045074254e-09,4135.0,BID
1247,1712605425.194183,2947506.80823524,4110.0,2.073298824853679e-10,4135.0,BID
1248,1712605428.0011866,2947541.9271438,4110.0,2.8965485640813804e-09,4135.0,BID
1249,1712605428.00405,2948588.03866625,4110.0,8.628152048214408e-08,4135.0,BID
1250,1712605432.7712142,2948589.50101087,4100.0,-1.2061172692114702e-10,4135.0,ASK
1251,1712605435.9211469,2948625.78075669,4110.0,2.992292470617279e-09,4135.0,BID
1252,1712605435.9314406,2948662.31827957,4110.0,3.0135534893496915e-09,4135.0,BID
1253,1712605436.0412126,2948774.31727957,4110.0,9.237489316466594e-09,4135.0,BID
1254,1712605438.7313187,2948781.67505351,4100.0,-6.06856830548083e-10,4135.0,ASK
1255,1712605440.245144,2948781.67505351,4100.0,-0.0,4135.0,ASK
1256,1712605459.0913436,2948784.10814353,4110.0,2.0048750619274003e-10,4135.0,BID
1257,1712605468.8411863,2948787.55826518,4110.0,2.842912839203605e-10,4135.0,BID
1258,1712605470.2553048,2948787.55826518,4110.0,0.0,4135.0,BID
1259,1712605471.1711383,2949233.7597088,4110.0,3.676708864762584e-08,4135.0,BID
1260,1712605473.1113162,2949241.12579551,4101.0,-6.069670256205776e-10,4135.0,ASK
1261,1712605473.8211792,2949283.7023849,4110.0,3.5083195242592904e-09,4135.0,BID
1262,1712605474.1412072,2949285.16223891,4110.0,1.2029226387926947e-10,4135.0,BID
1263,1712605491.5615911,2949321.66892189,4110.0,3.00815801598337e-09,4135.0,BID
1264,1712605491.5693824,2949357.66607413,4110.0,2.966172580557142e-09,4135.0,BID
1265,1712605491.581427,2949393.87591795,4110.0,2.983698409498913e-09,4135.0,BID
1266,1712605492.8411703,2949505.87591795,4110.0,9.228822513718278e-09,4135.0,BID
1267,1712605493.791246,2949508.30900797,4110.0,2.004871067340432e-10,4135.0,BID
1268,1712605494.391042,2949608.92700797,4110.0,8.290943425743854e-09,4135.0,BID
1269,1712605495.9718988,2949613.79318801,4110.0,4.0097421346808645e-10,4135.0,BID
1270,1712605499.8560538,2949649.56488836,4110.0,2.947595299508979e-09,4135.0,BID
1271,1712605499.8783526,2949685.54794819,4110.0,2.96501136314173e-09,4135.0,BID
1272,1712605499.8813438,2949721.36825903,4110.0,2.951600813641228e-09,4135.0,BID
1273,1712605499.9912343,2949747.80825903,4110.0,2.1786613148410318e-09,4135.0,BID
1274,1712605500.2773151,2949747.80825903,4110.0,0.0,4135.0,BID
1275,1712605501.2713408,2949792.60825903,4110.0,3.690375466781627e-09,4135.0,BID
1276,1712605501.5802872,2949993.40925906,4110.0,1.6540872415412844e-08,4135.0,BID
1277,1712605502.0041995,2950236.38625906,4110.0,2.001509731666166e-08,4135.0,BID
1278,1712605530.2673433,2950236.38625906,4110.0,0.0,4135.0,BID
1279,1712605552.1518178,2950448.79910915,4109.0,1.7494498396957316e-08,4135.0,BID
1280,1712605552.2515318,2950450.25896316,4101.0,-1.2023478630106344e-10,4135.0,ASK
1281,1712605560.3813791,2950450.25896316,4101.0,-0.0,4135.0,ASK
1282,1712605563.0513928,2950619.76983387,4109.0,1.3960045415012506e-08,4135.0,BID
1283,1712605563.1314034,2950752.2578917,4109.0,1.0911036540047715e-08,4135.0,BID
1284,1712605563.2114236,2950864.2568917,4109.0,9.223662883004231e-09,4135.0,BID
1285,1712605563.231845,2951011.84236708,4109.0,1.2154382372482337e-08,4135.0,BID
1286,1712605563.353411,2951122.22800793,4109.0,9.090794902853212e-09,4135.0,BID
1287,1712605563.5912642,2951219.07480145,4109.0,7.975804915509462e-09,4135.0,BID
1288,1712605568.251871,2951221.5816954,4101.0,-2.0645492083614264e-10,4135.0,ASK
1289,1712605587.6417367,2951223.04190469,4109.0,1.2025534361824463e-10,4135.0,BID
1290,1712605589.8113177,2951258.2910332,4109.0,2.902937332425882e-09,4135.0,BID
1291,1712605590.3862882,2951258.2910332,4109.0,0.0,4135.0,BID
1292,1712605598.3016255,2951603.87389992,4109.0,2.8452651537115508e-08,4135.0,BID
1293,1712605598.5717845,2951647.00915785,4109.0,3.551427402914013e-09,4135.0,BID
1294,1712605598.7317278,2951741.31715785,4110.0,7.764599809696236e-09,4135.0,BID
1295,1712605599.591355,2952234.78715785,4110.0,4.062854761081677e-08,4135.0,BID
1296,1712605600.6117158,2952364.77315785,4110.0,1.0702053599496992e-08,4135.0,BID
1297,1712605600.6399243,2952488.86984879,4110.0,1.02171729106361e-08,4135.0,BID
1298,1712605614.024142,2952520.48232285,4109.0,-2.602729461629568e-09,4135.0,ASK
1299,1712605617.2630558,2952549.26285801,4110.0,2.369569260578058e-09,4135.0,BID
1300,1712605618.3225331,2952550.7230673,4101.0,-1.202224707921996e-10,4135.0,ASK
1301,1712605620.2542946,2952550.7230673,4101.0,-0.0,4135.0,ASK
1302,1712605624.361377,2952662.78986292,4110.0,9.222690158733996e-09,4135.0,BID
1303,1712605629.0414326,2952679.78886292,4110.0,1.398955945329431e-09,4135.0,BID
1304,1712605632.8153496,2952696.78886292,4110.0,1.3990382417100803e-09,4135.0,BID
1305,1712605642.8114305,2952704.32577652,4102.0,-6.202606088978217e-10,4135.0,ASK
1306,1712605645.561396,2952761.29977652,4110.0,4.68875322253477e-09,4135.0,BID
1307,1712605645.8701134,2953354.89977652,4110.0,4.88511235458373e-08,4135.0,BID
1308,1712605649.1315827,2953359.76595656,4110.0,4.0046893923091264e-10,4135.0,BID
1309,1712605650.2527711,2953359.76595656,4110.0,0.0,4135.0,BID
1310,1712605652.411705,2953361.22581057,4110.0,1.201078148083252e-10,4135.0,BID
1311,1712605655.1817777,2953535.93374911,4101.0,-1.4373895323475081e-08,4135.0,ASK
1312,1712605655.1852438,2953623.14214743,4101.0,-7.174970978766434e-09,4135.0,ASK
1313,1712605655.1886382,2954057.27751876,4100.0,-3.5717989897122415e-08,4135.0,ASK
1314,1712605655.381467,2954144.48581876,4101.0,7.1749628895855474e-09,4135.0,BID
1315,1712605655.4416444,2954231.69411876,4101.0,7.1749628895855474e-09,4135.0,BID
1316,1712605655.6615365,2954350.66611876,4101.0,9.788284886870842e-09,4135.0,BID
1317,1712605656.541449,2954352.52535276,4100.0,1.5296634556225079e-10,4135.0,BID
1318,1712605675.5923786,2954960.42221632,4100.0,-5.0014017435652976e-08,4135.0,ASK
1319,1712605675.596431,2957802.42221632,4096.0,-2.3382229136663465e-07,4135.0,ASK
1320,1712605675.5996573,2958402.08558752,4094.0,-4.9336616292284776e-08,4135.0,ASK
1321,1712605675.6028376,2958410.35532641,4095.0,-6.803832850839621e-10,4135.0,ASK
1322,1712605675.851788,2958487.25380067,4100.0,6.326733798073868e-09,4135.0,BID
1323,1712605675.8558314,2958563.52112147,4100.0,6.2748063707833664e-09,4135.0,BID
1324,1712605675.87162,2958627.62112147,4100.0,5.2737540030341505e-09,4135.0,BID
1325,1712605675.8747523,2958659.65438634,4100.0,2.6355001379048074e-09,4135.0,BID
1326,1712605676.8517437,2958715.23337516,4100.0,4.5726975783594665e-09,4135.0,BID
1327,1712605680.3920088,2958715.23337516,4100.0,0.0,4135.0,BID
1328,1712605681.5715432,2958767.02990811,4093.0,-4.253820793705579e-09,4135.0,ASK
1329,1712605682.6813953,2958886.00190811,4105.0,9.770645613646582e-09,4135.0,BID
1330,1712605704.1517088,2958888.95990811,4109.0,2.4292749324322577e-10,4135.0,BID
1331,1712605710.3915794,2958888.95990811,4109.0,0.0,4135.0,BID
1332,1712605714.2659757,2958920.78541894,4109.0,2.6135358947920804e-09,4135.0,BID
1333,1712605714.281598,2958952.66440678,4109.0,2.6179274688262443e-09,4135.0,BID
1334,1712605714.5751414,2959166.63640678,4109.0,1.7571548355446277e-08,4135.0,BID
1335,1712605716.0915794,2959257.73640678,4109.0,7.481203405932122e-09,4135.0,BID
1336,1712605716.4517798,2959500.37740678,4109.0,1.992586910678816e-08,4135.0,BID
1337,1712605719.0663211,2959818.84112009,4109.0,2.6152489755085263e-08,4135.0,BID
1338,1712605719.07283,2959832.28946655,4109.0,1.104388752391875e-09,4135.0,BID
1339,1712605719.0747826,2961305.07740678,4110.0,1.209465000516757e-07,4135.0,BID
1340,1712605722.236273,2961340.05012818,4110.0,2.871987293688245e-09,4135.0,BID
1341,1712605722.252,2961374.67969934,4110.0,2.843807526981258e-09,4135.0,BID
1342,1712605722.2562962,2961409.3988766,4110.0,2.8511660501669703e-09,4135.0,BID
1343,1712605722.492061,2961414.8390774,4110.0,4.4675355383809667e-10,4135.0,BID
1344,1712605722.4963655,2961519.8548766,4110.0,8.62397974375577e-09,4135.0,BID
1345,1712605725.0814764,2961519.85533631,4110.0,3.7751718462245016e-14,4135.0,BID
1346,1712605725.2414536,2962127.53838277,4110.0,-4.990340808917109e-08,4135.0,ASK
1347,1712605725.4015243,2962130.25838277,4111.0,2.233685319678124e-10,4135.0,BID
1348,1712605726.2317097,2962130.25848317,4111.0,8.244951235954456e-15,4135.0,BID
1349,1712605726.2364028,2962133.69953065,4112.0,2.8258151620680073e-10,4135.0,BID
1350,1712605726.8315475,2962135.15938466,4102.0,-1.1988435556554979e-10,4135.0,ASK
1351,1712605728.665321,2962136.75166306,4112.0,1.3075915026453663e-10,4135.0,BID
1352,1712605728.6688836,2962169.9010416,4112.0,2.722252948835929e-09,4135.0,BID
1353,1712605728.6819906,2962204.64337463,4112.0,2.853067620132801e-09,4135.0,BID
1354,1712605728.6855333,2962274.0402782,4112.0,5.698928115842076e-09,4135.0,BID
1355,1712605728.8217776,2962304.21302618,4112.0,2.477809714097393e-09,4135.0,BID
1356,1712605729.0013638,2962324.99495622,4112.0,1.7066283841766555e-09,4135.0,BID
1357,1712605729.339908,2962494.04802618,4112.0,-1.3882770612208124e-08,4135.0,ASK
1358,1712605729.3435447,2962683.88359774,4112.0,-1.558944593334939e-08,4135.0,ASK
1359,1712605740.2563329,2962683.88359774,4112.0,-0.0,4135.0,ASK
1360,1712605741.3052833,2962833.72316892,4102.0,-1.2289202265819837e-08,4135.0,ASK
1361,1712605751.1683614,2962840.1972592,4111.0,5.309772599572884e-10,4135.0,BID
1362,1712605759.9553657,2962857.1972592,4114.0,1.394267461351829e-09,4135.0,BID
1363,1712605760.261705,2962891.47788646,4114.0,2.811550773136885e-09,4135.0,BID
1364,1712605760.2638228,2962922.57562898,4115.0,2.550504148089029e-09,4135.0,BID
1365,1712605760.2658634,2962924.35982735,4114.0,1.4633233715600743e-10,4135.0,BID
1366,1712605760.2679274,2962925.81968136,4114.0,1.197309967355586e-10,4135.0,BID
1367,1712605760.2762442,2962960.12305242,4115.0,2.813416122581091e-09,4135.0,BID
1368,1712605760.2783122,2962994.78640086,4115.0,2.8429399312650263e-09,4135.0,BID
1369,1712605760.392769,2962997.22360086,4114.0,1.9988874452164519e-10,4135.0,BID
1370,1712605760.395076,2962999.70570555,4115.0,2.0357163556921438e-10,4135.0,BID
1371,1712605760.3988757,2963021.71011904,4115.0,1.8047081020879e-09,4135.0,BID
1372,1712605760.5219707,2963023.16749091,4117.0,1.1952742216817672e-10,4135.0,BID
1373,1712605766.170848,2963099.74101844,4117.0,6.2802339903780994e-09,4135.0,BID
1374,1712605766.2717614,2963131.6590215,4117.0,2.61777841751645e-09,4135.0,BID
1375,1712605766.2764196,2963157.04954688,4117.0,2.082422550833541e-09,4135.0,BID
1376,1712605766.9767168,2963199.93992346,4117.0,3.517685674738101e-09,4135.0,BID
1377,1712605769.1104646,2963239.80126721,4117.0,3.2692573268296833e-09,4135.0,BID
1378,1712605769.9044297,2963308.80126721,4117.0,5.659085578428012e-09,4135.0,BID
1379,1712605770.2547605,2963308.80126721,4117.0,0.0,4135.0,BID
1380,1712605774.7262695,2963358.37874235,4117.0,4.065276057714183e-09,4135.0,BID
1381,1712605774.733533,2963362.37874235,4120.0,3.2799379526649616e-10,4135.0,BID
1382,1712605774.7378955,2963448.54870046,4120.0,7.0658028996489845e-09,4135.0,BID
1383,1712605774.741131,2963450.9764742,4119.0,1.9907368073124208e-10,4135.0,BID
1384,1712605776.9117556,2963452.23952982,4117.0,-1.0356860162956655e-10,4135.0,ASK
1385,1712605776.9169886,2963463.28699425,4107.0,-9.058749466058847e-10,4135.0,ASK
1386,1712605782.2377467,2963497.58867475,4120.0,2.812684592816024e-09,4135.0,BID
1387,1712605782.2399938,2963532.02100151,4120.0,2.82339738344068e-09,4135.0,BID
1388,1712605782.2422955,2963566.64412073,4120.0,2.839042069244325e-09,4135.0,BID
1389,1712605782.291868,2963601.33192256,4120.0,2.844345942918855e-09,4135.0,BID
1390,1712605784.1714714,2963799.53192256,4120.0,1.625209255547016e-08,4135.0,BID
1391,1712605796.1317208,2963833.68326699,4120.0,2.800357268237782e-09,4135.0,BID
1392,1712605796.134208,2963867.8741896,4120.0,2.803602617628915e-09,4135.0,BID
1393,1712605796.581438,2963928.2131896,4120.0,4.947704403158802e-09,4135.0,BID
1394,1712605799.973418,2963980.48946646,4120.0,4.286573612421857e-09,4135.0,BID
1395,1712605800.0311077,2964423.16727278,4120.0,3.6298893443796966e-08,4135.0,BID
1396,1712605800.2866051,2964423.16727278,4120.0,0.0,4135.0,BID
1397,1712605806.641738,2964450.29854418,4120.0,2.2251704217434662e-09,4135.0,BID
1398,1712605806.645083,2965206.34910061,4120.0,6.200746403312789e-08,4135.0,BID
1399,1712605806.7215383,2965216.17222661,4120.0,-8.05643388500554e-10,4135.0,ASK
1400,1712605821.5580964,2965217.62959848,4110.0,-1.195263108357811e-10,4135.0,ASK
1401,1712605830.2617657,2965217.62959848,4110.0,-0.0,4135.0,ASK
1402,1712605831.4419477,2965221.60065594,4110.0,-3.255987535088766e-10,4135.0,ASK
1403,1712605831.445131,2965309.85502013,4110.0,-7.236236509687157e-09,4135.0,ASK
1404,1712605857.6819625,2965311.31345474,4114.0,1.1958136994002723e-10,4135.0,BID
1405,1712605860.3818526,2965311.31345474,4114.0,0.0,4135.0,BID
1406,1712605882.6717634,2965419.16667445,4114.0,8.842925495876312e-09,4135.0,BID
1407,1712605887.221808,2965420.62510906,4110.0,-1.1957759474374359e-10,4135.0,ASK
1408,1712605890.4018636,2965420.62510906,4110.0,-0.0,4135.0,ASK
1409,1712605897.941816,2965424.27510906,4110.0,-2.992538202203865e-10,4135.0,ASK
1410,1712605909.6523414,2965505.47510906,4114.0,6.657372658200489e-09,4135.0,BID
1411,1712605917.7318084,2965506.93354367,4114.0,1.1957318592978736e-10,4135.0,BID
1412,1712605920.262349,2965506.93354367,4114.0,0.0,4135.0,BID
1413,1712605925.8617966,2965776.9764563,4114.0,2.2139457768793537e-08,4135.0,BID
1414,1712605925.901619,2966044.70731093,4114.0,2.1949903782913493e-08,4135.0,BID
1415,1712605933.301823,2966045.94909193,4113.0,1.0180736735842507e-10,4135.0,BID
1416,1712605933.4420934,2966287.15031093,4113.0,-1.9774872629777207e-08,4135.0,ASK
1417,1712605936.6922345,2966369.83696954,4114.0,6.779062514595346e-09,4135.0,BID
1418,1712605950.2520409,2966369.83696954,4114.0,0.0,4135.0,BID
1419,1712605973.3445911,2966944.20905595,4110.0,-4.7076172968691766e-08,4135.0,ASK
1420,1712605980.3822489,2966944.20905595,4110.0,-0.0,4135.0,ASK
1421,1712605983.642432,2966947.62991663,4113.0,2.8032329601526635e-10,4135.0,BID
1422,1712605989.5423102,2966949.08835124,4110.0,-1.1951179396719404e-10,4135.0,ASK
1423,1712605999.6520634,2967533.69546979,4110.0,-4.79057785926238e-08,4135.0,ASK
1424,1712606003.1818397,2967831.43584204,4110.0,-2.439841031436512e-08,4135.0,ASK
1425,1712606003.2619922,2968013.86099602,4110.0,-1.4948875507991152e-08,4135.0,ASK
1426,1712606003.3017666,2968574.47561498,4110.0,-4.59397071289184e-08,4135.0,ASK
1427,1712606003.3218496,2968836.08395247,4110.0,-2.1437561562501983e-08,4135.0,ASK
1428,1712606003.3918278,2969019.49482067,4110.0,-1.5029650109735458e-08,4135.0,ASK
1429,1712606003.4317474,2969284.46085446,4110.0,-2.1712708837309727e-08,4135.0,ASK
1430,1712606003.4718027,2969556.91606158,4110.0,-2.23264110452063e-08,4135.0,ASK
1431,1712606003.532452,2970264.50828714,4110.0,-5.79838243769633e-08,4135.0,ASK
1432,1712606004.3945372,2970273.80828714,4110.0,-7.62090858570693e-10,4135.0,ASK
1433,1712606004.4118557,2970336.10828714,4110.0,-5.1051892999745344e-09,4135.0,ASK
1434,1712606004.4170704,2971205.00828714,4110.0,-7.12022308629701e-08,4135.0,ASK
1435,1712606004.4315882,2972045.39916576,4110.0,-6.886604368118683e-08,4135.0,ASK
1436,1712606004.511762,2972362.36055017,4110.0,-2.5973481030498912e-08,4135.0,ASK
1437,1712606005.832226,2972705.14579737,4110.0,-2.8089624016061943e-08,4135.0,ASK
1438,1712606005.8366034,2973137.50964313,4110.0,-3.5430164993200724e-08,4135.0,ASK
1439,1712606007.0820413,2973832.56098957,4110.0,-5.6956158856955344e-08,4135.0,ASK
1440,1712606008.0821323,2974032.56098957,4110.0,-1.6389050722278644e-08,4135.0,ASK
1441,1712606009.852009,2974636.66098957,4110.0,-4.9503127706650273e-08,4135.0,ASK
1442,1712606010.1720958,2975135.06098957,4110.0,-4.084151439991075e-08,4135.0,ASK
1443,1712606010.3760157,2975135.06098957,4110.0,-0.0,4135.0,ASK
1444,1712606011.5783644,2976733.26098957,4110.0,-1.3060461337367882e-07,4135.0,ASK
1445,1712606011.5917969,2979923.36098957,4110.0,-2.606943918929649e-07,4135.0,ASK
1446,1712606011.6518855,2979923.44302075,4110.0,-6.7035730868251604e-12,4135.0,ASK
1447,1712606015.821869,2979962.95640766,4109.0,3.2290267929581715e-09,4135.0,BID
1448,1712606024.2833006,2979964.41626167,4110.0,1.1929900423073206e-10,4135.0,BID
1449,1712606028.2721667,2982804.95640766,4110.0,2.32128424189332e-07,4135.0,BID
1450,1712606040.2618563,2982804.95640766,4110.0,0.0,4135.0,BID
1451,1712606053.0841348,2982806.41626167,4101.0,-1.1899247097750806e-10,4135.0,ASK
1452,1712606054.9937422,2982879.4089624,4110.0,5.949623567511788e-09,4135.0,BID
