,time,acc_trade_volume,trade_price,dev,high,ask_bid
0,1712601588.4745438,39440365.47441989,155.6,0.0,156.7,BID
1,1712601600.1896012,39440365.47441989,155.6,0.0,156.7,BID
2,1712601630.176227,39440365.47441989,155.6,0.0,156.7,BID
3,1712601635.366259,39440404.0348312,155.4,-6.0028386692437985e-09,156.7,ASK
4,1712601660.2861516,39440404.0348312,155.4,-0.0,156.7,ASK
5,1712601676.506215,39440442.59524251,155.6,6.0028330683943625e-09,156.7,BID
6,1712601690.2659128,39440442.59524251,155.6,0.0,156.7,BID
7,1712601701.0062263,39440481.15565382,155.4,-6.0028274626683005e-09,156.7,ASK
8,1712601720.1759553,39440481.15565382,155.4,-0.0,156.7,ASK
9,1712601746.2456627,39440519.71606513,155.6,6.002821862999629e-09,156.7,BID
10,1712601750.1669483,39440519.71606513,155.6,0.0,156.7,BID
11,1712601771.0158596,39440558.27647644,155.4,-6.002816256134645e-09,156.7,ASK
12,1712601780.2657564,39440558.27647644,155.4,-0.0,156.7,ASK
13,1712601810.2854407,39440558.27647644,155.4,-0.0,156.7,ASK
14,1712601812.2558212,39440596.83688775,155.6,6.002810655327028e-09,156.7,BID
15,1712601840.1759362,39440596.83688775,155.6,0.0,156.7,BID
16,1712601840.4565432,39440635.39729906,155.4,-6.0028050496428325e-09,156.7,ASK
17,1712601870.185228,39440635.39729906,155.4,-0.0,156.7,ASK
18,1712601879.9654536,39440673.95771037,155.6,6.002799450015977e-09,156.7,BID
19,1712601900.1889334,39440673.95771037,155.6,0.0,156.7,BID
20,1712601930.1685157,39440673.95771037,155.6,0.0,156.7,BID
21,1712601953.6151211,39443855.64845012,155.6,4.956318393394796e-07,156.7,BID
22,1712601956.2448027,39449669.42105012,155.6,-9.056476706666624e-07,156.7,ASK
23,1712601960.2653725,39449669.42105012,155.6,-0.0,156.7,ASK
24,1712601968.6448815,39449707.98146143,155.6,-6.005486687101293e-09,156.7,ASK
25,1712601972.5849414,39450886.98146143,155.6,-1.8362015764978712e-07,156.7,ASK
26,1712601972.654123,39452385.98146143,155.6,-2.3345768983632813e-07,156.7,ASK
27,1712601972.7249465,39453527.42814738,155.6,-1.7777151859531046e-07,156.7,ASK
28,1712601978.485149,39453565.98855869,155.6,6.0054866859409235e-09,156.7,BID
29,1712601981.275005,39456474.01605911,155.6,4.529028567236517e-07,156.7,BID
30,1712601990.284814,39456474.01605911,155.6,0.0,156.7,BID
31,1712602000.6451244,39456506.22326631,155.4,-5.0151971407805134e-09,156.7,ASK
32,1712602000.6467168,39456512.57647042,155.3,-9.892994099234243e-10,156.7,ASK
33,1712602020.1747794,39456512.57647042,155.3,-0.0,156.7,ASK
34,1712602042.0550842,39456551.16167942,155.5,6.0083523564389606e-09,156.7,BID
35,1712602050.1690433,39456551.16167942,155.5,0.0,156.7,BID
36,1712602080.2684853,39456551.16167942,155.5,0.0,156.7,BID
37,1712602090.5268135,39461742.83606686,155.3,-8.084284290911101e-07,156.7,ASK
38,1712602090.6271725,39473551.65872029,155.3,-1.83882640448862e-06,156.7,ASK
39,1712602090.6346374,39480284.53030767,155.3,-1.048417985116024e-06,156.7,ASK
40,1712602097.9346416,39483003.19010148,155.2,-4.233396978168213e-07,156.7,ASK
41,1712602097.9443154,39484815.93333601,155.2,-2.8227370518113254e-07,156.7,ASK
42,1712602099.5644045,39485330.73385081,155.4,8.016284158300897e-08,156.7,BID
43,1712602106.474454,39485369.31905981,155.1,-6.0083467440080364e-09,156.7,ASK
44,1712602110.264552,39485369.31905981,155.1,-0.0,156.7,ASK
45,1712602136.3447158,39485409.88570501,155.3,6.3124899105525205e-09,156.7,BID
46,1712602140.164611,39485409.88570501,155.3,0.0,156.7,BID
47,1712602146.9283466,39485448.5206052,155.3,6.0118892595497114e-09,156.7,BID
48,1712602170.1774514,39485448.5206052,155.3,0.0,156.7,BID
49,1712602171.994372,39485487.15550539,155.1,-6.011883646576173e-09,156.7,ASK
50,1712602200.1887114,39485487.15550539,155.1,-0.0,156.7,ASK
51,1712602213.264439,39485525.79040558,155.3,6.012557872962851e-09,156.7,BID
52,1712602230.1776445,39485525.79040558,155.3,0.0,156.7,BID
53,1712602239.8739796,39485564.42530577,155.1,-6.012552258740751e-09,156.7,ASK
54,1712602248.043954,39485713.16967151,155.3,2.3148326198181008e-08,156.7,BID
55,1712602260.1942034,39485713.16967151,155.3,0.0,156.7,BID
56,1712602278.1342397,39485751.8045717,155.3,6.012525037142389e-09,156.7,BID
57,1712602290.1870394,39485751.8045717,155.3,0.0,156.7,BID
58,1712602306.0542965,39485790.43947189,155.1,-6.012519422981608e-09,156.7,ASK
59,1712602320.2538316,39485790.43947189,155.1,-0.0,156.7,ASK
60,1712602350.2837987,39485790.43947189,155.1,-0.0,156.7,ASK
61,1712602351.6568897,39485829.0495105,155.4,6.008644759786717e-09,156.7,BID
62,1712602357.034015,39486529.0495105,155.4,1.0893672949980305e-07,156.7,BID
63,1712602371.9537964,39486567.65954911,155.1,-6.008644759786717e-09,156.7,ASK
64,1712602378.6037924,39486606.2944493,155.3,6.012513816061378e-09,156.7,BID
65,1712602380.1657264,39486606.2944493,155.3,0.0,156.7,BID
66,1712602410.1752064,39486606.2944493,155.3,0.0,156.7,BID
67,1712602440.2633605,39486606.2944493,155.3,0.0,156.7,BID
68,1712602470.2736297,39486606.2944493,155.3,0.0,156.7,BID
69,1712602482.8333054,39486644.92934949,155.1,-6.012395202354257e-09,156.7,ASK
70,1712602500.196854,39486644.92934949,155.1,-0.0,156.7,ASK
71,1712602509.1841128,39486921.83832351,155.1,-4.3097225343213066e-08,156.7,ASK
72,1712602509.185278,39495142.48266354,155.1,-1.2794347414720806e-06,156.7,ASK
73,1712602514.8034658,39495400.04866482,155.3,4.008674705174012e-08,156.7,BID
74,1712602524.383634,39495438.68356501,155.3,6.013012057413143e-09,156.7,BID
75,1712602530.167154,39495438.68356501,155.3,0.0,156.7,BID
76,1712602546.864854,39495443.59648442,155.0,-7.64468748639374e-10,156.7,ASK
77,1712602546.8669446,39495444.4152394,155.1,-1.2740135582514883e-10,156.7,ASK
78,1712602546.8689458,39495477.3184652,155.0,-5.119865757609013e-09,156.7,ASK
79,1712602546.8846147,39498581.73269686,155.0,-4.830585371112508e-07,156.7,ASK
80,1712602550.3374667,39501646.1578325,155.3,4.768360832825217e-07,156.7,BID
81,1712602550.3395514,39526832.14817827,155.3,3.919034878804622e-06,156.7,BID
82,1712602550.4344325,39559718.672276,155.3,-5.117266909589241e-06,156.7,ASK
83,1712602550.8546028,39559835.15157654,155.0,-1.812461750451217e-08,156.7,ASK
84,1712602560.2647336,39559835.15157654,155.0,-0.0,156.7,ASK
85,1712602583.7952108,39559899.50164089,155.4,9.997555925798076e-09,156.7,BID
86,1712602587.9654891,39559938.1116795,155.4,5.998533555015831e-09,156.7,BID
87,1712602590.2553923,39559938.1116795,155.4,0.0,156.7,BID
88,1712602616.906308,39559976.72171811,155.1,-5.998518643944343e-09,156.7,ASK
89,1712602620.1965618,39559976.72171811,155.1,-0.0,156.7,ASK
90,1712602650.1774356,39559976.72171811,155.1,-0.0,156.7,ASK
91,1712602659.56721,39560015.30692711,155.5,5.994655497758088e-09,156.7,BID
92,1712602680.2809987,39560015.30692711,155.5,0.0,156.7,BID
93,1712602686.947919,39560053.89213611,155.3,-5.994649910889227e-09,156.7,ASK
94,1712602710.2713678,39560053.89213611,155.3,-0.0,156.7,ASK
95,1712602717.0586293,39565792.89213611,155.1,-8.916179203832273e-07,156.7,ASK
96,1712602717.07833,39568652.41283557,155.1,-4.442585640951469e-07,156.7,ASK
97,1712602726.9985805,39568691.04773576,155.3,6.002364412191049e-09,156.7,BID
98,1712602740.1625192,39568691.04773576,155.3,0.0,156.7,BID
99,1712602749.4489698,39568729.68263595,155.0,-6.0011154203827715e-09,156.7,ASK
100,1712602770.1832836,39568729.68263595,155.0,-0.0,156.7,ASK
101,1712602791.609778,39568768.29267456,155.4,5.997248120505001e-09,156.7,BID
102,1712602800.2109346,39568768.29267456,155.4,0.0,156.7,BID
103,1712602805.1803331,39570103.24765076,155.0,-2.073893446795277e-07,156.7,ASK
104,1712602813.9705417,39570167.59771511,155.4,9.996979609047761e-09,156.7,BID
105,1712602830.1806605,39570167.59771511,155.4,0.0,156.7,BID
106,1712602860.2708464,39570167.59771511,155.4,0.0,156.7,BID
107,1712602890.271451,39570167.59771511,155.4,0.0,156.7,BID
108,1712602894.511853,39570206.20775372,155.1,-5.997985639573017e-09,156.7,ASK
109,1712602920.1820898,39570206.20775372,155.1,-0.0,156.7,ASK
110,1712602931.4319737,39570244.84265391,155.3,6.00184224884141e-09,156.7,BID
111,1712602950.1979723,39570244.84265391,155.3,0.0,156.7,BID
112,1712602963.8823557,39570283.4775541,155.1,-6.001836654612882e-09,156.7,ASK
113,1712602980.2765553,39570283.4775541,155.1,-0.0,156.7,ASK
114,1712603002.8431575,39570322.11245429,155.3,6.001831067599179e-09,156.7,BID
115,1712603010.2776315,39570322.11245429,155.3,0.0,156.7,BID
116,1712603031.2433236,39570360.74735448,155.0,-6.001825473391494e-09,156.7,ASK
117,1712603040.176593,39570360.74735448,155.0,-0.0,156.7,ASK
118,1712603067.193655,39570399.38225467,155.3,6.001819890000791e-09,156.7,BID
119,1712603070.2241943,39570399.38225467,155.3,0.0,156.7,BID
120,1712603100.2647882,39570399.38225467,155.3,0.0,156.7,BID
121,1712603104.6744058,39570438.01715486,155.1,-6.0020328070354965e-09,156.7,ASK
122,1712603130.274849,39570438.01715486,155.1,-0.0,156.7,ASK
123,1712603160.1891966,39570438.01715486,155.1,-0.0,156.7,ASK
124,1712603174.2048984,39570476.65205505,155.3,6.002027219656596e-09,156.7,BID
125,1712603184.2049246,39601045.12184462,155.1,-4.7488873230751575e-06,156.7,ASK
126,1712603190.169055,39601045.12184462,155.1,-0.0,156.7,ASK
127,1712603205.1850514,39601083.75674481,155.1,-5.997604079379192e-09,156.7,ASK
128,1712603220.2759786,39601083.75674481,155.1,-0.0,156.7,ASK
129,1712603245.455386,39601122.391645,155.3,5.9975985002427796e-09,156.7,BID
130,1712603250.2978778,39601122.391645,155.3,0.0,156.7,BID
131,1712603274.4964068,39601161.02654519,155.1,-5.997592913922522e-09,156.7,ASK
132,1712603280.1785803,39601161.02654519,155.1,-0.0,156.7,ASK
133,1712603310.1891298,39601161.02654519,155.1,-0.0,156.7,ASK
134,1712603313.5360153,39601199.66144538,155.3,5.997587334806881e-09,156.7,BID
135,1712603340.2761445,39601199.66144538,155.3,0.0,156.7,BID
136,1712603370.2786555,39601199.66144538,155.3,0.0,156.7,BID
137,1712603372.7460413,39601238.29634557,155.1,-5.997581748507424e-09,156.7,ASK
138,1712603400.216745,39601238.29634557,155.1,-0.0,156.7,ASK
139,1712603416.6671934,39601276.93124576,155.3,5.999381361005304e-09,156.7,BID
140,1712603430.193297,39601276.93124576,155.3,0.0,156.7,BID
141,1712603439.3892057,39601315.56614595,155.1,-5.9993757713633475e-09,156.7,ASK
142,1712603460.262003,39601315.56614595,155.1,-0.0,156.7,ASK
143,1712603478.506866,39601354.20104614,155.3,5.999370188930295e-09,156.7,BID
144,1712603489.9270697,39608398.5817274,155.3,1.093877485146056e-06,156.7,BID
145,1712603490.2785704,39608398.5817274,155.3,0.0,156.7,BID
146,1712603503.993985,39608437.21662759,155.1,-5.998345606264938e-09,156.7,ASK
147,1712603520.1886792,39608437.21662759,155.1,-0.0,156.7,ASK
148,1712603536.797222,39610015.93908923,155.3,2.4510776745000415e-07,156.7,BID
149,1712603536.7985845,39610448.51612407,155.3,6.716062755527487e-08,156.7,BID
150,1712603541.6273837,39610487.15102426,155.3,5.998340025748863e-09,156.7,BID
151,1712603550.2020202,39610487.15102426,155.3,0.0,156.7,BID
152,1712603571.4004931,39610525.78592445,155.1,-5.998043561505702e-09,156.7,ASK
153,1712603580.2075386,39610525.78592445,155.1,-0.0,156.7,ASK
154,1712603609.547555,39610564.42082464,155.3,5.998037981551622e-09,156.7,BID
155,1712603610.1725118,39610564.42082464,155.3,0.0,156.7,BID
156,1712603636.6279442,39610603.05572483,155.1,-5.998032394412646e-09,156.7,ASK
157,1712603640.279952,39610603.05572483,155.1,-0.0,156.7,ASK
158,1712603670.2780786,39610603.05572483,155.1,-0.0,156.7,ASK
159,1712603673.5078416,39610641.69062502,155.3,5.998026814479344e-09,156.7,BID
160,1712603700.2314024,39610641.69062502,155.3,0.0,156.7,BID
161,1712603702.188004,39610680.32552521,155.2,-5.998111738839648e-09,156.7,ASK
162,1712603730.182768,39610680.32552521,155.2,-0.0,156.7,ASK
163,1712603744.8080418,39610718.9604254,155.3,5.998106155160989e-09,156.7,BID
164,1712603760.2815864,39610718.9604254,155.3,0.0,156.7,BID
165,1712603767.2184308,39610757.59532559,155.2,-5.998100567895005e-09,156.7,ASK
166,1712603788.3582768,39613773.51753754,155.3,4.682244458587118e-07,156.7,BID
167,1712603790.29123,39613773.51753754,155.3,0.0,156.7,BID
168,1712603806.898807,39613796.24773716,155.2,-3.5286226325667262e-09,156.7,ASK
169,1712603806.901606,39613798.97649985,155.0,-4.236114919592772e-10,156.7,ASK
170,1712603806.9040978,39613837.66121938,155.1,-6.0053927884032415e-09,156.7,ASK
171,1712603810.8084977,39613876.29611957,155.3,5.997658863340836e-09,156.7,BID
172,1712603820.1891348,39613876.29611957,155.3,0.0,156.7,BID
173,1712603827.4285734,39616157.5723591,155.3,3.5414308593402057e-07,156.7,BID
174,1712603839.9787807,39616196.20725929,155.0,-5.997644012125532e-09,156.7,ASK
175,1712603849.8485131,39616234.84215948,155.3,5.997644012125532e-09,156.7,BID
176,1712603850.189275,39616234.84215948,155.3,0.0,156.7,BID
177,1712603874.558509,39616273.47705967,155.1,-5.997303008533997e-09,156.7,ASK
178,1712603880.2984064,39616273.47705967,155.1,-0.0,156.7,ASK
179,1712603910.281235,39616273.47705967,155.1,-0.0,156.7,ASK
180,1712603940.1699307,39616273.47705967,155.1,-0.0,156.7,ASK
181,1712603953.7888258,39616312.13685348,155.2,6.001161667660851e-09,156.7,BID
182,1712603970.1801631,39616312.13685348,155.2,0.0,156.7,BID
183,1712603980.539013,39616350.79664729,155.0,-6.0011560783023564e-09,156.7,ASK
184,1712603984.498822,39618950.22342277,155.2,4.035087685892178e-07,156.7,BID
185,1712604000.222963,39618950.22342277,155.2,0.0,156.7,BID
186,1712604000.2311292,39620179.10640395,155.2,-1.908100606364145e-07,156.7,ASK
187,1712604000.232268,39620900.0652539,155.2,-1.1194410206921497e-07,156.7,ASK
188,1712604013.6488633,39620919.69807338,155.2,3.048410249845359e-09,156.7,BID
189,1712604021.129006,39620958.33297357,155.3,5.99888497184873e-09,156.7,BID
190,1712604030.1947265,39620958.33297357,155.3,0.0,156.7,BID
191,1712604049.5978217,39620996.96787376,155.2,-5.998594686737958e-09,156.7,ASK
192,1712604060.2887232,39620996.96787376,155.2,-0.0,156.7,ASK
193,1712604061.6589327,39621456.96787376,155.2,-7.14212013860054e-08,156.7,ASK
194,1712604062.6388807,39621959.96787376,155.2,-7.809753108078417e-08,156.7,ASK
195,1712604089.150077,39621998.60277395,155.3,5.998589102160106e-09,156.7,BID
196,1712604090.2805586,39621998.60277395,155.3,0.0,156.7,BID
197,1712604091.4292283,39621998.79510582,155.2,-2.986139538219317e-11,156.7,ASK
198,1712604091.4328191,39624584.60277395,155.2,-4.0147181017804194e-07,156.7,ASK
199,1712604091.5896108,39624926.33701302,155.0,-5.305756698419281e-08,156.7,ASK
200,1712604091.593243,39627170.41044208,155.0,-3.484142431938491e-07,156.7,ASK
201,1712604091.5967076,39627170.60277395,155.2,-2.986139538219317e-11,156.7,ASK
202,1712604120.1991827,39627170.60277395,155.2,-0.0,156.7,ASK
203,1712604146.379563,39627209.23767414,155.0,-5.997697330221362e-09,156.7,ASK
204,1712604150.1852715,39627209.23767414,155.0,-0.0,156.7,ASK
205,1712604180.2794278,39627209.23767414,155.0,-0.0,156.7,ASK
206,1712604190.0236409,39627247.87257433,155.3,5.997691754508689e-09,156.7,BID
207,1712604210.30133,39627247.87257433,155.3,0.0,156.7,BID
208,1712604213.7638752,39627286.50747452,155.0,-5.99768616801471e-09,156.7,ASK
209,1712604219.1395817,39638068.41851513,155.3,1.6737850594961748e-06,156.7,BID
210,1712604238.5497625,39638107.01479973,155.3,5.991691479279545e-09,156.7,BID
211,1712604240.180153,39638107.01479973,155.3,0.0,156.7,BID
212,1712604252.4196556,39638145.64969992,155.3,5.996116390914877e-09,156.7,BID
213,1712604270.1857262,39638145.64969992,155.3,0.0,156.7,BID
214,1712604278.769411,39638181.64969992,155.2,5.5871760507619125e-09,156.7,BID
215,1712604280.5094802,39638220.28460011,155.0,-5.996110807355227e-09,156.7,ASK
216,1712604286.0096908,39638259.28460011,155.2,6.052774054992072e-09,156.7,BID
217,1712604300.296333,39638259.28460011,155.2,0.0,156.7,BID
218,1712604322.150062,39638297.94439392,155.2,6.000013816911844e-09,156.7,BID
219,1712604330.274315,39638297.94439392,155.2,0.0,156.7,BID
220,1712604360.2260847,39638297.94439392,155.2,0.0,156.7,BID
221,1712604381.2497663,39644768.60772181,155.1,1.004248326069387e-06,156.7,BID
222,1712604382.160139,39644807.26751562,155.0,-6.000008229691315e-09,156.7,ASK
223,1712604390.1947594,39644807.26751562,155.0,-0.0,156.7,ASK
224,1712604391.1100843,39644845.90241581,155.3,5.995205352472347e-09,156.7,BID
225,1712604419.8100035,39644884.537316,155.0,-5.995205352472347e-09,156.7,ASK
226,1712604420.2066016,39644884.537316,155.0,-0.0,156.7,ASK
227,1712604450.1860013,39644884.537316,155.0,-0.0,156.7,ASK
228,1712604461.5801945,39644923.17221619,155.3,5.9951941995393125e-09,156.7,BID
229,1712604480.2840135,39644923.17221619,155.3,0.0,156.7,BID
230,1712604485.4703517,39644961.80711638,155.0,-5.995188617697011e-09,156.7,ASK
231,1712604510.2833602,39644961.80711638,155.0,-0.0,156.7,ASK
232,1712604527.0399528,39645000.46691019,155.2,5.999045921990659e-09,156.7,BID
233,1712604540.190519,39645000.46691019,155.2,0.0,156.7,BID
234,1712604570.1953995,39645000.46691019,155.2,0.0,156.7,BID
235,1712604588.437856,39645039.126704,155.0,-5.999040336572593e-09,156.7,ASK
236,1712604600.28026,39645039.126704,155.0,-0.0,156.7,ASK
237,1712604629.3603225,39645132.18530026,155.3,1.4440818864308426e-08,156.7,BID
238,1712604630.1958325,39645132.18530026,155.3,0.0,156.7,BID
239,1712604660.292348,39645132.18530026,155.3,0.0,156.7,BID
240,1712604663.3106225,39645170.82020045,155.3,5.995344510666731e-09,156.7,BID
241,1712604669.940309,39650170.82020045,155.3,7.758975021538212e-07,156.7,BID
242,1712604690.294178,39650170.82020045,155.3,0.0,156.7,BID
243,1712604692.3600657,39650209.45510064,155.1,-5.9946165966078955e-09,156.7,ASK
244,1712604720.1924512,39650209.45510064,155.1,-0.0,156.7,ASK
245,1712604734.1403842,39650248.09000083,155.3,5.994611023028174e-09,156.7,BID
246,1712604750.2046485,39650248.09000083,155.3,0.0,156.7,BID
247,1712604759.710596,39650286.72490102,155.1,-5.9946054422717575e-09,156.7,ASK
248,1712604780.2104113,39650286.72490102,155.1,-0.0,156.7,ASK
249,1712604799.9006135,39650325.35980121,155.3,5.9945998687127775e-09,156.7,BID
250,1712604810.203042,39650325.35980121,155.3,0.0,156.7,BID
251,1712604828.3002594,39650363.9947014,155.1,-5.994594287977127e-09,156.7,ASK
252,1712604840.2859125,39650363.9947014,155.1,-0.0,156.7,ASK
253,1712604868.8110018,39650402.62960159,155.3,5.994588714438888e-09,156.7,BID
254,1712604870.2804115,39650402.62960159,155.3,0.0,156.7,BID
255,1712604891.646319,39650403.21949564,155.0,-9.152783878445348e-11,156.7,ASK
256,1712604891.6480112,39650441.26450178,155.1,-5.903055294939555e-09,156.7,ASK
257,1712604900.196859,39650441.26450178,155.1,-0.0,156.7,ASK
258,1712604930.1973124,39650441.26450178,155.1,-0.0,156.7,ASK
259,1712604931.1807065,39650479.89940197,155.3,5.9964383708094814e-09,156.7,BID
260,1712604958.3409925,39653376.06883174,155.3,4.4950812378626577e-07,156.7,BID
261,1712604960.2841206,39653376.06883174,155.3,0.0,156.7,BID
262,1712604960.590755,39653414.70373193,155.0,-5.996014213612427e-09,156.7,ASK
263,1712604969.1814132,39653453.33863212,155.3,5.996014213612427e-09,156.7,BID
264,1712604971.8708303,39653517.73013244,155.3,9.99335702268738e-09,156.7,BID
265,1712604990.2882247,39653517.73013244,155.3,0.0,156.7,BID
266,1712604992.690669,39653556.36503263,155.0,-5.995993752094537e-09,156.7,ASK
267,1712605020.267974,39653556.36503263,155.0,-0.0,156.7,ASK
268,1712605050.203355,39653556.36503263,155.0,-0.0,156.7,ASK
269,1712605068.761201,39653594.99993282,155.3,5.99598817954885e-09,156.7,BID
270,1712605080.2840495,39653594.99993282,155.3,0.0,156.7,BID
271,1712605103.770836,39653630.99993282,155.0,-5.5870565836335315e-09,156.7,ASK
272,1712605103.7732856,39653633.63483301,155.0,-4.0892601259444637e-10,156.7,ASK
273,1712605110.29206,39653633.63483301,155.0,-0.0,156.7,ASK
274,1712605140.1923077,39653633.63483301,155.0,-0.0,156.7,ASK
275,1712605145.7808905,39653672.2697332,155.3,5.995977023703027e-09,156.7,BID
276,1712605170.1924305,39653672.2697332,155.3,0.0,156.7,BID
277,1712605175.5209198,39653710.90463339,155.1,-5.995971440402931e-09,156.7,ASK
278,1712605186.2811866,39653749.53953358,155.3,5.995971440402931e-09,156.7,BID
279,1712605200.228397,39653749.53953358,155.3,0.0,156.7,BID
280,1712605211.3808532,39653788.17443377,155.1,-5.996330952235953e-09,156.7,ASK
281,1712605219.4309762,39653826.80933396,155.3,5.996330952235953e-09,156.7,BID
282,1712605230.1938984,39653826.80933396,155.3,0.0,156.7,BID
283,1712605245.4211185,39654076.80933396,155.1,-3.880118598753991e-08,156.7,ASK
284,1712605254.0910962,39654115.44423415,155.1,-5.996319791519015e-09,156.7,ASK
285,1712605260.2810743,39654115.44423415,155.1,-0.0,156.7,ASK
286,1712605290.2732818,39654115.44423415,155.1,-0.0,156.7,ASK
287,1712605294.6911428,39654154.07913434,155.3,5.996278128820046e-09,156.7,BID
288,1712605320.1833203,39654154.07913434,155.3,0.0,156.7,BID
289,1712605326.4310515,39654192.71403453,155.1,-5.9962725449591725e-09,156.7,ASK
290,1712605350.201165,39654192.71403453,155.1,-0.0,156.7,ASK
291,1712605368.021284,39654231.34893472,155.3,5.996266968299744e-09,156.7,BID
292,1712605380.2809632,39654231.34893472,155.3,0.0,156.7,BID
293,1712605397.6914904,39654269.98383491,155.1,-5.996261384459657e-09,156.7,ASK
294,1712605410.2833047,39654269.98383491,155.1,-0.0,156.7,ASK
295,1712605436.1047578,39654308.6187351,155.3,5.996255807820987e-09,156.7,BID
296,1712605440.1824615,39654308.6187351,155.3,0.0,156.7,BID
297,1712605454.5913887,39658738.84389247,155.3,6.875839839543164e-07,156.7,BID
298,1712605454.5954616,39659183.11281692,155.3,6.895184469658339e-08,156.7,BID
299,1712605454.771196,39661631.11281692,155.3,-3.799368052251305e-07,156.7,ASK
300,1712605454.8111577,39664608.81255351,155.3,-4.621477634145606e-07,156.7,ASK
301,1712605467.211203,39664647.4474537,155.1,-5.996250224001686e-09,156.7,ASK
302,1712605470.2117128,39664647.4474537,155.1,-0.0,156.7,ASK
303,1712605500.2111056,39664647.4474537,155.1,-0.0,156.7,ASK
304,1712605509.781315,39664686.05749231,155.4,5.991124917257605e-09,156.7,BID
305,1712605530.2024808,39664686.05749231,155.4,0.0,156.7,BID
306,1712605543.1913822,39664719.05749231,155.4,5.120609699614783e-09,156.7,BID
307,1712605547.9617505,39664757.66753092,155.1,-5.991119339400812e-09,156.7,ASK
308,1712605560.2913826,39664757.66753092,155.1,-0.0,156.7,ASK
309,1712605589.111476,39664796.27756953,155.4,5.991109006101433e-09,156.7,BID
310,1712605590.284437,39664796.27756953,155.4,0.0,156.7,BID
311,1712605616.3714345,39664834.88760814,155.1,-5.9911034271181655e-09,156.7,ASK
312,1712605620.1967103,39664834.88760814,155.1,-0.0,156.7,ASK
313,1712605641.1215503,39667408.89018214,155.4,3.994065240215803e-07,156.7,BID
314,1712605650.195239,39667408.89018214,155.4,0.0,156.7,BID
315,1712605655.131528,39667447.47539114,155.5,5.9868734725887486e-09,156.7,BID
316,1712605680.2828496,39667447.47539114,155.5,0.0,156.7,BID
317,1712605687.071562,39667486.06060014,155.1,-5.986867897905215e-09,156.7,ASK
318,1712605710.2936945,39667486.06060014,155.1,-0.0,156.7,ASK
319,1712605740.1936262,39667486.06060014,155.1,-0.0,156.7,ASK
320,1712605761.73388,39667524.67063875,155.4,5.99071488916957e-09,156.7,BID
321,1712605770.1917102,39667524.67063875,155.4,0.0,156.7,BID
322,1712605786.711657,39667563.28067736,155.2,-5.990709313232268e-09,156.7,ASK
323,1712605800.219566,39667563.28067736,155.2,-0.0,156.7,ASK
324,1712605818.1417544,39673920.57725848,155.2,-9.94822834649091e-07,156.7,ASK
325,1712605822.0917702,39675294.46725718,155.2,2.149934528866812e-07,156.7,BID
326,1712605822.2117064,39676929.4167525,155.2,2.558454007440632e-07,156.7,BID
327,1712605822.3117566,39677797.78986027,155.2,1.358875404946572e-07,156.7,BID
328,1712605822.3915875,39678208.01751063,155.2,6.419455640844039e-08,156.7,BID
329,1712605830.194209,39678208.01751063,155.2,0.0,156.7,BID
330,1712605831.5718138,39678247.01751063,155.2,6.1013455063948444e-09,156.7,BID
331,1712605846.1218982,39678283.01751063,155.2,5.632011236672163e-09,156.7,BID
332,1712605858.622085,39678321.67730444,155.2,6.0481220316676095e-09,156.7,BID
333,1712605860.281884,39678321.67730444,155.2,0.0,156.7,BID
334,1712605879.5019922,39680575.2685425,155.2,3.5256155969694053e-07,156.7,BID
335,1712605883.7519436,39680613.92833631,155.1,-6.048105340798962e-09,156.7,ASK
336,1712605890.2921329,39680613.92833631,155.1,-0.0,156.7,ASK
337,1712605900.8120391,39689213.30488151,155.6,1.3452487869857829e-06,156.7,BID
338,1712605900.9317782,39692883.76626358,155.6,-5.741908958108023e-07,156.7,ASK
339,1712605900.951923,39711204.32197384,155.6,-2.865987460436053e-06,156.7,ASK
340,1712605920.2022116,39711204.32197384,155.6,-0.0,156.7,ASK
341,1712605921.7324884,39711846.9954957,155.6,1.004622243436891e-07,156.7,BID
342,1712605921.7365298,39712489.66901756,155.6,1.004622243436891e-07,156.7,BID
343,1712605921.7398367,39715791.64036952,155.7,5.161615897541878e-07,156.7,BID
344,1712605921.7431426,39724391.01691472,155.6,1.3442478432864909e-06,156.7,BID
345,1712605921.7464156,39775430.3977606,155.7,7.978436258040713e-06,156.7,BID
346,1712605923.7518127,39775468.93340607,155.7,6.0238620835433085e-09,156.7,BID
347,1712605932.3821378,39775504.93340607,155.7,5.6274919587438485e-09,156.7,BID
348,1712605950.205865,39775504.93340607,155.7,0.0,156.7,BID
349,1712605963.0123696,39775945.10103612,155.7,6.869915707160553e-08,156.7,BID
350,1712605980.2817574,39775945.10103612,155.7,0.0,156.7,BID
351,1712606001.0119667,39776266.23141505,155.7,5.011988356385121e-08,156.7,BID
352,1712606010.2819862,39776266.23141505,155.7,0.0,156.7,BID
353,1712606021.1819842,39776268.76706052,155.2,-3.957435120544459e-10,156.7,ASK
354,1712606021.185185,39776304.76706052,155.6,-5.618595581435898e-09,156.7,ASK
355,1712606040.2024248,39776304.76706052,155.6,-0.0,156.7,ASK
356,1712606056.7547824,39776343.32747183,155.6,6.018198719328926e-09,156.7,BID
357,1712606070.1765327,39776343.32747183,155.6,0.0,156.7,BID
358,1712606082.3233497,39776381.88788314,155.2,-6.018193083702021e-09,156.7,ASK
359,1712606100.2122302,39776381.88788314,155.2,-0.0,156.7,ASK
360,1712606121.352255,39776420.44829445,155.6,6.0245925261052834e-09,156.7,BID
361,1712606130.192033,39776420.44829445,155.6,0.0,156.7,BID
362,1712606142.0522358,39782816.35491418,155.6,9.992812261737309e-07,156.7,BID
363,1712606142.1125062,39782843.97175123,155.6,-4.314788884235151e-09,156.7,ASK
364,1712606142.1160483,39782854.91532549,155.4,-1.709797994262156e-09,156.7,ASK
365,1712606160.287194,39782854.91532549,155.4,-0.0,156.7,ASK
366,1712606190.2943616,39782854.91532549,155.4,-0.0,156.7,ASK
367,1712606218.02225,39782893.45097096,155.7,6.019775877443971e-09,156.7,BID
368,1712606220.1975057,39782893.45097096,155.7,0.0,156.7,BID
369,1712606244.6422887,39782931.98661643,155.4,-6.019770235239119e-09,156.7,ASK
370,1712606250.1947584,39782931.98661643,155.4,-0.0,156.7,ASK
371,1712606280.286071,39782931.98661643,155.4,-0.0,156.7,ASK
372,1712606310.295898,39782931.98661643,155.4,-0.0,156.7,ASK
373,1712606313.5025146,39782970.54702774,155.6,6.023633346488327e-09,156.7,BID
374,1712606339.9820645,39783009.10743905,155.4,-6.023633347652204e-09,156.7,ASK
375,1712606340.194402,39783009.10743905,155.4,-0.0,156.7,ASK
376,1712606370.198055,39783009.10743905,155.4,-0.0,156.7,ASK
377,1712606384.7623742,39783047.64308452,155.7,6.019753326811391e-09,156.7,BID
378,1712606400.252601,39783047.64308452,155.7,0.0,156.7,BID
379,1712606404.9373405,39784398.36724325,155.4,-2.1124291221562577e-07,156.7,ASK
380,1712606408.5203128,39784436.90288872,155.5,-6.026679778072418e-09,156.7,ASK
381,1712606430.1996534,39784436.90288872,155.5,-0.0,156.7,ASK
382,1712606443.8027885,39785346.46037636,155.5,-1.4224302134709378e-07,156.7,ASK
383,1712606449.002442,39785384.97128778,155.8,6.022608212969523e-09,156.7,BID
384,1712606460.2906086,39785384.97128778,155.8,0.0,156.7,BID
385,1712606473.7529943,39785423.4821992,155.5,-6.022469352218073e-09,156.7,ASK
386,1712606490.2829826,39785423.4821992,155.5,-0.0,156.7,ASK
387,1712606520.2090974,39785423.4821992,155.5,-0.0,156.7,ASK
388,1712606545.1727989,39785462.01784467,155.7,6.026331704775569e-09,156.7,BID
389,1712606546.6129005,39788538.70213366,155.4,-4.811420660066378e-07,156.7,ASK
390,1712606546.6185951,39788603.01081533,155.4,-1.0056804355923793e-08,156.7,ASK
391,1712606546.6234791,39795506.10521116,155.3,-1.0795287353112365e-06,156.7,ASK
392,1712606546.6285467,39795570.41389283,155.3,-1.0056804355923793e-08,156.7,ASK
393,1712606546.6306207,39795596.21166308,155.5,-4.034340644871902e-09,156.7,ASK
394,1712606546.6328082,39795762.21166308,155.4,-2.5959629086034973e-08,156.7,ASK
395,1712606550.2178304,39795762.21166308,155.4,-0.0,156.7,ASK
396,1712606569.1926055,39795800.74730855,155.4,-6.024818603485072e-09,156.7,ASK
397,1712606580.2063546,39795800.74730855,155.4,-0.0,156.7,ASK
398,1712606586.9427505,39797236.32809862,155.5,-2.2444429430239466e-07,156.7,ASK
399,1712606610.1879842,39797236.32809862,155.5,-0.0,156.7,ASK
400,1712606610.752802,39797274.86374409,155.7,6.024602697525411e-09,156.7,BID
401,1712606634.5919688,39797313.39938956,155.5,-6.024602697525411e-09,156.7,ASK
402,1712606640.2816412,39797313.39938956,155.5,-0.0,156.7,ASK
403,1712606670.2755697,39797313.39938956,155.5,-0.0,156.7,ASK
404,1712606675.7005792,39797351.93503503,155.7,6.024591402281906e-09,156.7,BID
405,1712606699.099986,39797387.93503503,155.4,-5.628173288309483e-09,156.7,ASK
406,1712606699.1049097,39797390.4706805,155.4,-3.96418113972424e-10,156.7,ASK
407,1712606700.185398,39797390.4706805,155.4,-0.0,156.7,ASK
408,1712606730.1805644,39797390.4706805,155.4,-0.0,156.7,ASK
409,1712606738.1988566,39797429.00632597,155.7,6.026466936326014e-09,156.7,BID
410,1712606760.2808871,39797429.00632597,155.7,0.0,156.7,BID
411,1712606771.6583683,39798199.68840952,155.4,-1.205244048800306e-07,156.7,ASK
412,1712606790.278508,39798199.68840952,155.4,-0.0,156.7,ASK
413,1712606799.6782355,39798238.22405499,155.4,-6.02634841112395e-09,156.7,ASK
414,1712606820.198182,39798238.22405499,155.4,-0.0,156.7,ASK
415,1712606840.7713068,39798276.75970046,155.7,6.026342767486834e-09,156.7,BID
416,1712606850.1827304,39798276.75970046,155.7,0.0,156.7,BID
417,1712606862.8360815,39798315.29534593,155.4,-6.026337112965266e-09,156.7,ASK
418,1712606871.9059114,39798353.8309914,155.7,6.026337112965266e-09,156.7,BID
419,1712606880.2689743,39798353.8309914,155.7,0.0,156.7,BID
420,1712606884.495745,39800586.3689902,155.7,3.491313356938172e-07,156.7,BID
421,1712606884.5008683,39801565.13478073,155.7,1.5306248223472958e-07,156.7,BID
422,1712606901.6362507,39801603.6704262,155.4,-6.026325814848944e-09,156.7,ASK
423,1712606910.2753477,39801603.6704262,155.4,-0.0,156.7,ASK
424,1712606938.764604,39801642.23083751,155.6,6.029721655073972e-09,156.7,BID
425,1712606940.186646,39801642.23083751,155.6,0.0,156.7,BID
426,1712606963.6941206,39801680.79124882,155.4,-6.029715997845552e-09,156.7,ASK
427,1712606970.187899,39801680.79124882,155.4,-0.0,156.7,ASK
428,1712606999.7439098,39801719.35166013,155.6,6.0297103478992305e-09,156.7,BID
429,1712607000.259094,39801719.35166013,155.6,0.0,156.7,BID
430,1712607030.193423,39801719.35166013,155.6,0.0,156.7,BID
431,1712607033.883052,39801755.35166013,155.4,-5.64126662586498e-09,156.7,ASK
432,1712607033.8863711,39801757.91207144,155.3,-4.012211899741922e-10,156.7,ASK
433,1712607060.2770455,39801757.91207144,155.3,-0.0,156.7,ASK
434,1712607069.9824915,39801796.49728044,155.5,6.046367984064172e-09,156.7,BID
435,1712607090.2749906,39801796.49728044,155.5,0.0,156.7,BID
436,1712607097.3219745,39801835.08248944,155.3,-6.046362298045019e-09,156.7,ASK
437,1712607120.1907418,39801835.08248944,155.3,-0.0,156.7,ASK
438,1712607135.4421735,39801873.64290075,155.6,6.0424707882640524e-09,156.7,BID
439,1712607150.1842265,39801873.64290075,155.6,0.0,156.7,BID
440,1712607180.2844715,39801873.64290075,155.6,0.0,156.7,BID
441,1712607196.098379,39801912.20331206,155.3,-6.042465107087271e-09,156.7,ASK
442,1712607210.2821748,39801912.20331206,155.3,-0.0,156.7,ASK
443,1712607234.0300608,39801950.78852106,155.5,6.046345261826349e-09,156.7,BID
444,1712607240.184048,39801950.78852106,155.5,0.0,156.7,BID
445,1712607270.184439,39801950.78852106,155.5,0.0,156.7,BID
446,1712607295.519896,39801989.37373006,155.3,-6.046339578184953e-09,156.7,ASK
447,1712607300.1995022,39801989.37373006,155.3,-0.0,156.7,ASK
448,1712607330.1867545,39801989.37373006,155.3,-0.0,156.7,ASK
449,1712607334.83926,39802027.93414137,155.6,6.043547131702989e-09,156.7,BID
450,1712607359.978641,39802066.49455268,155.3,-6.043547132870713e-09,156.7,ASK
451,1712607360.281117,39802066.49455268,155.3,-0.0,156.7,ASK
452,1712607390.2737465,39802066.49455268,155.3,-0.0,156.7,ASK
453,1712607395.608724,39802105.07976168,155.5,6.0474222945688505e-09,156.7,BID
454,1712607413.6083837,39802748.1665784,155.5,1.0079037159210636e-07,156.7,BID
455,1712607420.192854,39802748.1665784,155.5,0.0,156.7,BID
456,1712607450.1788645,39802748.1665784,155.5,0.0,156.7,BID
457,1712607455.8184645,39802786.7517874,155.3,-6.047321829904209e-09,156.7,ASK
458,1712607480.2775636,39802786.7517874,155.3,-0.0,156.7,ASK
459,1712607489.3343134,39802906.57262279,155.3,-1.877907342521301e-08,156.7,ASK
460,1712607489.3399444,39803176.87524418,155.3,-4.2363523485420935e-08,156.7,ASK
461,1712607496.8175378,39803215.46045318,155.5,6.04731615057281e-09,156.7,BID
462,1712607510.2679083,39803215.46045318,155.5,0.0,156.7,BID
463,1712607520.5399764,39803254.04566218,155.3,-6.047253041463909e-09,156.7,ASK
464,1712607540.1887877,39803254.04566218,155.3,-0.0,156.7,ASK
465,1712607561.9970152,39803292.63087118,155.5,6.0472473622617116e-09,156.7,BID
466,1712607570.191966,39803292.63087118,155.5,0.0,156.7,BID
467,1712607585.1568227,39803331.21608018,155.3,-6.0472416769240445e-09,156.7,ASK
468,1712607587.2469723,39803369.11410348,155.3,-5.939542946231568e-09,156.7,ASK
469,1712607587.2528336,39806337.21608018,155.3,-4.651738434987017e-07,156.7,ASK
470,1712607592.6267705,39806465.99908082,155.5,2.0183431652800892e-08,156.7,BID
471,1712607600.20004,39806465.99908082,155.5,0.0,156.7,BID
472,1712607626.7867064,39806504.58428982,155.5,6.046774613396804e-09,156.7,BID
473,1712607630.170426,39806504.58428982,155.5,0.0,156.7,BID
474,1712607636.656662,39810945.19080096,155.3,-6.958967482604102e-07,156.7,ASK
475,1712607639.2665882,39815940.87312598,155.3,-7.82883841791356e-07,156.7,ASK
476,1712607643.1667292,39816483.87312598,155.3,-8.509466744184292e-08,156.7,ASK
477,1712607644.166828,39816823.20422241,155.2,-5.3177286931217016e-08,156.7,ASK
478,1712607644.1724875,39816993.87312598,155.3,-2.674588138432606e-08,156.7,ASK
479,1712607650.8863552,39817032.45833498,155.2,-6.046768928948104e-09,156.7,ASK
480,1712607660.2034063,39817032.45833498,155.2,-0.0,156.7,ASK
481,1712607688.386114,39817071.06837359,155.4,6.049110155182145e-09,156.7,BID
482,1712607690.1846645,39817071.06837359,155.4,0.0,156.7,BID
483,1712607720.2851846,39817071.06837359,155.4,0.0,156.7,BID
484,1712607746.145754,39817109.6784122,155.2,-6.049104468832078e-09,156.7,ASK
485,1712607750.2692723,39817109.6784122,155.2,-0.0,156.7,ASK
486,1712607752.3457751,39817148.28845081,155.4,6.04909878981102e-09,156.7,BID
487,1712607780.1745305,39817148.28845081,155.4,0.0,156.7,BID
488,1712607786.1454644,39817186.89848942,155.2,-6.0490931046496145e-09,156.7,ASK
489,1712607810.1993794,39817186.89848942,155.2,-0.0,156.7,ASK
490,1712607822.5752337,39817225.53338961,155.3,6.052982522394249e-09,156.7,BID
491,1712607840.256658,39817225.53338961,155.3,0.0,156.7,BID
492,1712607851.8552046,39818022.09785631,155.3,1.2479872443734456e-07,156.7,BID
493,1712607851.8610091,39819232.20423928,155.3,1.8958883974991002e-07,156.7,BID
494,1712607851.9749634,39823925.53338961,155.3,-7.353095898852256e-07,156.7,ASK
495,1712607852.055039,39823989.84207128,155.2,-1.0075319422066661e-08,156.7,ASK
496,1712607852.0576885,39828038.53338961,155.2,-6.343133962048155e-07,156.7,ASK
497,1712607870.275092,39828038.53338961,155.2,-0.0,156.7,ASK
498,1712607880.1952477,39828077.1682898,155.2,-6.051385154157351e-09,156.7,ASK
499,1712607900.207517,39828077.1682898,155.2,-0.0,156.7,ASK
500,1712607930.1871357,39828077.1682898,155.2,-0.0,156.7,ASK
501,1712607960.270595,39828077.1682898,155.2,-0.0,156.7,ASK
502,1712607978.2543988,39828115.80318999,155.3,6.0513794708531844e-09,156.7,BID
503,1712607990.258729,39828115.80318999,155.3,0.0,156.7,BID
504,1712607994.044373,39828778.49371351,155.2,-1.0379703431747693e-07,156.7,ASK
505,1712608020.2011752,39828778.49371351,155.2,-0.0,156.7,ASK
506,1712608050.1803732,39828778.49371351,155.2,-0.0,156.7,ASK
507,1712608068.964293,39829711.42908065,155.2,-1.461230558580467e-07,156.7,ASK
508,1712608068.9700763,39829973.49371351,155.2,-4.104645009196981e-08,156.7,ASK
509,1712608074.3242514,39829973.84338477,155.2,-5.476803087007092e-11,156.7,ASK
510,1712608074.3301227,39830012.1286137,155.1,-5.996508271204031e-09,156.7,ASK
511,1712608080.283544,39830012.1286137,155.1,-0.0,156.7,ASK
512,1712608101.3237035,39830101.97267809,155.1,-1.4071602418922489e-08,156.7,ASK
513,1712608110.2759109,39830101.97267809,155.1,-0.0,156.7,ASK
514,1712608110.2786117,39830140.60757828,155.3,6.051081639765666e-09,156.7,BID
515,1712608140.183997,39830140.60757828,155.3,0.0,156.7,BID
516,1712608141.8035152,39830179.24247847,155.1,-6.0510759533700365e-09,156.7,ASK
517,1712608170.1790562,39830179.24247847,155.1,-0.0,156.7,ASK
518,1712608175.9835408,39830217.87737866,155.3,6.051070274308184e-09,156.7,BID
519,1712608200.347386,39830217.87737866,155.3,0.0,156.7,BID
520,1712608206.563408,39830256.51227885,155.1,-6.051389569578208e-09,156.7,ASK
521,1712608230.2755263,39830256.51227885,155.1,-0.0,156.7,ASK
522,1712608242.8338776,39830295.14717904,155.3,6.0513838899276705e-09,156.7,BID
523,1712608260.188831,39830295.14717904,155.3,0.0,156.7,BID
524,1712608262.503199,39830340.60757828,155.3,7.1204550214466365e-09,156.7,BID
525,1712608262.509105,39833664.51207804,155.3,5.206226272025311e-07,156.7,BID
526,1712608269.0683424,39833703.14697823,155.1,-6.051378202963958e-09,156.7,ASK
527,1712608290.184335,39833703.14697823,155.1,-0.0,156.7,ASK
528,1712608307.372743,39833741.78187842,155.3,6.0508766030260925e-09,156.7,BID
529,1712608320.262516,39833741.78187842,155.3,0.0,156.7,BID
530,1712608332.1627638,39833780.41677861,155.1,-6.050870917015815e-09,156.7,ASK
531,1712608350.2711723,39833780.41677861,155.1,-0.0,156.7,ASK
532,1712608373.93251,39833819.0516788,155.3,6.050865238338819e-09,156.7,BID
533,1712608380.176866,39833819.0516788,155.3,0.0,156.7,BID
534,1712608402.772967,39833883.36036047,155.1,-1.0071795161757344e-08,156.7,ASK
535,1712608402.7780516,39834624.10568606,155.1,-1.1601287714361289e-07,156.7,ASK
536,1712608402.7822568,39839734.60728353,155.1,-8.003884378201407e-07,156.7,ASK
537,1712608410.1824114,39839734.60728353,155.1,-0.0,156.7,ASK
538,1712608417.282616,39840009.4885959,155.1,4.304474027179017e-08,156.7,BID
539,1712608437.7327092,39840048.12349609,155.1,-6.049990193083863e-09,156.7,ASK
540,1712608440.193943,39840048.12349609,155.1,-0.0,156.7,ASK
541,1712608470.195578,39840048.12349609,155.1,-0.0,156.7,ASK
542,1712608473.876527,39840086.7832899,155.2,6.053842284763495e-09,156.7,BID
543,1712608500.2108738,39840086.7832899,155.2,0.0,156.7,BID
544,1712608504.2622254,39840122.7832899,155.2,5.6398186622019725e-09,156.7,BID
545,1712608505.7620184,39840161.44308371,155.1,-6.056506294477664e-09,156.7,ASK
546,1712608530.1854072,39840161.44308371,155.1,-0.0,156.7,ASK
547,1712608541.2321055,39840200.10287752,155.2,6.0564953039737745e-09,156.7,BID
548,1712608550.5418468,39840236.10287752,155.2,5.6398084278447495e-09,156.7,BID
549,1712608560.2745516,39840236.10287752,155.2,0.0,156.7,BID
550,1712608571.9116802,39840274.76267133,155.1,-6.056484309841673e-09,156.7,ASK
551,1712608590.2562103,39840274.76267133,155.1,-0.0,156.7,ASK
552,1712608619.4931426,39840310.76267133,155.1,-5.639792892309043e-09,156.7,ASK
553,1712608619.4979682,39840600.67219674,155.1,-4.5417491133785793e-08,156.7,ASK
554,1712608620.1653438,39840600.67219674,155.1,-0.0,156.7,ASK
555,1712608637.59149,39840663.67219674,155.1,9.869559404650385e-09,156.7,BID
556,1712608641.9119902,39840702.35691627,155.1,6.060335515563492e-09,156.7,BID
557,1712608650.1710892,39840702.35691627,155.1,0.0,156.7,BID
558,1712608680.292157,39840702.35691627,155.1,0.0,156.7,BID
559,1712608681.441884,39840735.35949358,155.1,5.1701601988077746e-09,156.7,BID
560,1712608689.371933,39840813.30275599,155.1,1.2210535839122824e-08,156.7,BID
561,1712608697.3620524,39840892.20668893,155.1,1.2361033799752109e-08,156.7,BID
562,1712608709.4422407,39840930.89140846,155.0,-6.060320541000503e-09,156.7,ASK
563,1712608710.262041,39840930.89140846,155.0,-0.0,156.7,ASK
564,1712608720.1223795,39841011.14285913,155.1,1.2572065161279468e-08,156.7,BID
565,1712608740.1771855,39841011.14285913,155.1,0.0,156.7,BID
566,1712608746.192157,39841049.82757866,155.1,6.060275075422328e-09,156.7,BID
567,1712608770.162831,39841049.82757866,155.1,0.0,156.7,BID
568,1712608774.9726827,39841049.85253654,155.0,-3.90985071305252e-12,156.7,ASK
569,1712608774.9768898,39841088.51229819,155.0,-6.056359529534361e-09,156.7,ASK
570,1712608782.544515,39841122.37432269,155.1,5.304755798029692e-09,156.7,BID
571,1712608789.2826817,39841196.31371662,155.1,1.158319487491087e-08,156.7,BID
572,1712608795.4831097,39841270.11771404,155.1,1.1561983933333572e-08,156.7,BID
573,1712608798.941113,39843205.60158488,155.1,3.032089615772031e-07,156.7,BID
574,1712608798.945639,39843208.70659104,155.1,4.864239413968061e-10,156.7,BID
575,1712608800.218401,39843208.70659104,155.1,0.0,156.7,BID
576,1712608802.232882,39843208.70659116,155.1,1.8698662124948416e-17,156.7,BID
577,1712608811.5428257,39843274.65759039,155.1,-1.0344793229238392e-08,156.7,ASK
578,1712608811.9627025,39846104.87602039,155.1,4.439360251348767e-07,156.7,BID
579,1712608812.7828732,39846104.87602093,155.1,8.531264594507715e-17,156.7,BID
580,1712608812.7872918,39846143.5358142,155.2,6.064010740681698e-09,156.7,BID
581,1712608821.194886,39846216.0229276,155.2,1.137002029684031e-08,156.7,BID
582,1712608827.3430452,39846303.63890698,155.2,1.3743069867823609e-08,156.7,BID
583,1712608830.168723,39846303.63890698,155.2,0.0,156.7,BID
584,1712608834.1433146,39846481.20333996,155.2,2.7849904688437744e-08,156.7,BID
585,1712608840.3035884,39846494.21421375,155.0,-2.0406766660036964e-09,156.7,ASK
586,1712608840.307879,39846519.86313377,155.0,-4.022877588659166e-09,156.7,ASK
587,1712608847.5430148,39846685.2497317,155.2,2.5939885097827484e-08,156.7,BID
588,1712608857.3835168,39846755.39792757,155.2,1.1002319193543825e-08,156.7,BID
589,1712608860.2665076,39846755.39792757,155.2,0.0,156.7,BID
590,1712608863.7433288,39846832.44689664,155.2,1.2084530752852746e-08,156.7,BID
591,1712608870.1234238,39846910.32705127,155.2,1.2214895733134862e-08,156.7,BID
592,1712608876.5645096,39851604.26924627,155.2,7.362082775226028e-07,156.7,BID
593,1712608876.577634,39851604.26924632,155.2,7.011393255299267e-18,156.7,BID
594,1712608876.9538777,39851642.90414651,155.3,6.059583211602791e-09,156.7,BID
595,1712608884.1136308,39851716.64529267,155.3,1.1565724489820764e-08,156.7,BID
596,1712608890.2665348,39851716.64529267,155.3,0.0,156.7,BID
597,1712608890.4566896,39851790.38643883,155.3,1.1564327889001466e-08,156.7,BID
598,1712608895.936515,39851797.44374729,155.3,1.1067502102593526e-09,156.7,BID
599,1712608895.939702,39851864.12758499,155.3,1.0457577677573689e-08,156.7,BID
600,1712608901.913743,39851937.86873115,155.3,1.1564327889001466e-08,156.7,BID
601,1712608905.4613345,39863775.87597615,155.3,1.856475040848586e-06,156.7,BID
602,1712608905.5876162,39872432.23347015,155.3,1.357518313654459e-06,156.7,BID
603,1712608905.594128,39872432.23347098,155.3,1.2969511220295431e-16,156.7,BID
604,1712608909.8935745,39872470.86837117,155.3,-6.058851496189253e-09,156.7,ASK
605,1712608917.366851,39872508.56463886,155.4,5.911652076157281e-09,156.7,BID
606,1712608920.193738,39872508.56463886,155.4,0.0,156.7,BID
607,1712608925.7537827,39872572.78600308,155.4,1.0066307145227924e-08,156.7,BID
608,1712608930.3037071,39872637.13606743,155.4,1.008648010442543e-08,156.7,BID
609,1712608935.3037305,39872696.0935964,155.4,9.241233074577111e-09,156.7,BID
610,1712608950.1826944,39872696.0935964,155.4,0.0,156.7,BID
611,1712608978.9040043,39872734.6788054,155.5,6.047968547846963e-09,156.7,BID
612,1712608980.2778237,39872734.6788054,155.5,0.0,156.7,BID
613,1712608988.2441862,39872770.20935202,155.5,5.56916579835325e-09,156.7,BID
614,1712608994.2838545,39872844.67880539,155.5,1.1672568318708712e-08,156.7,BID
615,1712608999.983941,39872932.12575072,155.5,1.3706699826978933e-08,156.7,BID
616,1712609005.2044964,39872937.5182861,155.4,-8.452423751725101e-10,156.7,ASK
617,1712609005.2116635,39872970.71095972,155.4,-5.202720483644863e-09,156.7,ASK
618,1712609006.1038797,39873064.32510763,155.5,1.4673365891460842e-08,156.7,BID
619,1712609010.2758222,39873064.32510763,155.5,0.0,156.7,BID
620,1712609030.424346,39873158.07430377,155.5,1.4694415706127004e-08,156.7,BID
621,1712609040.1854603,39873158.07430377,155.5,0.0,156.7,BID
622,1712609041.3677847,39873366.56304975,155.5,3.2678822104666724e-08,156.7,BID
623,1712609043.2541685,39873405.14825875,155.5,6.04790045143855e-09,156.7,BID
624,1712609070.1868231,39873405.14825875,155.5,0.0,156.7,BID
625,1712609072.8147793,39873412.57607702,155.4,-1.1642397720591428e-09,156.7,ASK
626,1712609072.8207607,39873443.73346775,155.4,-4.883624257942004e-09,156.7,ASK
627,1712609084.0344474,39873523.77848382,155.5,1.2546293931513793e-08,156.7,BID
628,1712609090.3449695,39873595.06465745,155.5,1.1173428796145321e-08,156.7,BID
629,1712609090.9644966,39879352.0228568,155.5,9.023483692590774e-07,156.7,BID
630,1712609096.9246318,39879432.19005937,155.5,1.2565445501208e-08,156.7,BID
631,1712609100.196267,39879432.19005937,155.5,0.0,156.7,BID
632,1712609102.64443,39879513.65629731,155.5,1.2767770958517632e-08,156.7,BID
633,1712609107.604534,39879552.24150631,155.5,6.047254952724953e-09,156.7,BID
634,1712609130.184301,39879552.24150631,155.5,0.0,156.7,BID
635,1712609142.84505,39879590.82671531,155.4,-6.047237261269687e-09,156.7,ASK
636,1712609153.8873253,39879624.60163492,155.5,5.293348348017222e-09,156.7,BID
637,1712609159.8446398,39879693.88780855,155.5,1.085882237405852e-08,156.7,BID
638,1712609160.2046628,39879693.88780855,155.5,0.0,156.7,BID
639,1712609165.9649372,39879777.46337125,155.5,1.3098270699980384e-08,156.7,BID
640,1712609172.2451105,39879815.52124905,155.5,5.96457109711111e-09,156.7,BID
641,1712609172.2527256,39879860.39584713,155.5,7.032912662395588e-09,156.7,BID
642,1712609190.1918902,39879860.39584713,155.5,0.0,156.7,BID
643,1712609199.5449543,39879932.67880532,155.5,1.1328406066488102e-08,156.7,BID
644,1712609199.6654594,39880640.05545965,155.3,-1.108622306324792e-07,156.7,ASK
645,1712609199.6721213,39880658.39249673,155.4,-2.873836479247074e-09,156.7,ASK
646,1712609199.6783812,39880861.4684298,155.4,-3.1826680722482134e-08,156.7,ASK
647,1712609206.065023,39880876.96682206,155.5,2.4289553900660063e-09,156.7,BID
648,1712609206.0684931,39880895.24334941,155.5,2.864353210039358e-09,156.7,BID
649,1712609208.136309,39880933.82855841,155.5,6.0471918498816605e-09,156.7,BID
650,1712609212.2448542,39881007.47486066,155.5,1.1542073512973116e-08,156.7,BID
651,1712609218.9748738,39881170.61955519,155.5,2.556853500996816e-08,156.7,BID
652,1712609219.357001,39882099.40917967,155.2,-1.455627478353761e-07,156.7,ASK
653,1712609220.2769222,39882099.40917967,155.2,-0.0,156.7,ASK
654,1712609227.0047472,39882133.15194494,155.5,5.2879810970362314e-09,156.7,BID
655,1712609233.5649512,39882166.9051583,155.5,5.2896184645089065e-09,156.7,BID
656,1712609239.824887,39882236.9051583,155.5,1.0970016056145017e-08,156.7,BID
657,1712609239.8648767,39882275.4903673,155.2,-6.0468623175461645e-09,156.7,ASK
658,1712609246.444805,39882309.2219023,155.5,5.286221151097448e-09,156.7,BID
659,1712609250.2779014,39882309.2219023,155.5,0.0,156.7,BID
660,1712609253.5150683,39882389.95502127,155.5,1.2651986924307234e-08,156.7,BID
661,1712609258.775386,39882469.47270615,155.5,1.2461511733925292e-08,156.7,BID
662,1712609264.3606088,39882550.26370293,155.5,1.2661057171857481e-08,156.7,BID
663,1712609270.2748432,39882622.63669328,155.5,1.1341840118080845e-08,156.7,BID
664,1712609276.6950576,39882661.22190228,155.5,6.046831412544228e-09,156.7,BID
665,1712609280.190266,39882661.22190228,155.5,0.0,156.7,BID
666,1712609305.3668675,39882699.80711128,155.3,-6.0467795428161005e-09,156.7,ASK
667,1712609310.1754043,39882699.80711128,155.3,-0.0,156.7,ASK
668,1712609340.0452116,39882738.39232028,155.5,6.046773865670826e-09,156.7,BID
669,1712609340.2678983,39882738.39232028,155.5,0.0,156.7,BID
670,1712609341.105029,39882819.08042317,155.5,1.2644800057522228e-08,156.7,BID
671,1712609347.725397,39882826.26935153,155.5,1.1265918824036483e-09,156.7,BID
672,1712609347.7314734,39882892.89392799,155.5,1.0440875645540128e-08,156.7,BID
673,1712609352.885002,39882972.41161287,155.5,1.2461381422305697e-08,156.7,BID
674,1712609370.2604537,39882972.41161287,155.5,0.0,156.7,BID
675,1712609376.0251095,39883010.99682187,155.3,-6.0467336970307084e-09,156.7,ASK
676,1712609386.7255654,39883052.90757197,155.5,6.5678831714636e-09,156.7,BID
677,1712609386.7328973,39883091.78781865,155.5,6.092969399226914e-09,156.7,BID
678,1712609393.3553743,39883172.73315627,155.5,1.2685039507407492e-08,156.7,BID
679,1712609400.035208,39883181.52493531,155.5,1.3777700823003643e-09,156.7,BID
680,1712609400.1552632,39883267.81354131,155.5,-1.3522389407835176e-08,156.7,ASK
681,1712609400.2222607,39883267.81354131,155.5,-0.0,156.7,ASK
682,1712609409.565375,39883340.14001945,155.6,1.1335689836009482e-08,156.7,BID
683,1712609411.8753598,39883378.70043076,155.6,6.043552428210226e-09,156.7,BID
684,1712609415.26525,39883459.43950531,155.6,1.2654191525795805e-08,156.7,BID
685,1712609430.1845698,39883459.43950531,155.6,0.0,156.7,BID
686,1712609435.7553926,39883459.43950612,155.5,-1.2728148151903739e-16,156.7,ASK
687,1712609435.7620783,39883497.99991662,155.3,-6.043524058317634e-09,156.7,ASK
688,1712609453.74518,39883578.59760299,155.5,1.2631972801314777e-08,156.7,BID
689,1712609459.325249,39883659.24712067,155.5,1.2640096255781329e-08,156.7,BID
690,1712609460.2658374,39883659.24712067,155.5,0.0,156.7,BID
691,1712609464.6452785,39883739.89663835,155.5,1.2640034719465498e-08,156.7,BID
692,1712609470.2652946,39883820.54615603,155.5,1.2640034719465498e-08,156.7,BID
693,1712609474.5656967,39884030.54615603,155.3,-3.291287248232248e-08,156.7,ASK
694,1712609477.075112,39884111.19567371,155.5,1.2640034720633212e-08,156.7,BID
695,1712609477.535586,39884149.78088271,155.5,6.047381254411023e-09,156.7,BID
696,1712609490.2751155,39884149.78088271,155.5,0.0,156.7,BID
697,1712609493.7852588,39884195.78088271,155.3,-7.209400213099785e-09,156.7,ASK
698,1712609501.4154372,39884276.43040039,155.5,1.2639883694177845e-08,156.7,BID
699,1712609502.5461211,39884315.01560939,155.3,-6.047309000437518e-09,156.7,ASK
700,1712609508.1156912,39884395.66512707,155.5,1.2639883694177845e-08,156.7,BID
701,1712609514.305352,39884476.31464475,155.5,1.2639883694177845e-08,156.7,BID
702,1712609520.1915667,39884476.31464475,155.5,0.0,156.7,BID
703,1712609541.3061094,39884514.87505606,155.6,6.0433744782577604e-09,156.7,BID
704,1712609550.1700437,39884514.87505606,155.6,0.0,156.7,BID
705,1712609553.1853082,39884587.86991466,155.6,1.144009712764766e-08,156.7,BID
706,1712609553.1899164,39884595.47274243,155.6,1.191550882214029e-09,156.7,BID
707,1712609559.0054164,39884676.0704288,155.5,1.263164800986169e-08,156.7,BID
708,1712609565.77517,39884756.66811517,155.5,1.2631648008694e-08,156.7,BID
709,1712609568.8553183,39884795.22852648,155.3,-6.0433687953815405e-09,156.7,ASK
710,1712609576.5428717,39884875.87804416,155.5,1.2639771255459156e-08,156.7,BID
711,1712609580.257355,39884875.87804416,155.5,0.0,156.7,BID
712,1712609610.269894,39884875.87804416,155.5,0.0,156.7,BID
713,1712609611.9956012,39884914.43845547,155.6,6.0433156266135804e-09,156.7,BID
714,1712609621.4657462,39884971.62997216,155.6,8.963244290327338e-09,156.7,BID
715,1712609621.4735153,39884995.03614184,155.6,3.6682925879478597e-09,156.7,BID
716,1712609627.205225,39885075.63382821,155.6,1.2631536877107518e-08,156.7,BID
717,1712609640.15793,39885075.63382821,155.6,0.0,156.7,BID
718,1712609648.4056249,39885078.41341525,155.6,4.3562398398201525e-10,156.7,BID
719,1712609648.4136598,39885133.42626875,155.6,8.621754965532946e-09,156.7,BID
720,1712609653.4456372,39885323.44873827,155.6,2.9780806957733468e-08,156.7,BID
721,1712609653.4507685,39885636.32472633,155.6,4.903472429127148e-08,156.7,BID
722,1712609670.181835,39885636.32472633,155.6,0.0,156.7,BID
723,1712609673.535647,39888648.04869805,155.6,4.719986225834151e-07,156.7,BID
724,1712609673.5953114,39888686.60910936,155.5,-6.0432035580696054e-09,156.7,ASK
725,1712609685.1156776,39888728.69821573,155.5,-6.596222104205102e-09,156.7,ASK
726,1712609685.121756,39895159.56638293,155.5,-1.0078483106124449e-06,156.7,ASK
727,1712609685.2354634,39898386.0205339,155.5,5.056512248076661e-07,156.7,BID
728,1712609700.2652223,39898386.0205339,155.5,0.0,156.7,BID
729,1712609708.4855585,39898424.6057429,155.5,6.051348269597347e-09,156.7,BID
730,1712609730.275457,39898424.6057429,155.5,0.0,156.7,BID
731,1712609760.1729016,39898424.6057429,155.5,0.0,156.7,BID
732,1712609767.7951946,39898463.1909519,155.3,-6.051342574208357e-09,156.7,ASK
733,1712609779.1751337,39898543.84046958,155.5,1.2648314538062464e-08,156.7,BID
734,1712609787.1860106,39898624.48998726,155.5,1.2648314539230944e-08,156.7,BID
735,1712609790.1840963,39898624.48998726,155.5,0.0,156.7,BID
736,1712609808.976921,39898663.07519626,155.5,6.05131308374327e-09,156.7,BID
737,1712609820.2772093,39898663.07519626,155.5,0.0,156.7,BID
738,1712609821.5583477,39898695.27455317,155.5,5.049816017468492e-09,156.7,BID
739,1712609827.9052773,39898727.48034095,155.5,5.050824568099106e-09,156.7,BID
740,1712609850.277725,39898727.48034095,155.5,0.0,156.7,BID
741,1712609854.215396,39926027.30309838,155.5,4.281416739986652e-06,156.7,BID
742,1712609868.4718904,39926065.88830738,155.4,-6.0512978851203084e-09,156.7,ASK
743,1712609880.1785188,39926065.88830738,155.4,-0.0,156.7,ASK
744,1712609907.8187191,39926104.47351638,155.5,6.047266169852888e-09,156.7,BID
745,1712609910.1671448,39926104.47351638,155.5,0.0,156.7,BID
746,1712609934.5152686,39926143.05872538,155.4,-6.047260482144471e-09,156.7,ASK
747,1712609940.210678,39926143.05872538,155.4,-0.0,156.7,ASK
748,1712609943.8652952,39926223.70824306,155.5,1.2639770407147748e-08,156.7,BID
749,1712609953.235452,39926255.91403084,155.5,5.047442007214861e-09,156.7,BID
750,1712609962.2851157,39926288.11338775,155.5,5.0464341296801846e-09,156.7,BID
751,1712609970.2456794,39926288.11338775,155.5,0.0,156.7,BID
752,1712609978.3708377,39926326.69859675,155.5,6.047233422972809e-09,156.7,BID
753,1712610000.3054235,39926326.69859675,155.5,0.0,156.7,BID
754,1712610002.465508,39926365.28380575,155.4,-6.053769545197465e-09,156.7,ASK
755,1712610004.5965629,39927356.85012264,155.4,-1.555703371119494e-07,156.7,ASK
756,1712610008.12535,39927490.80510656,155.5,2.1016669940592212e-08,156.7,BID
757,1712610009.7749982,39927523.01089434,155.5,5.05287964848271e-09,156.7,BID
758,1712610017.735543,39927555.22311298,155.5,5.053888607134452e-09,156.7,BID
759,1712610023.3951883,39943470.60304359,155.5,2.497020097296145e-06,156.7,BID
760,1712610024.9255726,39943503.40047124,155.5,5.145704113300952e-09,156.7,BID
761,1712610025.9451478,39959151.79492353,155.5,2.45513180383571e-06,156.7,BID
762,1712610030.178771,39959151.79492353,155.5,0.0,156.7,BID
763,1712610042.965263,39962505.62772095,155.5,5.257736100675226e-07,156.7,BID
764,1712610043.4653342,39962544.21292995,155.5,6.048925469754828e-09,156.7,BID
765,1712610060.2785811,39962544.21292995,155.5,0.0,156.7,BID
766,1712610064.725245,39962624.86244763,155.5,1.2642216895739708e-08,156.7,BID
767,1712610069.2144463,39971627.86244763,155.5,1.4112654605965662e-06,156.7,BID
768,1712610070.9849076,39971660.65987528,155.5,5.1411614844919225e-09,156.7,BID
769,1712610077.6314335,39971692.86566306,155.5,5.048418962818426e-09,156.7,BID
770,1712610090.255453,39971692.86566306,155.5,0.0,156.7,BID
771,1712610094.205187,39971725.78340084,155.5,5.158870262154979e-09,156.7,BID
772,1712610100.895373,39971764.36860984,155.4,-6.047076763676302e-09,156.7,ASK
773,1712610101.135041,39971797.28634762,155.5,5.158870262154979e-09,156.7,BID
774,1712610108.6351385,39971830.35190031,155.5,5.182035825164342e-09,156.7,BID
775,1712610119.8649092,39979091.58302108,155.5,1.1379806699860855e-06,156.7,BID
776,1712610120.2121744,39979091.58302108,155.5,0.0,156.7,BID
777,1712610130.2553976,39979141.58302108,155.5,7.83459101765149e-09,156.7,BID
778,1712610141.804994,39979180.16823008,155.5,6.045986636462465e-09,156.7,BID
779,1712610150.1865246,39979180.16823008,155.5,0.0,156.7,BID
780,1712610156.814992,39981126.67726706,155.5,3.0500138601402013e-07,156.7,BID
781,1712610167.4394407,39981165.26247606,155.4,-6.045973586652753e-09,156.7,ASK
782,1712610173.594949,39981198.20138281,155.5,5.161246119155132e-09,156.7,BID
783,1712610180.2713642,39981198.20138281,155.5,0.0,156.7,BID
784,1712610181.1851404,39981231.28819953,155.5,5.184167446785482e-09,156.7,BID
785,1712610193.1952262,39981264.96022525,155.5,5.275860203393119e-09,156.7,BID
786,1712610201.6250207,39981454.22893494,155.5,2.9655336498194512e-08,156.7,BID
787,1712610206.511341,39981492.81414394,155.5,6.04567632175406e-09,156.7,BID
788,1712610210.2792037,39981492.81414394,155.5,0.0,156.7,BID
789,1712610231.5957162,39981531.39935294,155.4,-6.045632925948253e-09,156.7,ASK
790,1712610238.2371497,39981564.33825969,155.5,5.160955308467019e-09,156.7,BID
791,1712610240.180303,39981564.33825969,155.5,0.0,156.7,BID
792,1712610245.2250445,39981597.86880631,155.5,5.2536458610038785e-09,156.7,BID
793,1712610252.231055,39981630.74340438,155.5,5.150870280839193e-09,156.7,BID
794,1712610265.5551937,39981758.65337222,155.5,2.004123823951217e-08,156.7,BID
795,1712610266.6153245,39981797.23858122,155.5,6.04562239435369e-09,156.7,BID
796,1712610270.1713789,39981797.23858122,155.5,0.0,156.7,BID
797,1712610297.5066042,39981835.82379022,155.4,-6.045588090381058e-09,156.7,ASK
798,1712610300.277446,39981835.82379022,155.4,-0.0,156.7,ASK
799,1712610303.6948411,39981868.76269697,155.5,5.164302719148616e-09,156.7,BID
800,1712610306.9337723,39982419.63838452,155.5,8.636864706076163e-08,156.7,BID
801,1712610310.7149775,39982453.16893114,155.5,5.257062550129258e-09,156.7,BID
802,1712610317.3753903,39982487.97278966,155.5,5.456697837020465e-09,156.7,BID
803,1712610330.2891536,39982487.97278966,155.5,0.0,156.7,BID
804,1712610333.719925,39982526.55799866,155.5,6.049457959953263e-09,156.7,BID
805,1712610354.114347,39987819.55799866,155.5,8.298459905818821e-07,156.7,BID
806,1712610360.1761937,39987819.55799866,155.5,0.0,156.7,BID
807,1712610361.3548925,39987858.14320766,155.4,-6.0486717442297755e-09,156.7,ASK
808,1712610375.104909,39987892.94706618,155.5,5.455901912741642e-09,156.7,BID
809,1712610381.4264145,39987925.88597293,155.5,5.1635494453433035e-09,156.7,BID
810,1712610390.1969168,39987925.88597293,155.5,0.0,156.7,BID
811,1712610399.224653,39987964.47118193,155.5,6.048656069250259e-09,156.7,BID
812,1712610404.4449315,40000834.48405194,155.5,2.0175161280926813e-06,156.7,BID
813,1712610420.2686803,40000834.48405194,155.5,0.0,156.7,BID
814,1712610424.4748836,40007265.35221914,155.5,1.0077922287731603e-06,156.7,BID
815,1712610425.7848227,40007303.93742814,155.4,-6.046753371688542e-09,156.7,ASK
816,1712610433.364936,40013738.28469502,155.5,1.0083374443697117e-06,156.7,BID
817,1712610436.300289,40056581.28469502,155.5,6.71399900211811e-06,156.7,BID
818,1712610438.564925,40063012.15286222,155.5,1.0077922287731603e-06,156.7,BID
819,1712610440.0149257,40063045.09176897,155.5,5.161911795647438e-09,156.7,BID
820,1712610442.496666,40089220.06363454,155.5,4.101924117962566e-06,156.7,BID
821,1712610442.5005498,40093683.43485154,155.5,6.994624535409276e-07,156.7,BID
822,1712610442.5044374,40094747.74353321,155.5,1.6678961386123472e-07,156.7,BID
823,1712610450.2768168,40094747.74353321,155.5,0.0,156.7,BID
824,1712610462.8352585,40094786.30394452,155.6,6.029069515053695e-09,156.7,BID
1025,1712610470.6951025,40094876.27823758,155.6,1.4067828868458621e-08,156.7,BID
825,1712610470.6951025,40094876.27823758,155.6,1.406782886845862e-08,156.7,BID
826,1712610470.704438,40102820.61789053,155.6,1.2421282447344116e-06,156.7,BID
827,1712610480.177575,40102820.61789053,155.6,0.0,156.7,BID
828,1712610510.1924946,40102820.61789053,155.6,0.0,156.7,BID
829,1712610522.904688,40102945.29655376,155.6,1.9490163518870146e-08,156.7,BID
830,1712610540.2713149,40102945.29655376,155.6,0.0,156.7,BID
831,1712610559.9845634,40102983.85696507,155.5,-6.027867344332004e-09,156.7,ASK
832,1712610570.2877688,40102983.85696507,155.5,-0.0,156.7,ASK
833,1712610577.590561,40107081.76805649,155.6,6.405958975538766e-07,156.7,BID
834,1712610577.594468,40112623.95979283,155.6,8.663695259745192e-07,156.7,BID
835,1712610596.4228692,40112662.52020414,155.6,6.027861694216077e-09,156.7,BID
836,1712610600.1982136,40112662.52020414,155.6,0.0,156.7,BID
837,1712610618.8946407,40112863.78204108,155.6,3.145589605038222e-08,156.7,BID
838,1712610619.8148134,40112928.04939326,155.6,1.0044562746306469e-08,156.7,BID
839,1712610626.814443,40112966.60980457,155.5,-6.026737648482565e-09,156.7,ASK
840,1712610628.924286,40115240.9912313,155.6,3.554707977745219e-07,156.7,BID
841,1712610630.185744,40115240.9912313,155.6,0.0,156.7,BID
842,1712610635.9543629,40116154.57030836,155.6,1.4277742380112292e-07,156.7,BID
843,1712610646.6444082,40116334.57030836,155.6,-2.8131047360428392e-08,156.7,ASK
844,1712610660.2703323,40116334.57030836,155.6,-0.0,156.7,ASK
845,1712610662.7058065,40116373.10595383,155.7,6.0223291115002606e-09,156.7,BID
846,1712610690.278068,40116373.10595383,155.7,0.0,156.7,BID
847,1712610692.998643,40116411.6415993,155.6,-6.0223234645082126e-09,156.7,ASK
848,1712610720.1894937,40116411.6415993,155.6,-0.0,156.7,ASK
849,1712610725.2984543,40116450.17724477,155.7,6.022317821153587e-09,156.7,BID
850,1712610727.574717,40117092.43800263,155.7,1.003719636905506e-07,156.7,BID
851,1712610750.1702552,40117092.43800263,155.7,0.0,156.7,BID
852,1712610756.4043796,40117130.9736481,155.6,-6.022218059560542e-09,156.7,ASK
853,1712610780.29153,40117130.9736481,155.6,-0.0,156.7,ASK
854,1712610780.3292608,40117265.46305079,155.7,2.1017521333038488e-08,156.7,BID
855,1712610795.8046343,40117303.99869626,155.7,6.022212416403459e-09,156.7,BID
856,1712610810.2700293,40117303.99869626,155.7,0.0,156.7,BID
857,1712610821.8826404,40130318.09242737,155.7,2.033787314093583e-06,156.7,BID
858,1712610821.8878725,40350879.45550417,155.7,3.446839337973833e-05,156.7,BID
859,1712610821.8916426,40351213.43109826,155.7,5.2192287877109735e-08,156.7,BID
860,1712610821.8954184,40351601.54927424,155.7,6.065346070138875e-08,156.7,BID
861,1712610830.0247278,40358190.21275397,155.7,-1.029648354987422e-06,156.7,ASK
862,1712610840.1847966,40358190.21275397,155.7,-0.0,156.7,ASK
863,1712610849.7351787,40358228.74839944,155.7,-5.9870950467699265e-09,156.7,ASK
864,1712610870.1688788,40358228.74839944,155.7,-0.0,156.7,ASK
865,1712610891.4851828,40358267.25931086,155.8,5.983246660678456e-09,156.7,BID
1065,1712610891.4851828,40358267.25931086,155.8,5.9832466606784564e-09,156.7,BID
866,1712610900.2067082,40358267.25931086,155.8,0.0,156.7,BID
867,1712610904.5161989,40358270.23748802,155.8,4.632061272654266e-10,156.7,BID
868,1712610904.525123,40358318.60719275,155.8,7.523106384022065e-09,156.7,BID
869,1712610930.1849556,40358318.60719275,155.8,0.0,156.7,BID
870,1712610958.0853438,40358357.11810417,155.7,-5.9897269309328334e-09,156.7,ASK
871,1712610960.2769976,40358357.11810417,155.7,-0.0,156.7,ASK
872,1712610990.2807484,40358357.11810417,155.7,-0.0,156.7,ASK
873,1712610993.7554238,40358395.62901559,155.8,5.989721344915813e-09,156.7,BID
874,1712611011.8856251,40358559.0693237,155.8,2.5420377395591385e-08,156.7,BID
875,1712611011.894631,40359467.33321483,155.8,1.4126509643325586e-07,156.7,BID
876,1712611020.2014134,40359467.33321483,155.8,0.0,156.7,BID
877,1712611020.975078,40359505.84412625,155.7,-5.989560209002926e-09,156.7,ASK
878,1712611037.6553285,40369005.84412625,155.7,-1.4775246777461493e-06,156.7,ASK
879,1712611037.6957052,40369135.75426745,155.8,2.020478310655068e-08,156.7,BID
880,1712611049.9553974,40405035.75426745,155.7,-5.583487992745975e-06,156.7,ASK
881,1712611050.035517,40405327.75426745,155.7,-4.541444272651322e-08,156.7,ASK
882,1712611050.0428295,40405996.75426745,155.7,-1.0404884309601833e-07,156.7,ASK
883,1712611050.19216,40405996.75426745,155.7,-0.0,156.7,ASK
884,1712611050.5876892,40408566.75426745,155.7,-3.992594413498765e-07,156.7,ASK
885,1712611053.0489774,40408605.26517887,155.8,5.982819058139633e-09,156.7,BID
886,1712611070.735325,40429819.73331987,155.7,-3.295749688137037e-06,156.7,ASK
887,1712611070.7552798,40438476.09081387,155.7,-1.344798621470003e-06,156.7,ASK
888,1712611080.2692826,40438476.09081387,155.7,-0.0,156.7,ASK
889,1712611083.6030254,40438514.60172529,155.7,-5.978122464651687e-09,156.7,ASK
890,1712611110.2697368,40438514.60172529,155.7,-0.0,156.7,ASK
891,1712611140.1912093,40438514.60172529,155.7,-0.0,156.7,ASK
892,1712611157.607165,40438553.11263671,155.8,5.9781169002583325e-09,156.7,BID
893,1712611170.1820838,40438553.11263671,155.8,0.0,156.7,BID
894,1712611183.4963517,40438591.62354813,155.7,-5.978111332301552e-09,156.7,ASK
895,1712611200.2145724,40438591.62354813,155.7,-0.0,156.7,ASK
896,1712611209.5060043,40438655.62354813,155.7,-9.93481470679702e-09,156.7,ASK
897,1712611209.513378,40442574.93547707,155.7,-6.084005905029052e-07,156.7,ASK
898,1712611223.2155278,40442613.44638849,155.8,5.978105767928921e-09,156.7,BID
899,1712611230.1800833,40442613.44638849,155.8,0.0,156.7,BID
900,1712611260.282412,40442613.44638849,155.8,0.0,156.7,BID
901,1712611290.275737,40442613.44638849,155.8,0.0,156.7,BID
902,1712611295.1057842,40442752.9200727,155.8,2.1648602013085663e-08,156.7,BID
1103,1712611298.5257576,40442792.9200727,155.8,6.208655671851958e-09,156.7,BID
903,1712611298.5257576,40442792.9200727,155.8,6.2086556718519584e-09,156.7,BID
904,1712611316.3117847,40442822.79732886,155.7,-4.637439898311495e-09,156.7,ASK
905,1712611316.3160942,40442831.43098412,155.7,-1.3400848170858751e-09,156.7,ASK
906,1712611318.235883,40445019.91301236,155.8,3.396882839353786e-07,156.7,BID
907,1712611320.1881752,40445019.91301236,155.8,0.0,156.7,BID
908,1712611350.190514,40445019.91301236,155.8,0.0,156.7,BID
909,1712611357.915902,40445058.42392378,155.8,5.977176877797004e-09,156.7,BID
910,1712611380.2752967,40445058.42392378,155.8,0.0,156.7,BID
911,1712611381.3762934,40445062.58601558,155.7,-6.459866770320109e-10,156.7,ASK
912,1712611381.385416,40445096.9348352,155.7,-5.33118463455913e-09,156.7,ASK
913,1712611407.085816,40446060.93639878,155.7,-1.4961999801339197e-07,156.7,ASK
914,1712611410.2776644,40446060.93639878,155.7,-0.0,156.7,ASK
915,1712611420.8960044,40446099.4473102,155.8,5.977026509282353e-09,156.7,BID
916,1712611440.1862433,40446099.4473102,155.8,0.0,156.7,BID
917,1712611449.345928,40446137.95822162,155.7,-5.977020943356547e-09,156.7,ASK
918,1712611470.191784,40446137.95822162,155.7,-0.0,156.7,ASK
919,1712611487.436057,40446176.46913304,155.8,5.977015381013578e-09,156.7,BID
920,1712611500.2679176,40446176.46913304,155.8,0.0,156.7,BID
921,1712611516.3959832,40446214.98004446,155.7,-5.978002475141394e-09,156.7,ASK
922,1712611520.5158255,40446535.90430633,155.8,4.981668729824217e-08,156.7,BID
923,1712611530.2803702,40446535.90430633,155.8,0.0,156.7,BID
924,1712611533.840037,40449745.14692507,155.8,4.98162542855813e-07,156.7,BID
925,1712611552.5260727,40449878.84397256,155.8,2.07534515338534e-08,156.7,BID
926,1712611555.9364326,40450071.39852968,155.8,2.988975257102495e-08,156.7,BID
927,1712611556.8696177,40450109.9094411,155.8,5.9779505135110695e-09,156.7,BID
928,1712611560.186937,40450109.9094411,155.8,0.0,156.7,BID
929,1712611581.1259484,40450148.42035252,155.7,-5.977433852222425e-09,156.7,ASK
930,1712611590.1796875,40450148.42035252,155.7,-0.0,156.7,ASK
931,1712611620.2626507,40450148.42035252,155.7,-0.0,156.7,ASK
932,1712611620.3219953,40450186.93126394,155.8,5.977428289110906e-09,156.7,BID
933,1712611644.9861424,40450225.44217536,155.7,-5.977428289110906e-09,156.7,ASK
934,1712611650.27187,40450225.44217536,155.7,-0.0,156.7,ASK
935,1712611680.199849,40450225.44217536,155.7,-0.0,156.7,ASK
936,1712611682.7052062,40450263.95308678,155.8,5.977417159345981e-09,156.7,BID
937,1712611709.2662096,40450302.4639982,155.7,-5.977417159345981e-09,156.7,ASK
938,1712611710.191178,40450302.4639982,155.7,-0.0,156.7,ASK
939,1712611718.2363017,40450340.97490962,155.8,5.977406029622503e-09,156.7,BID
940,1712611730.116769,40450533.90095463,155.8,2.994469001591946e-08,156.7,BID
941,1712611730.1248996,40450707.20005604,155.8,2.689832713677055e-08,156.7,BID
942,1712611730.1293066,40453882.47550911,155.8,4.928450129859054e-07,156.7,BID
943,1712611740.2873862,40453882.47550911,155.8,0.0,156.7,BID
944,1712611747.826155,40460085.02641525,155.9,9.62635118207271e-07,156.7,BID
945,1712611747.8306143,40460296.84369384,155.9,3.2874014916719464e-08,156.7,BID
946,1712611770.2970238,40460296.84369384,155.9,0.0,156.7,BID
947,1712611778.189448,40460335.35460526,155.8,-5.9759611259760695e-09,156.7,ASK
948,1712611800.3857036,40460335.35460526,155.8,-0.0,156.7,ASK
949,1712611815.4958303,40460373.84081436,155.9,5.974553457747926e-09,156.7,BID
950,1712611830.2732344,40460373.84081436,155.9,0.0,156.7,BID
951,1712611860.213283,40460373.84081436,155.9,0.0,156.7,BID
952,1712611871.5760665,40460412.32702346,155.8,-5.9745478928575506e-09,156.7,ASK
953,1712611881.895953,40460538.24107092,155.9,1.9546729191325853e-08,156.7,BID
954,1712611890.1797793,40460538.24107092,155.9,0.0,156.7,BID
955,1712611892.7159617,40461289.4647827,155.8,-1.1661850554200325e-07,156.7,ASK
956,1712611906.4161575,40464502.83239195,155.8,-4.988369276297211e-07,156.7,ASK
957,1712611912.606085,40464541.31860105,155.9,5.974524125187047e-09,156.7,BID
958,1712611920.2990773,40464541.31860105,155.9,0.0,156.7,BID
959,1712611922.09658,40464862.24286293,155.8,-4.9814834173714096e-08,156.7,ASK
960,1712611924.666197,40482807.48286293,155.8,-2.785514406303797e-06,156.7,ASK
961,1712611938.9925282,40482845.96907203,155.8,-5.973945731436505e-09,156.7,ASK
962,1712611950.0162494,40489050.65574742,155.8,-9.631102242662148e-07,156.7,ASK
963,1712611950.0258095,40496469.1409849,155.8,-1.1515197067276092e-06,156.7,ASK
964,1712611950.277009,40496469.1409849,155.8,-0.0,156.7,ASK
965,1712611980.1838386,40496469.1409849,155.8,-0.0,156.7,ASK
966,1712611997.7858658,40499469.1409849,155.8,4.653097881586207e-07,156.7,BID
967,1712612008.2661064,40499507.65189632,155.8,5.97316801154329e-09,156.7,BID
968,1712612010.1872275,40499507.65189632,155.8,0.0,156.7,BID
969,1712612036.8859186,40523877.12954517,155.8,3.7795079803903447e-06,156.7,BID
970,1712612040.272011,40523877.12954517,155.8,0.0,156.7,BID
971,1712612042.3837495,40523915.64045659,155.7,-5.969214502497836e-09,156.7,ASK
972,1712612043.896104,40524037.52749124,155.8,1.8892563902010883e-08,156.7,BID
973,1712612070.2758436,40524037.52749124,155.8,0.0,156.7,BID
974,1712612100.1935666,40524037.52749124,155.8,0.0,156.7,BID
975,1712612111.7379737,40524076.03840266,155.8,5.990245876822891e-09,156.7,BID
1175,1712612111.7379737,40524076.03840266,155.8,5.9902458768228914e-09,156.7,BID
976,1712612130.1961613,40524076.03840266,155.8,0.0,156.7,BID
977,1712612134.717976,40524114.54931408,155.7,-5.990240286249593e-09,156.7,ASK
978,1712612160.2666209,40524114.54931408,155.7,-0.0,156.7,ASK
979,1712612163.116146,40538679.76783367,155.7,-2.265567709552896e-06,156.7,ASK
980,1712612163.1250055,40538726.54931408,155.7,-7.2766921606854e-09,156.7,ASK
981,1712612170.7973073,40542887.39486585,155.7,-6.472046618346047e-07,156.7,ASK
982,1712612170.801522,40550629.54931408,155.7,-1.2042644672097942e-06,156.7,ASK
1183,1712612174.3559396,40550668.0602255,155.8,5.9902346992750214e-09,156.7,BID
983,1712612174.3559396,40550668.0602255,155.8,5.990234699275021e-09,156.7,BID
984,1712612174.5559757,40551596.42600847,155.7,-1.4440398114993532e-07,156.7,ASK
985,1712612174.5633564,40566167.97774062,155.7,-2.266552818142835e-06,156.7,ASK
986,1712612174.5693262,40566291.06121894,155.7,-1.9145195362405303e-08,156.7,ASK
987,1712612174.63569,40571498.72821673,155.7,-8.100339982149151e-07,156.7,ASK
988,1712612174.7356958,40576520.40710747,155.7,-7.811042125668657e-07,156.7,ASK
989,1712612175.4361682,40587400.71137073,155.7,-1.6923924605586452e-06,156.7,ASK
990,1712612190.275642,40587400.71137073,155.7,-0.0,156.7,ASK
991,1712612205.7857902,40587439.22228215,155.7,-5.981067508125339e-09,156.7,ASK
992,1712612220.1747053,40587439.22228215,155.7,-0.0,156.7,ASK
993,1712612244.142801,40587477.73319357,155.8,5.9810619382481845e-09,156.7,BID
994,1712612247.0859146,40590861.77044102,155.7,-5.255688746911199e-07,156.7,ASK
995,1712612250.1761065,40590861.77044102,155.7,-0.0,156.7,ASK
996,1712612253.1658676,40591594.74351642,155.7,-1.1382733885878877e-07,156.7,ASK
997,1712612269.1159558,40591633.25442784,155.7,-5.980566969043197e-09,156.7,ASK
998,1712612280.276528,40591633.25442784,155.7,-0.0,156.7,ASK
999,1712612307.4057992,40591671.76533926,155.8,5.9804554090841505e-09,156.7,BID
1000,1712612310.2857013,40591671.76533926,155.8,0.0,156.7,BID
1201,1712612336.9222577,40591710.27625068,155.7,-5.980449836770396e-09,156.7,ASK
1202,1712612340.1823394,40591710.27625068,155.7,-0.0,156.7,ASK
1203,1712612347.4958572,40592756.23915134,155.7,-1.624298829395486e-07,156.7,ASK
1204,1712612370.1794972,40592756.23915134,155.7,-0.0,156.7,ASK
1205,1712612376.0457213,40592794.75006276,155.8,5.9802930244429244e-09,156.7,BID
1206,1712612393.1456883,40592832.75006276,155.7,-5.900954471071924e-09,156.7,ASK
1207,1712612400.2375133,40592832.75006276,155.7,-0.0,156.7,ASK
1208,1712612405.2158637,40593475.01082063,155.7,-9.973788076233021e-08,156.7,ASK
1209,1712612426.8058755,40598396.54836826,155.7,-7.642748199750098e-07,156.7,ASK
1210,1712612426.8092282,40613434.40321732,155.7,-2.335256755910616e-06,156.7,ASK
1211,1712612430.199542,40613434.40321732,155.7,-0.0,156.7,ASK
1212,1712612436.0357475,40613472.91412874,155.6,-5.977454321391537e-09,156.7,ASK
1213,1712612449.8662956,40613561.82684527,155.6,-1.3800548521285915e-08,156.7,ASK
1214,1712612458.277331,40613969.25413466,155.6,-6.323864904291946e-08,156.7,ASK
1215,1712612458.278599,40615897.27470021,155.6,-2.992568712689442e-07,156.7,ASK
1216,1712612458.279811,40619976.19503,155.5,-6.331078401650543e-07,156.7,ASK
1217,1712612460.2716212,40619976.19503,155.5,-0.0,156.7,ASK
1218,1712612474.716262,40620014.73067547,155.7,5.98034892949929e-09,156.7,BID
1219,1712612481.2859457,40633463.81288484,155.7,2.0871638041232904e-06,156.7,BID
1220,1712612490.2587469,40633463.81288484,155.7,0.0,156.7,BID
1221,1712612494.3164854,40637995.10449041,155.7,7.029822885434235e-07,156.7,BID
1222,1712612504.7658522,40638033.64013588,155.7,-5.978400553546069e-09,156.7,ASK
1223,1712612520.1858654,40638033.64013588,155.7,-0.0,156.7,ASK
1224,1712612546.5454311,40638072.1510473,155.8,5.973903895077241e-09,156.7,BID
1225,1712612550.188799,40638072.1510473,155.8,0.0,156.7,BID
1226,1712612558.851967,40669814.052882,155.8,4.923874494971382e-06,156.7,BID
1227,1712612561.2369456,40778615.20429602,155.8,1.687747688405066e-05,156.7,BID
1228,1712612568.5957897,40778653.71520744,155.7,-5.973898334965594e-09,156.7,ASK
1229,1712612580.2796755,40778653.71520744,155.7,-0.0,156.7,ASK
1230,1712612606.6856053,40778692.22611886,155.8,5.953670259910535e-09,156.7,BID
1231,1712612610.2726758,40778692.22611886,155.8,0.0,156.7,BID
1232,1712612635.9053135,40778730.73703028,155.7,-5.953664737399324e-09,156.7,ASK
1233,1712612640.1925082,40778730.73703028,155.7,-0.0,156.7,ASK
1234,1712612670.1760335,40778730.73703028,155.7,-0.0,156.7,ASK
1235,1712612673.155317,40778769.2479417,155.8,5.953659218442964e-09,156.7,BID
1236,1712612700.2018223,40778769.2479417,155.8,0.0,156.7,BID
1237,1712612701.955655,40778807.75885312,155.7,-5.9539959522724565e-09,156.7,ASK
1238,1712612730.1829395,40778807.75885312,155.7,-0.0,156.7,ASK
1239,1712612741.3618286,40778846.26976454,155.8,5.953990432702017e-09,156.7,BID
1240,1712612760.2961988,40778846.26976454,155.8,0.0,156.7,BID
1241,1712612770.3558078,40778884.78067596,155.7,-5.953984909596817e-09,156.7,ASK
1242,1712612781.4798567,40785303.26591344,155.8,9.92330818392077e-07,156.7,BID
1243,1712612790.294247,40785303.26591344,155.8,0.0,156.7,BID
1244,1712612809.5569851,40785341.77682486,155.8,5.953059017368299e-09,156.7,BID
1245,1712612820.1910892,40785341.77682486,155.8,0.0,156.7,BID
1246,1712612842.4660916,40785374.77682486,155.7,-5.101171541365854e-09,156.7,ASK
1247,1712612850.2066033,40785374.77682486,155.7,-0.0,156.7,ASK
1248,1712612880.2806554,40785374.77682486,155.7,-0.0,156.7,ASK
1249,1712612901.6056252,40785413.28773628,155.7,-5.953048767767658e-09,156.7,ASK
1250,1712612910.2988548,40785413.28773628,155.7,-0.0,156.7,ASK
1251,1712612935.8886068,40785451.7986477,155.8,5.953043249953226e-09,156.7,BID
1252,1712612940.2043066,40785451.7986477,155.8,0.0,156.7,BID
1253,1712612970.1867363,40785451.7986477,155.8,0.0,156.7,BID
1254,1712612993.505992,40785490.30955912,155.7,-5.953037728605158e-09,156.7,ASK
1255,1712613000.2101102,40785490.30955912,155.7,-0.0,156.7,ASK
1256,1712613030.1948788,40785490.30955912,155.7,-0.0,156.7,ASK
1257,1712613035.4031963,40785528.82047054,155.8,5.956809100487486e-09,156.7,BID
1258,1712613060.256838,40785528.82047054,155.8,0.0,156.7,BID
1259,1712613061.030196,40785567.33138196,155.7,-5.9568035721516845e-09,156.7,ASK
1260,1712613090.2765665,40785567.33138196,155.7,-0.0,156.7,ASK
1261,1712613101.3563104,40785605.84229338,155.8,5.956798047374488e-09,156.7,BID
1262,1712613120.1833432,40785605.84229338,155.8,0.0,156.7,BID
1263,1712613124.419094,40785644.3532048,155.7,-5.956792519059203e-09,156.7,ASK
1264,1712613150.1857018,40785644.3532048,155.7,-0.0,156.7,ASK
1265,1712613165.9462416,40785682.86411622,155.8,5.9567869943025106e-09,156.7,BID
1266,1712613180.2769384,40785682.86411622,155.8,0.0,156.7,BID
1267,1712613181.9265487,40786049.67420833,155.8,5.6737362935282666e-08,156.7,BID
1268,1712613181.9296584,40792094.9340761,155.8,9.35067247431012e-07,156.7,BID
1269,1712613188.5462592,40792133.44498752,155.7,-5.956781466007741e-09,156.7,ASK
1270,1712613199.0113237,40792171.95589894,155.8,5.956781466007741e-09,156.7,BID
1271,1712613210.2715776,40792171.95589894,155.8,0.0,156.7,BID
1272,1712613221.2215066,40797659.24337157,155.8,8.486286204667952e-07,156.7,BID
1273,1712613221.2235525,40802881.29158571,155.8,8.076084211164038e-07,156.7,BID
1274,1712613224.8563566,40802919.80249713,155.7,-5.955850097937511e-09,156.7,ASK
1275,1712613226.096292,40812557.66899263,155.8,1.4905305014756246e-06,156.7,BID
1276,1712613240.1698143,40812557.66899263,155.8,0.0,156.7,BID
1277,1712613270.203841,40812557.66899263,155.8,0.0,156.7,BID
1278,1712613292.6562486,40812596.17990405,155.8,5.952926058107218e-09,156.7,BID
1279,1712613300.2793107,40812596.17990405,155.8,0.0,156.7,BID
1280,1712613319.6171403,40812634.69081547,155.7,-6.014053911136113e-09,156.7,ASK
1281,1712613330.2667294,40812634.69081547,155.7,-0.0,156.7,ASK
1282,1712613356.6465926,40812673.20172689,155.8,6.014048279652306e-09,156.7,BID
1283,1712613360.188414,40812673.20172689,155.8,0.0,156.7,BID
1284,1712613381.2563765,40812711.71263831,155.7,-6.014042644562175e-09,156.7,ASK
1285,1712613390.1779144,40812711.71263831,155.7,-0.0,156.7,ASK
1286,1712613420.2793212,40812711.71263831,155.7,-0.0,156.7,ASK
1287,1712613421.9863956,40812750.22354973,155.8,6.0140370130994674e-09,156.7,BID
1288,1712613448.5365417,40812788.73446115,155.7,-6.0140370130994674e-09,156.7,ASK
1289,1712613450.2669327,40812788.73446115,155.7,-0.0,156.7,ASK
1290,1712613460.161406,40812852.96053693,155.7,-1.0029813865124058e-08,156.7,ASK
1291,1712613460.1647406,40828833.89136987,155.7,-2.4956493092475427e-06,156.7,ASK
1292,1712613480.203017,40828833.89136987,155.7,-0.0,156.7,ASK
1293,1712613498.0964794,40829133.14819307,155.7,-4.671497784723863e-08,156.7,ASK
1294,1712613510.1919613,40829133.14819307,155.7,-0.0,156.7,ASK
1295,1712613519.9865656,40829171.65910449,155.8,6.011636658462413e-09,156.7,BID
1296,1712613540.2967534,40829171.65910449,155.8,0.0,156.7,BID
1297,1712613565.467099,40831077.41261303,155.8,2.974919704832658e-07,156.7,BID
1298,1712613565.470935,40831132.91261249,155.8,8.663661973210969e-09,156.7,BID
1299,1712613565.4887035,40831132.91261303,155.8,8.373964854463321e-17,156.7,BID
1300,1712613570.276275,40831132.91261303,155.8,0.0,156.7,BID
1301,1712613575.006478,40831171.42352445,155.8,-6.0113442924934465e-09,156.7,ASK
1302,1712613600.3763032,40831171.42352445,155.8,-0.0,156.7,ASK
1303,1712613605.3681211,40832058.38394531,155.7,-1.386809201450611e-07,156.7,ASK
1304,1712613605.369695,40832647.77418921,155.8,-9.215426012982677e-08,156.7,ASK
1305,1712613616.5468493,40832686.26039831,155.9,6.017520923843448e-09,156.7,BID
1306,1712613630.2783067,40832686.26039831,155.9,0.0,156.7,BID
1307,1712613639.0479505,40833969.13403526,155.9,2.005766318802566e-07,156.7,BID
1308,1712613639.052019,40837946.0423098,155.9,6.217875588297274e-07,156.7,BID
1309,1712613639.055195,40842022.46882131,155.9,6.373471838837595e-07,156.7,BID
1310,1712613639.1165297,40842022.46882212,155.9,1.269734935166758e-16,156.7,BID
1311,1712613642.3372154,40842060.95503122,155.8,-6.017298955405889e-09,156.7,ASK
1312,1712613660.1937728,40842060.95503122,155.8,-0.0,156.7,ASK
1313,1712613680.8550534,40842099.41656968,156.0,6.0120679160954115e-09,156.7,BID
1314,1712613690.1905997,40842099.41656968,156.0,0.0,156.7,BID
1315,1712613705.5767925,40842125.11521295,155.8,-4.017047938534078e-09,156.7,ASK
1316,1712613705.5796711,40842137.87810814,155.8,-1.9950143389527633e-09,156.7,ASK
1317,1712613720.271366,40842137.87810814,155.8,-0.0,156.7,ASK
1318,1712613743.0566351,40842176.3396466,156.0,6.012056647282439e-09,156.7,BID
1319,1712613750.2764397,40842176.3396466,156.0,0.0,156.7,BID
1320,1712613771.317417,40842214.80118506,155.8,-6.0120510075303835e-09,156.7,ASK
1321,1712613780.1883423,40842214.80118506,155.8,-0.0,156.7,ASK
1322,1712613785.566871,40845859.46193365,155.8,-5.697085109111226e-07,156.7,ASK
1323,1712613793.4065938,40856047.31769668,155.8,-1.592496129680843e-06,156.7,ASK
1324,1712613810.1780214,40856047.31769668,155.8,-0.0,156.7,ASK
1325,1712613814.594884,40856085.77923514,156.0,6.010020771572263e-09,156.7,BID
1326,1712613837.3681843,40856124.2407736,155.8,-6.010020772736494e-09,156.7,ASK
1327,1712613840.2666893,40856124.2407736,155.8,-0.0,156.7,ASK
1328,1712613870.2797418,40856124.2407736,155.8,-0.0,156.7,ASK
1329,1712613882.940168,40856162.70231206,156.0,6.010009509268337e-09,156.7,BID
1330,1712613900.2021856,40856162.70231206,156.0,0.0,156.7,BID
1331,1712613904.5765207,40856201.16385052,155.8,-6.029133646080116e-09,156.7,ASK
1332,1712613911.6966076,40856239.62538898,156.0,6.0291336449121835e-09,156.7,BID
1333,1712613930.175353,40856239.62538898,156.0,0.0,156.7,BID
1334,1712613948.4965734,40856278.08692744,155.8,-6.029122310862396e-09,156.7,ASK
1335,1712613951.8768733,40864914.39913437,155.8,-1.3538039480515286e-06,156.7,ASK
1336,1712613960.2665277,40864914.39913437,155.8,-0.0,156.7,ASK
1337,1712613962.98655,40871332.88437186,155.8,-1.0059305279193446e-06,156.7,ASK
1338,1712613978.5366757,40871371.34591032,156.0,6.02784523956029e-09,156.7,BID
1339,1712613990.2802637,40871371.34591032,156.0,0.0,156.7,BID
1340,1712613999.5068417,40873296.89148157,155.9,3.017315860711312e-07,156.7,BID
1341,1712613999.5104294,40881090.03355152,156.0,1.2211796762172225e-06,156.7,BID
1342,1712613999.5138478,40903423.86228568,156.0,3.4996946671144536e-06,156.7,BID
1343,1712614008.6968348,40904267.93672056,155.9,-1.3226584807944725e-07,156.7,ASK
1344,1712614008.7025175,40904510.2462436,155.8,-3.796972546396247e-08,156.7,ASK
1345,1712614012.1571193,40904548.70778206,155.8,-6.026895013255667e-09,156.7,ASK
1346,1712614020.2092896,40904548.70778206,155.8,-0.0,156.7,ASK
1347,1712614047.6366446,40904587.16932052,156.0,6.022011335069205e-09,156.7,BID
1348,1712614050.1995473,40904587.16932052,156.0,0.0,156.7,BID
1349,1712614055.2965577,40905035.43877553,156.0,7.018651129484345e-08,156.7,BID
1350,1712614073.786631,40905073.90031399,155.8,-6.022005677793718e-09,156.7,ASK
1351,1712614080.2750044,40905073.90031399,155.8,-0.0,156.7,ASK
1352,1712614086.851997,40905122.65281287,156.0,7.633192714403156e-09,156.7,BID
1353,1712614086.856429,40918136.74654399,156.0,2.037620383262869e-06,156.7,BID
1354,1712614086.858439,40918136.74654482,156.0,1.3065242828048542e-16,156.7,BID
1355,1712614110.2773252,40918136.74654482,156.0,0.0,156.7,BID
1356,1712614113.8866136,40918175.18344424,156.1,6.0161568391826285e-09,156.7,BID
1357,1712614129.0167065,40918239.36829661,155.9,-1.0046235373247444e-08,156.7,ASK
1358,1712614131.2072794,40926634.57450943,156.1,1.3140205906509092e-06,156.7,BID
1359,1712614131.2114398,40927324.54916701,156.1,1.0799507291475693e-07,156.7,BID
1360,1712614131.2146137,40928607.24264652,156.1,2.0076762867404139e-07,156.7,BID
1361,1712614131.2208743,40935458.28334642,156.1,1.0723272685439465e-06,156.7,BID
1362,1712614131.3665009,40946386.80002542,156.1,-1.7105352242028833e-06,156.7,ASK
1363,1712614140.1724124,40946386.80002542,156.1,-0.0,156.7,ASK
1364,1712614140.290655,40946425.23692484,155.9,-6.012007192841176e-09,156.7,ASK
1365,1712614170.2005343,40946425.23692484,155.9,-0.0,156.7,ASK
1366,1712614176.3540895,40946463.67382426,156.1,6.012001556795563e-09,156.7,BID
1367,1712614181.600166,40946751.18183194,156.1,4.4969771652662055e-08,156.7,BID
1368,1712614191.4468105,40947391.79682233,156.1,1.0020002596562697e-07,156.7,BID
1369,1712614200.2281375,40947391.79682233,156.1,0.0,156.7,BID
1370,1712614207.126508,40947430.23372175,155.9,-6.020196358666497e-09,156.7,ASK
1371,1712614225.2964303,40947758.96481971,155.9,-5.148765350416497e-08,156.7,ASK
1372,1712614226.4369872,40960442.30662566,155.9,-1.986534015899881e-06,156.7,ASK
1373,1712614230.1813457,40960442.30662566,155.9,-0.0,156.7,ASK
1374,1712614238.5467436,40966783.97752864,155.9,-9.929505882329791e-07,156.7,ASK
1375,1712614238.7265077,40966883.97752864,155.9,-1.5657554663803442e-08,156.7,ASK
1376,1712614260.3375504,40966883.97752864,155.9,-0.0,156.7,ASK
1377,1712614277.007006,40966922.38982057,156.2,6.013480034738009e-09,156.7,BID
1378,1712614290.2870708,40966922.38982057,156.2,0.0,156.7,BID
1379,1712614302.3263657,40966960.8021125,155.9,-6.013474386247956e-09,156.7,ASK
1380,1712614310.976411,40967242.86489276,156.1,4.415714916317025e-08,156.7,BID
1381,1712614320.172495,40967242.86489276,156.1,0.0,156.7,BID
1382,1712614350.193773,40967242.86489276,156.1,0.0,156.7,BID
1383,1712614369.967228,40967306.88537931,156.2,1.0022378830860944e-08,156.7,BID
1384,1712614375.5364332,40967345.29767124,156.2,6.01342729968295e-09,156.7,BID
1385,1712614380.256741,40967345.29767124,156.2,0.0,156.7,BID
1386,1712614402.5262823,40967383.70996317,156.1,-6.013412236164187e-09,156.7,ASK
1387,1712614410.274968,40967383.70996317,156.1,-0.0,156.7,ASK
1388,1712614438.5281787,40967422.1222551,156.2,6.0134065914176045e-09,156.7,BID
1389,1712614440.2286513,40967422.1222551,156.2,0.0,156.7,BID
1390,1712614444.7083015,40980484.9684861,156.1,-2.044973832583148e-06,156.7,ASK
1391,1712614466.166471,40980523.38077803,156.1,-6.01340094306552e-09,156.7,ASK
1392,1712614470.1966743,40980523.38077803,156.1,-0.0,156.7,ASK
1393,1712614500.2184117,40980523.38077803,156.1,-0.0,156.7,ASK
1394,1712614512.5096414,40983344.12341569,156.2,4.422406794292558e-07,156.7,BID
1395,1712614512.5140913,40983724.40510581,156.2,5.962119009533537e-08,156.7,BID
1396,1712614530.1949852,40983724.40510581,156.2,0.0,156.7,BID
1397,1712614537.8064396,40983762.81739774,156.2,6.021870375423523e-09,156.7,BID
1398,1712614560.2716198,40983762.81739774,156.2,0.0,156.7,BID
1399,1712614560.4576802,40983801.22968967,156.1,-6.021864709992285e-09,156.7,ASK
1400,1712614567.8468068,40999164.30201413,156.1,-2.4084567314647845e-06,156.7,ASK
1401,1712614567.8508503,41032021.55051992,156.1,-5.151004933773754e-06,156.7,ASK
1402,1712614568.3264213,41032308.86634311,156.1,4.504227499577644e-08,156.7,BID
1403,1712614570.876492,41032347.30324253,156.1,6.025722406324961e-09,156.7,BID
1404,1712614590.2791305,41032347.30324253,156.1,0.0,156.7,BID
1405,1712614610.686443,41036170.51237596,156.0,-5.986497196779755e-07,156.7,ASK
1406,1712614620.191008,41036170.51237596,156.0,-0.0,156.7,ASK
1407,1712614627.2795284,41036208.94927538,156.0,-6.018004653025965e-09,156.7,ASK
1408,1712614629.2568154,41101054.03182446,156.0,-1.0152692187929757e-05,156.7,ASK
1409,1712614629.266294,41112520.60064763,156.0,-1.7953025755685388e-06,156.7,ASK
1410,1712614650.1755917,41112520.60064763,156.0,-0.0,156.7,ASK
1411,1712614669.286357,41112559.03754705,156.1,6.006803010643904e-09,156.7,BID
1412,1712614675.4567049,41112922.31045604,156.1,5.677119736771492e-08,156.7,BID
1413,1712614675.4610658,41113286.09196765,156.1,5.685068025615354e-08,156.7,BID
1414,1712614675.4652014,41114701.58151537,156.1,2.2120844824365285e-07,156.7,BID
1415,1712614680.2785306,41114701.58151537,156.1,0.0,156.7,BID
1416,1712614689.2063923,41114740.01841479,156.1,-6.006483436475507e-09,156.7,ASK
1417,1712614698.8905723,41114778.43070672,156.2,6.0026380570234356e-09,156.7,BID
1418,1712614699.3262067,41119003.59974288,156.1,-6.602615772221001e-07,156.7,ASK
1419,1712614710.265078,41119003.59974288,156.1,-0.0,156.7,ASK
1420,1712614727.3674085,41126812.5745378,156.0,-1.220170116166237e-06,156.7,ASK
1421,1712614740.1981056,41126812.5745378,156.0,-0.0,156.7,ASK
1422,1712614753.6386244,41134425.7147829,156.0,-1.1893441337165165e-06,156.7,ASK
1423,1712614753.6410203,41134621.54933273,156.0,-3.05937714950682e-08,156.7,ASK
1424,1712614754.2562702,41134659.96162466,156.0,-6.0008659498821405e-09,156.7,ASK
1425,1712614770.1883311,41134659.96162466,156.0,-0.0,156.7,ASK
1426,1712614775.596549,41139552.76753259,156.0,-7.642204297337922e-07,156.7,ASK
1427,1712614780.8802404,41140835.97119315,156.0,-2.004270088298978e-07,156.7,ASK
1428,1712614780.8843298,41141164.72566764,155.9,-5.134903989656752e-08,156.7,ASK
1429,1712614793.7269783,41141203.16256706,156.1,6.003562034179758e-09,156.7,BID
1430,1712614800.236174,41141203.16256706,156.1,0.0,156.7,BID
1431,1712614817.6371832,41141241.59946648,155.9,-6.0117430811522335e-09,156.7,ASK
1432,1712614825.7133856,41141531.99024162,156.1,4.5418718976753364e-08,156.7,BID
1433,1712614830.1778831,41141531.99024162,156.1,0.0,156.7,BID
1434,1712614856.0677323,41141570.42714104,156.1,6.011694824720119e-09,156.7,BID
1435,1712614860.268524,41141570.42714104,156.1,0.0,156.7,BID
1436,1712614878.8482723,41141608.86404046,155.9,-6.0116891820320155e-09,156.7,ASK
1437,1712614886.5879686,41147016.43043032,156.1,8.457656278440715e-07,156.7,BID
1438,1712614886.5903263,41150196.51163468,156.1,4.973777818866131e-07,156.7,BID
1439,1712614886.5925937,41157361.03629393,156.1,1.120561128568587e-06,156.7,BID
1440,1712614888.3096604,41157399.44858586,156.2,6.007840469836716e-09,156.7,BID
1441,1712614890.3029804,41157399.44858586,156.2,0.0,156.7,BID
1442,1712614899.988974,41160288.70876211,156.2,4.517176060222857e-07,156.7,BID
1443,1712614899.99402,41166570.41610982,156.2,9.821053251513436e-07,156.7,BID
1444,1712614899.9989812,41168928.31566116,156.2,3.686427236036984e-07,156.7,BID
1445,1712614900.0012605,41170356.92631306,156.2,2.233542651911551e-07,156.7,BID
1446,1712614920.1746902,41170356.92631306,156.2,0.0,156.7,BID
1447,1712614931.3192096,41170678.88381467,155.9,-5.032010185009199e-08,156.7,ASK
1448,1712614937.3596747,41176771.29449779,155.9,-9.522086752181308e-07,156.7,ASK
1449,1712614937.3637605,41180702.2338209,155.9,-6.14383159624452e-07,156.7,ASK
1450,1712614940.9791665,41181982.64355201,156.2,2.001206611329464e-07,156.7,BID
1451,1712614944.069713,41182021.05584394,155.9,-6.003619833324636e-09,156.7,ASK
1452,1712614950.18674,41182021.05584394,155.9,-0.0,156.7,ASK
1453,1712614980.2901402,41182021.05584394,155.9,-0.0,156.7,ASK
1454,1712614987.620298,41183007.24043963,155.8,-1.5409116457007272e-07,156.7,ASK
1455,1712614987.6247046,41187848.51805444,155.8,-7.56448751008632e-07,156.7,ASK
1456,1712614988.720031,41187886.93034637,156.2,6.001913661030382e-09,156.7,BID
1457,1712615008.9417026,41187925.3426383,155.8,-6.001913661030382e-09,156.7,ASK
1458,1712615010.2634554,41187925.3426383,155.8,-0.0,156.7,ASK
1459,1712615017.200286,41187963.77953772,156.1,6.004895465643908e-09,156.7,BID
1460,1712615040.1913247,41187963.77953772,156.1,0.0,156.7,BID
1461,1712615052.911166,41188002.21643714,155.8,-6.004889835711275e-09,156.7,ASK
1462,1712615057.1619291,41197023.23144275,155.8,-1.40932807114595e-06,156.7,ASK
1463,1712615070.1923351,41197023.23144275,155.8,-0.0,156.7,ASK
1464,1712615074.7234304,41203419.13806248,155.9,-9.98994405892651e-07,156.7,ASK
1465,1712615074.7283626,41217320.51520538,155.8,-2.171294677307012e-06,156.7,ASK
1466,1712615079.4413345,41247766.44084933,155.8,-4.755433624798331e-06,156.7,ASK
1467,1712615083.2013454,41248049.46455208,156.1,4.42062576266757e-08,156.7,BID
1468,1712615083.751712,41257770.88895942,155.8,-1.5184162586562475e-06,156.7,ASK
1469,1712615083.7556937,41278495.39019603,155.8,-3.2370173661432474e-06,156.7,ASK
1470,1712615100.2813892,41278495.39019603,155.8,-0.0,156.7,ASK
1471,1712615109.622396,41278541.77772552,155.8,-7.231114974022712e-09,156.7,ASK
1472,1712615112.9722402,41278591.77772552,156.1,7.79424454623334e-09,156.7,BID
1473,1712615125.3521678,41279258.75402277,156.1,1.0397152734644746e-07,156.7,BID
1474,1712615125.4520242,41291862.52404198,156.1,-1.9647373146842727e-06,156.7,ASK
1475,1712615130.2747858,41291862.52404198,156.1,-0.0,156.7,ASK
1476,1712615148.5617146,41291900.9609414,156.1,5.989783583612438e-09,156.7,BID
1477,1712615160.195678,41291900.9609414,156.1,0.0,156.7,BID
1478,1712615180.182837,41302224.76511019,156.1,1.6088002896112402e-06,156.7,BID
1479,1712615180.1926134,41302416.9496073,156.1,2.9948889920338084e-08,156.7,BID
1480,1712615180.2826402,41302455.38650672,156.1,-5.9897779842998255e-09,156.7,ASK
1481,1712615190.1901891,41302455.38650672,156.1,-0.0,156.7,ASK
1482,1712615213.803401,41302493.79879865,156.2,5.984406839536806e-09,156.7,BID
1483,1712615220.27315,41302493.79879865,156.2,0.0,156.7,BID
1484,1712615244.455229,41302532.21109058,156.1,-5.984401245531876e-09,156.7,ASK
1485,1712615245.0535672,41302724.27255024,156.2,2.992200622998089e-08,156.7,BID
1486,1712615245.0579464,41335787.75811968,156.2,5.151089775857696e-06,156.7,BID
1487,1712615245.0622742,41342548.08023667,156.2,1.053217031979704e-06,156.7,BID
1488,1712615250.2949955,41342548.08023667,156.2,0.0,156.7,BID
1489,1712615251.8942463,41356124.75970591,156.2,2.1131043259534182e-06,156.7,BID
1490,1712615251.900096,41369014.05047744,156.2,2.0061176335132084e-06,156.7,BID
1491,1712615251.9047513,41369398.41947166,156.2,5.982403770313827e-08,156.7,BID
1492,1712615258.033795,41371652.06144693,156.2,3.5076180577744684e-07,156.7,BID
1493,1712615258.038502,41383291.69283913,156.2,1.8116178925120776e-06,156.7,BID
1494,1712615275.3739543,41383330.10513106,156.2,5.9785738058522085e-09,156.7,BID
1495,1712615275.6339147,41383363.39578406,156.2,5.181430630578956e-09,156.7,BID
1496,1712615280.2030566,41383363.39578406,156.2,0.0,156.7,BID
1497,1712615281.2940288,41383396.0462322,156.2,5.076750208894514e-09,156.7,BID
1498,1712615307.5042577,41383434.45852413,156.1,-5.9726473039003245e-09,156.7,ASK
1499,1712615310.1894083,41383434.45852413,156.1,-0.0,156.7,ASK
1500,1712615316.7642615,41384528.56223731,156.2,1.701196151049598e-07,156.7,BID
1501,1712615340.2230809,41384528.56223731,156.2,0.0,156.7,BID
1502,1712615344.9246056,41384566.97452924,156.2,5.972478294420766e-09,156.7,BID
1503,1712615368.394714,41384605.38682117,156.1,-5.972478295579208e-09,156.7,ASK
1504,1712615370.190052,41384605.38682117,156.1,-0.0,156.7,ASK
1505,1712615400.3152544,41384605.38682117,156.1,-0.0,156.7,ASK
1506,1712615406.5253224,41384643.7991131,156.2,5.977126429911922e-09,156.7,BID
1507,1712615419.9651136,41384962.27045067,156.2,4.95555811258836e-08,156.7,BID
1508,1712615426.2346115,41385280.74178824,156.2,4.9555581127042944e-08,156.7,BID
1509,1712615429.786193,41388481.76611602,156.2,4.980938692149754e-07,156.7,BID
1510,1712615430.215057,41388481.76611602,156.2,0.0,156.7,BID
1511,1712615430.2671063,41388673.95061314,156.1,-2.9901960062414965e-08,156.7,ASK
1512,1712615432.395439,41388992.42195071,156.2,4.955091258608248e-08,156.7,BID
1513,1712615433.115733,41389030.83424264,156.1,-5.976563335726981e-09,156.7,ASK
1514,1712615438.37543,41389349.30558021,156.2,4.955091258608248e-08,156.7,BID
1515,1712615442.8169763,41389449.30558021,156.2,1.555898655241476e-08,156.7,BID
1516,1712615444.8156114,41389767.77691778,156.2,4.9550912584923264e-08,156.7,BID
1517,1712615451.0152164,41390086.24825535,156.2,4.955091258608248e-08,156.7,BID
1518,1712615457.2557793,41390404.71959292,156.2,4.955091258608248e-08,156.7,BID
1519,1712615460.2888837,41390404.71959292,156.2,0.0,156.7,BID
1520,1712615463.9460878,41390723.19093049,156.2,4.954859716953673e-08,156.7,BID
1521,1712615470.2063053,41391041.66226806,156.2,4.9548597168377553e-08,156.7,BID
1522,1712615472.7996795,41391565.60983058,155.8,-8.151712148216153e-08,156.7,ASK
1523,1712615472.8029833,41392608.35892841,156.1,-1.62233610695702e-07,156.7,ASK
1524,1712615472.8052208,41393397.48120906,155.8,-1.2277369228751165e-07,156.7,ASK
1525,1712615476.2258267,41393435.89350099,156.2,5.976284062694217e-09,156.7,BID
1526,1712615476.605702,41393754.36483856,156.2,4.954859716953673e-08,156.7,BID
1527,1712615476.955608,41393818.38532511,156.2,9.960473437823694e-09,156.7,BID
1528,1712615481.7455442,41394136.85666268,156.1,4.954859716953673e-08,156.7,BID
1529,1712615487.43581,41394777.47165307,156.1,9.966854267418285e-08,156.7,BID
1530,1712615490.295829,41394777.47165307,156.1,0.0,156.7,BID
1531,1712615498.1759667,41394815.883945,155.8,-5.975649726136051e-09,156.7,ASK
1532,1712615507.4261596,41394854.29623693,156.2,5.975649724976993e-09,156.7,BID
1533,1712615520.210789,41394854.29623693,156.2,0.0,156.7,BID
1534,1712615550.1978583,41394854.29623693,156.2,0.0,156.7,BID
1535,1712615580.2875092,41394854.29623693,156.2,0.0,156.7,BID
1536,1712615599.3664749,41394918.39880103,156.0,9.972166098643232e-09,156.7,BID
1537,1712615603.416658,41394956.81109296,155.8,-5.975638583980198e-09,156.7,ASK
1538,1712615610.302207,41394956.81109296,155.8,-0.0,156.7,ASK
1539,1712615628.5967605,41395224.54682099,155.9,4.16504167810145e-08,156.7,BID
1540,1712615640.2147238,41395224.54682099,155.9,0.0,156.7,BID
1541,1712615670.203025,41395224.54682099,155.9,0.0,156.7,BID
1542,1712615676.1284263,41395263.03303009,155.9,5.987083803570336e-09,156.7,BID
1543,1712615681.4073608,41400765.52977715,155.8,-8.559925729810542e-07,156.7,ASK
