,time,acc_trade_volume,trade_price,dev,high,ask_bid
0,1712601588.4898183,317714.55518577,16110.0,0.0,16240.0,ASK
1,1712601600.2777328,317714.55518577,16110.0,-0.0,16240.0,ASK
2,1712601630.2776816,317714.55518577,16110.0,-0.0,16240.0,ASK
3,1712601660.4379418,317714.55518577,16110.0,-0.0,16240.0,ASK
4,1712601675.8664691,317714.92670279,16150.0,6.650661718332011e-11,16240.0,BID
5,1712601690.4262278,317714.92670279,16150.0,0.0,16240.0,BID
6,1712601691.9061267,317846.87074106,16120.0,-2.3619758299532712e-08,16240.0,ASK
7,1712601720.277068,317846.87074106,16120.0,-0.0,16240.0,ASK
8,1712601743.5174162,317847.24225808,16120.0,-6.648123297647702e-11,16240.0,ASK
9,1712601747.2658062,317893.21369646,16150.0,8.226373869265888e-09,16240.0,BID
10,1712601750.2673244,317893.21369646,16150.0,0.0,16240.0,BID
11,1712601780.4263897,317893.21369646,16150.0,0.0,16240.0,BID
12,1712601791.6455908,318015.80360893,16150.0,2.1933953866885336e-08,16240.0,BID
13,1712601797.6856265,318041.08138675,16150.0,4.522734386463765e-09,16240.0,BID
14,1712601810.4481926,318041.08138675,16150.0,0.0,16240.0,BID
15,1712601811.5157588,318041.45290377,16150.0,6.64439406372002e-11,16240.0,BID
16,1712601840.275962,318041.45290377,16150.0,0.0,16240.0,BID
17,1712601844.6055777,318041.82442079,16140.0,-6.644386932789103e-11,16240.0,ASK
18,1712601852.675318,318056.48753578,16140.0,-2.622421164903444e-09,16240.0,ASK
19,1712601870.2867703,318056.48753578,16140.0,-0.0,16240.0,ASK
20,1712601872.1853456,318056.85928299,16140.0,6.648215238928438e-11,16240.0,BID
21,1712601882.52517,318379.03426859,16140.0,5.7616804951239417e-08,16240.0,BID
22,1712601900.286913,318379.03426859,16140.0,0.0,16240.0,BID
23,1712601906.9251044,318379.4060158,16120.0,-6.643960684224464e-11,16240.0,ASK
24,1712601927.9252834,320085.30223579,16120.0,-3.0488211103907013e-07,16240.0,ASK
25,1712601927.926125,320091.5127621,16120.0,-1.109961057346663e-09,16240.0,ASK
26,1712601927.9269874,320103.91970999,16120.0,-2.2174012814572566e-09,16240.0,ASK
27,1712601927.9277558,321369.50307533,16120.0,-2.2618827780922173e-07,16240.0,ASK
28,1712601928.1449742,321382.92676953,16120.0,2.399116767878532e-09,16240.0,BID
29,1712601929.6550512,321447.69626698,16120.0,1.1575769312403942e-08,16240.0,BID
30,1712601929.895022,321471.35776286,16120.0,4.2288427219073554e-09,16240.0,BID
31,1712601929.9350514,321494.98448161,16120.0,4.222627264785098e-09,16240.0,BID
32,1712601930.0809145,321559.75397906,16120.0,1.157576931239354e-08,16240.0,BID
33,1712601930.2767134,321559.75397906,16120.0,0.0,16240.0,BID
34,1712601930.4367778,321589.43975643,16120.0,5.257341055942073e-09,16240.0,BID
35,1712601930.4566877,321619.1833964,16120.0,5.267588502687371e-09,16240.0,BID
36,1712601930.4772346,321635.73440458,16120.0,2.9311779084471953e-09,16240.0,BID
37,1712601933.285158,321653.9842252,16120.0,3.232037012648196e-09,16240.0,BID
38,1712601936.915319,321683.76873108,16120.0,5.2748258414130074e-09,16240.0,BID
39,1712601939.125384,321692.11535497,16120.0,1.478184246563429e-09,16240.0,BID
40,1712601939.2854931,321735.62422159,16120.0,7.70540545150294e-09,16240.0,BID
41,1712601939.650457,321750.38895892,16120.0,2.614829949637529e-09,16240.0,BID
42,1712601941.4953506,321750.76116735,16120.0,6.591798610623453e-11,16240.0,BID
43,1712601942.1353793,321774.39387071,16120.0,4.1853437115294166e-09,16240.0,BID
44,1712601948.1351857,321797.99573872,16120.0,4.179882781554956e-09,16240.0,BID
45,1712601948.5552604,321806.44458535,16120.0,1.496287858983832e-09,16240.0,BID
46,1712601952.3052642,321815.96755248,16120.0,1.6865142334977883e-09,16240.0,BID
47,1712601952.835462,321825.46052858,16120.0,1.68120283230606e-09,16240.0,BID
48,1712601953.1350057,321935.33615158,16120.0,1.945893539000492e-08,16240.0,BID
49,1712601953.1749382,321952.24655741,16120.0,2.994827109786691e-09,16240.0,BID
50,1712601953.9042375,321966.39195612,16120.0,2.505145291084784e-09,16240.0,BID
51,1712601958.4853327,321990.01377649,16120.0,4.183416337714581e-09,16240.0,BID
52,1712601959.5553772,322006.93255582,16120.0,2.996310053776868e-09,16240.0,BID
53,1712601960.426679,322006.93255582,16120.0,0.0,16240.0,BID
54,1712601962.665092,322019.01213432,16120.0,2.13656164531699e-09,16240.0,BID
55,1712601964.5748656,322027.91634737,16120.0,1.57492250945797e-09,16240.0,BID
56,1712601964.755272,322052.68212209,16120.0,4.380418106747301e-09,16240.0,BID
57,1712601964.7571175,322077.34592882,16120.0,4.362382635024128e-09,16240.0,BID
58,1712601965.074942,322086.06281694,16120.0,1.5417896264905522e-09,16240.0,BID
59,1712601965.275416,322089.16647926,16110.0,-5.489567266717329e-10,16240.0,ASK
60,1712601965.277371,322266.65996023,16110.0,-3.1393956646251896e-08,16240.0,ASK
61,1712601965.2794209,322423.73406023,16110.0,-2.77823019679466e-08,16240.0,ASK
62,1712601965.281355,322615.72603415,16110.0,-3.395836102110897e-08,16240.0,ASK
63,1712601965.4151027,322630.91942016,16120.0,2.687312790877811e-09,16240.0,BID
64,1712601965.5358162,322641.77035614,16120.0,1.919246903407908e-09,16240.0,BID
65,1712601966.535165,322751.64597914,16120.0,1.9434125276557605e-08,16240.0,BID
66,1712601972.4353564,322768.1691236,16120.0,2.922512297364284e-09,16240.0,BID
67,1712601976.7150035,322781.56972492,16120.0,2.3702160472246524e-09,16240.0,BID
68,1712601989.5755637,322784.36128819,16120.0,4.93754563805423e-10,16240.0,BID
69,1712601990.4449744,322784.36128819,16120.0,0.0,16240.0,BID
70,1712602004.7247086,322794.68436797,16120.0,1.8218463252861246e-09,16240.0,BID
71,1712602006.0477738,322795.0565764,16110.0,-6.568839677046987e-11,16240.0,ASK
72,1712602020.5769916,322795.0565764,16110.0,-0.0,16240.0,ASK
73,1712602050.2655928,322795.0565764,16110.0,-0.0,16240.0,ASK
74,1712602057.7646224,322807.46352429,16120.0,2.1895466449264347e-09,16240.0,BID
75,1712602074.7350683,322807.83573272,16120.0,6.5686398159386e-11,16240.0,BID
76,1712602080.424963,322807.83573272,16120.0,0.0,16240.0,BID
77,1712602110.4261303,322807.83573272,16120.0,0.0,16240.0,BID
78,1712602111.3847566,322878.13573172,16120.0,1.240591422386164e-08,16240.0,BID
79,1712602113.934599,322878.50794015,16110.0,-6.568401025945054e-11,16240.0,ASK
80,1712602128.154528,322880.98932972,16120.0,4.37893408238673e-10,16240.0,BID
81,1712602140.2644448,322880.98932972,16120.0,0.0,16240.0,BID
82,1712602170.275722,322880.98932972,16120.0,0.0,16240.0,BID
83,1712602172.1468933,322881.60967711,16120.0,1.0945057491776492e-10,16240.0,BID
84,1712602173.1649616,322881.98188554,16120.0,6.567034424820262e-11,16240.0,BID
85,1712602182.0741975,322903.06991554,16120.0,3.7206524030766308e-09,16240.0,BID
86,1712602182.4741602,322923.23033054,16120.0,3.5569892738579542e-09,16240.0,BID
87,1712602183.684485,322941.27286354,16120.0,3.183322186287117e-09,16240.0,BID
88,1712602184.7245345,322950.53340553,16120.0,1.633877503440618e-09,16240.0,BID
89,1712602200.2960556,322950.53340553,16120.0,0.0,16240.0,BID
90,1712602205.0770736,322980.57340553,16120.0,5.3064007618265e-09,16240.0,BID
91,1712602206.0656338,322988.51478013,16120.0,1.402800140722171e-09,16240.0,BID
92,1712602206.2244267,323152.32478013,16120.0,2.8936135445862472e-08,16240.0,BID
93,1712602209.374705,323152.44846453,16110.0,-2.18481689199028e-11,16240.0,ASK
94,1712602209.3769338,323152.69698856,16110.0,-4.390040287227093e-11,16240.0,ASK
95,1712602210.3157632,323204.25498856,16120.0,9.107437099790408e-09,16240.0,BID
96,1712602210.554293,323221.86378856,16120.0,3.1104976609409753e-09,16240.0,BID
97,1712602212.647853,323244.54378856,16120.0,4.006297246283209e-09,16240.0,BID
98,1712602222.664091,323246.75178856,16120.0,3.9003105466093106e-10,16240.0,BID
99,1712602225.104102,323247.37213595,16120.0,1.0958095415911139e-10,16240.0,BID
100,1712602226.854521,323315.79330272,16120.0,1.2086222752092518e-08,16240.0,BID
101,1712602226.8568313,323332.62372761,16120.0,2.9730019792924323e-09,16240.0,BID
102,1712602230.284412,323332.62372761,16120.0,0.0,16240.0,BID
103,1712602231.2121308,323341.04101549,16120.0,1.4852516424687715e-09,16240.0,BID
104,1712602237.7342825,323371.90065423,16120.0,5.445260965025844e-09,16240.0,BID
105,1712602246.747285,323372.27286266,16120.0,6.567711475638959e-11,16240.0,BID
106,1712602260.2860258,323372.27286266,16120.0,0.0,16240.0,BID
107,1712602278.8141196,323372.64507109,16110.0,-6.566970862001256e-11,16240.0,ASK
108,1712602290.295268,323372.64507109,16110.0,-0.0,16240.0,ASK
109,1712602295.414373,323384.60322435,16110.0,-2.109806081984337e-09,16240.0,ASK
110,1712602295.4168477,324063.6845403,16110.0,-1.1981196923991658e-07,16240.0,ASK
111,1712602305.8639596,324064.38317468,16110.0,-1.2326176391776435e-10,16240.0,ASK
112,1712602305.984059,324064.75561415,16110.0,6.571040209526101e-11,16240.0,BID
113,1712602320.4160888,324064.75561415,16110.0,0.0,16240.0,BID
114,1712602333.6940844,324186.14431415,16110.0,2.1374855058880008e-08,16240.0,BID
115,1712602341.034237,324241.61600934,16110.0,9.767790943944411e-09,16240.0,BID
116,1712602343.7465224,324241.98844881,16110.0,-6.558139011299063e-11,16240.0,ASK
117,1712602350.4548683,324241.98844881,16110.0,-0.0,16240.0,ASK
118,1712602380.2641118,324241.98844881,16110.0,-0.0,16240.0,ASK
119,1712602381.1937008,324242.36065724,16120.0,6.550777219945242e-11,16240.0,BID
120,1712602410.2747824,324242.36065724,16120.0,0.0,16240.0,BID
121,1712602413.103683,324244.52943515,16120.0,3.816991981267821e-10,16240.0,BID
122,1712602415.6235602,324244.90164358,16110.0,-6.550770303452617e-11,16240.0,ASK
123,1712602419.2039182,324249.78112558,16120.0,8.58775976134211e-10,16240.0,BID
124,1712602440.4239807,324249.78112558,16120.0,0.0,16240.0,BID
125,1712602444.293407,324250.15333401,16120.0,6.550632399897702e-11,16240.0,BID
126,1712602454.3634377,324338.77478011,16120.0,1.559681268372461e-08,16240.0,BID
127,1712602470.4381971,324338.77478011,16120.0,0.0,16240.0,BID
128,1712602488.1433485,324339.14698854,16110.0,-6.548978937101842e-11,16240.0,ASK
129,1712602491.1137526,324350.83900809,16110.0,-2.0572019220579e-09,16240.0,ASK
130,1712602491.1168137,324407.94608442,16110.0,-1.0047946523407644e-08,16240.0,ASK
131,1712602495.2334735,324426.56805834,16110.0,3.2765221078198835e-09,16240.0,BID
132,1712602500.293757,324426.56805834,16110.0,0.0,16240.0,BID
133,1712602508.5032666,324451.39735691,16110.0,4.3711351272386936e-09,16240.0,BID
134,1712602517.3537786,324451.76979638,16110.0,6.55670254079129e-11,16240.0,BID
135,1712602523.493858,324464.32482198,16110.0,2.210280458331728e-09,16240.0,BID
136,1712602530.269195,324464.32482198,16110.0,0.0,16240.0,BID
137,1712602553.006846,324464.69726145,16110.0,-6.556000505311239e-11,16240.0,ASK
138,1712602560.4277189,324464.69726145,16110.0,-0.0,16240.0,ASK
139,1712602581.4754217,324465.06946988,16120.0,6.551926620146242e-11,16240.0,BID
140,1712602590.4172282,324465.06946988,16120.0,0.0,16240.0,BID
141,1712602610.1376245,324470.76397873,16110.0,-1.0023944034475023e-09,16240.0,ASK
142,1712602610.1462426,324471.38471119,16110.0,-1.0926644603237063e-10,16240.0,ASK
143,1712602610.1486156,324471.86338282,16110.0,-8.425972732890263e-11,16240.0,ASK
144,1712602610.15071,324483.73779595,16100.0,-2.090232112948838e-09,16240.0,ASK
145,1712602618.630434,324497.73779595,16100.0,-2.464395440931437e-09,16240.0,ASK
146,1712602620.296352,324497.73779595,16100.0,-0.0,16240.0,ASK
147,1712602622.4863143,324498.11000438,16100.0,-6.551313076230225e-11,16240.0,ASK
148,1712602650.2782695,324498.11000438,16100.0,-0.0,16240.0,ASK
149,1712602652.307729,324498.48221281,16120.0,6.551306166165329e-11,16240.0,BID
150,1712602680.4293902,324498.48221281,16120.0,0.0,16240.0,BID
151,1712602691.675185,324498.85442124,16110.0,-6.551299246506582e-11,16240.0,ASK
152,1712602694.7873502,324541.04442124,16120.0,7.425928403483112e-09,16240.0,BID
153,1712602694.9898436,324549.4880183,16120.0,1.486170828047584e-09,16240.0,BID
154,1712602696.3505018,324561.19893617,16120.0,2.061257114056549e-09,16240.0,BID
155,1712602698.1191854,324595.34893617,16120.0,6.0107953301416196e-09,16240.0,BID
156,1712602698.97798,324620.54893617,16120.0,4.43549172239513e-09,16240.0,BID
157,1712602699.4480343,324671.41698849,16120.0,8.953366071408628e-09,16240.0,BID
158,1712602704.31843,324733.45172794,16120.0,1.0918832275055928e-08,16240.0,BID
159,1712602710.4307835,324733.45172794,16120.0,0.0,16240.0,BID
160,1712602719.998428,324733.82393637,16120.0,6.54693453784695e-11,16240.0,BID
161,1712602740.2616725,324733.82393637,16120.0,0.0,16240.0,BID
162,1712602754.6890802,324734.1961448,16110.0,-6.546927627419286e-11,16240.0,ASK
163,1712602757.0791516,324765.21351452,16120.0,5.455773120670354e-09,16240.0,BID
164,1712602763.6592803,324780.68351452,16120.0,2.721082120724483e-09,16240.0,BID
165,1712602770.2916358,324780.68351452,16120.0,0.0,16240.0,BID
166,1712602780.410148,324811.70088424,16120.0,5.455048332310469e-09,16240.0,BID
167,1712602790.890285,324812.07309267,16120.0,6.546057882426719e-11,16240.0,BID
168,1712602792.639786,324812.46053063,16120.0,6.813900781215055e-11,16240.0,BID
169,1712602800.363274,324812.46053063,16120.0,0.0,16240.0,BID
170,1712602802.6801164,324812.80920308,16120.0,6.148219238286714e-11,16240.0,BID
171,1712602804.5479734,324813.42955047,16120.0,1.0938724174275746e-10,16240.0,BID
172,1712602815.7347558,324821.30426179,16120.0,1.388565446853386e-09,16240.0,BID
173,1712602815.7391467,324829.15975086,16120.0,1.385175944553926e-09,16240.0,BID
174,1712602819.8203735,324838.03388831,16120.0,1.564796490056486e-09,16240.0,BID
175,1712602823.8604991,324838.40609674,16110.0,-6.563234433334073e-11,16240.0,ASK
176,1712602823.9805424,324856.76261327,16120.0,3.236845586140606e-09,16240.0,BID
177,1712602826.0127556,324864.9930469,16120.0,1.451290756810791e-09,16240.0,BID
178,1712602826.6703734,324872.60447648,16120.0,1.3421403892077475e-09,16240.0,BID
179,1712602830.2909198,324872.60447648,16120.0,0.0,16240.0,BID
180,1712602837.211228,324873.60447648,16120.0,1.7630209489238156e-10,16240.0,BID
181,1712602837.2142873,325091.72918761,16120.0,3.845584352001264e-08,16240.0,BID
182,1712602858.5609574,325092.10070463,16150.0,6.549922892208166e-11,16240.0,BID
183,1712602860.4227026,325092.10070463,16150.0,0.0,16240.0,BID
184,1712602890.4333458,325092.10070463,16150.0,0.0,16240.0,BID
185,1712602898.9321623,325092.47222165,16120.0,-6.545839544108541e-11,16240.0,ASK
186,1712602920.2743406,325092.47222165,16120.0,-0.0,16240.0,ASK
187,1712602924.5420272,325092.84373867,16150.0,6.545832637015759e-11,16240.0,BID
188,1712602950.3024747,325092.84373867,16150.0,0.0,16240.0,BID
189,1712602967.5562174,325093.21525569,16140.0,-6.545825717083201e-11,16240.0,ASK
190,1712602980.433244,325093.21525569,16140.0,-0.0,16240.0,ASK
191,1712602996.712932,325093.58654281,16160.0,6.541768156906458e-11,16240.0,BID
192,1712603010.4434657,325093.58654281,16160.0,0.0,16240.0,BID
193,1712603034.313523,325093.95782993,16140.0,-6.541761240259732e-11,16240.0,ASK
194,1712603040.2858558,325093.95782993,16140.0,-0.0,16240.0,ASK
195,1712603070.3319762,325093.95782993,16140.0,-0.0,16240.0,ASK
196,1712603098.3941264,325155.17289443,16140.0,-1.0785558989220505e-08,16240.0,ASK
197,1712603098.396824,325164.23330041,16140.0,-1.596364293030837e-09,16240.0,ASK
198,1712603100.4159677,325164.23330041,16140.0,-0.0,16240.0,ASK
199,1712603106.4141996,325164.60504762,16140.0,6.549186433024151e-11,16240.0,BID
200,1712603130.434668,325164.60504762,16140.0,0.0,16240.0,BID
201,1712603160.285077,325164.60504762,16140.0,0.0,16240.0,BID
202,1712603177.75489,325164.97679483,16130.0,-6.549179509262559e-11,16240.0,ASK
203,1712603185.395151,325183.34854204,16120.0,-3.236604529807619e-09,16240.0,ASK
204,1712603185.3982942,325183.97679483,16130.0,-1.1068113461376296e-10,16240.0,ASK
205,1712603190.2779849,325183.97679483,16130.0,-0.0,16240.0,ASK
206,1712603205.4152706,325184.34854204,16140.0,6.548819221163805e-11,16240.0,BID
207,1712603207.1655924,325202.9474261,16130.0,-3.276439638395183e-09,16240.0,ASK
208,1712603207.169155,325262.34854204,16120.0,-1.0464292922210427e-08,16240.0,ASK
209,1712603220.427303,325262.34854204,16120.0,-0.0,16240.0,ASK
210,1712603244.4256513,325262.72028925,16120.0,-6.547361842607439e-11,16240.0,ASK
211,1712603249.3257697,325275.25314801,16120.0,-2.207337647943715e-09,16240.0,ASK
212,1712603249.328943,325276.25314801,16120.0,-1.7612403444553674e-10,16240.0,ASK
213,1712603250.4472945,325276.25314801,16120.0,-0.0,16240.0,ASK
214,1712603273.1257615,325276.62512569,16130.0,6.551162353598402e-11,16240.0,BID
215,1712603280.275867,325276.62512569,16130.0,0.0,16240.0,BID
216,1712603310.278306,325276.62512569,16130.0,0.0,16240.0,BID
217,1712603311.7462258,325276.99710337,16110.0,-6.551155430976162e-11,16240.0,ASK
218,1712603340.4427855,325276.99710337,16110.0,-0.0,16240.0,ASK
219,1712603345.2461336,325277.36885058,16140.0,6.547089554575454e-11,16240.0,BID
220,1712603361.1964426,325278.16661418,16140.0,1.4049950053242848e-10,16240.0,BID
221,1712603370.4390862,325278.16661418,16140.0,0.0,16240.0,BID
222,1712603400.3167326,325278.16661418,16140.0,0.0,16240.0,BID
223,1712603430.3014653,325278.16661418,16140.0,0.0,16240.0,BID
224,1712603460.4180784,325278.16661418,16140.0,0.0,16240.0,BID
225,1712603474.017153,325278.22541241,16110.0,-1.038167343249846e-11,16240.0,ASK
226,1712603474.0201287,325278.53836139,16110.0,-5.5255644832985214e-11,16240.0,ASK
227,1712603490.43916,325278.53836139,16110.0,-0.0,16240.0,ASK
228,1712603503.4270203,325278.9101086,16140.0,6.563724885952796e-11,16240.0,BID
229,1712603520.289528,325278.9101086,16140.0,0.0,16240.0,BID
230,1712603539.7874193,325279.28185581,16110.0,-6.563717933474919e-11,16240.0,ASK
231,1712603548.1773312,325371.03428827,16140.0,1.6200177704440972e-08,16240.0,BID
232,1712603550.3023024,325371.03428827,16140.0,0.0,16240.0,BID
233,1712603573.647932,325371.83205187,16140.0,1.4081937380839268e-10,16240.0,BID
234,1712603573.9274075,325372.20379908,16140.0,6.561995223107492e-11,16240.0,BID
235,1712603580.3232949,325372.20379908,16140.0,0.0,16240.0,BID
236,1712603588.6860905,325409.71117836,16120.0,6.620693229034973e-09,16240.0,BID
237,1712603609.9974377,325410.08292557,16110.0,-6.561973360094322e-11,16240.0,ASK
238,1712603610.280042,325410.08292557,16110.0,-0.0,16240.0,ASK
239,1712603636.667909,325410.455134,16120.0,6.569406611315624e-11,16240.0,BID
240,1712603640.4335551,325410.455134,16120.0,0.0,16240.0,BID
241,1712603670.4395647,325410.455134,16120.0,0.0,16240.0,BID
242,1712603700.333556,325410.455134,16120.0,0.0,16240.0,BID
243,1712603707.5181868,325411.455134,16120.0,1.7667228628659242e-10,16240.0,BID
244,1712603710.7681613,325411.82734243,16110.0,-6.575891430754146e-11,16240.0,ASK
245,1712603730.2790227,325411.82734243,16110.0,-0.0,16240.0,ASK
246,1712603734.6288114,325414.81062503,16110.0,-5.270612981778078e-10,16240.0,ASK
247,1712603734.6333354,325563.59817219,16110.0,-2.628653341748202e-08,16240.0,ASK
248,1712603737.9785223,325563.97038062,16120.0,6.575865735626189e-11,16240.0,BID
249,1712603760.432873,325563.97038062,16120.0,0.0,16240.0,BID
250,1712603790.4482334,325563.97038062,16120.0,0.0,16240.0,BID
251,1712603805.3189409,325749.49913757,16120.0,3.276347411878222e-08,16240.0,BID
252,1712603805.3220394,326099.653834,16130.0,6.183561256300179e-08,16240.0,BID
253,1712603805.325606,326184.31777516,16120.0,1.4951239315089357e-08,16240.0,BID
254,1712603820.2895088,326184.31777516,16120.0,0.0,16240.0,BID
255,1712603821.8284538,326184.68998359,16100.0,-6.561428220770369e-11,16240.0,ASK
256,1712603837.9784832,326190.68998359,16100.0,-1.0577022483936083e-09,16240.0,ASK
257,1712603842.45835,326191.06196127,16130.0,6.557360475042219e-11,16240.0,BID
258,1712603850.308509,326191.06196127,16130.0,0.0,16240.0,BID
259,1712603880.450937,326191.06196127,16130.0,0.0,16240.0,BID
260,1712603881.7286992,326191.43393895,16100.0,-6.557234949248437e-11,16240.0,ASK
261,1712603888.161939,326202.43393895,16110.0,-1.939083668652165e-09,16240.0,ASK
262,1712603898.0487158,326233.66441989,16110.0,-5.5053195958944e-09,16240.0,ASK
263,1712603910.440714,326233.66441989,16110.0,-0.0,16240.0,ASK
264,1712603917.118601,326234.03639757,16130.0,6.556441717810083e-11,16240.0,BID
265,1712603940.2689557,326234.03639757,16130.0,0.0,16240.0,BID
266,1712603948.1690955,326328.29244221,16130.0,1.6613459432838768e-08,16240.0,BID
267,1712603948.1722748,326357.77533405,16130.0,5.1966197968206764e-09,16240.0,BID
268,1712603951.0389328,326358.14731173,16110.0,-6.556434784025931e-11,16240.0,ASK
269,1712603970.2721062,326358.14731173,16110.0,-0.0,16240.0,ASK
270,1712603973.8389802,326462.15590512,16110.0,-1.832596582224604e-08,16240.0,ASK
271,1712603973.918872,326487.97998663,16110.0,4.5501166751464405e-09,16240.0,BID
272,1712603980.2987182,326488.3524261,16110.0,6.562258728905191e-11,16240.0,BID
273,1712604000.3120327,326488.3524261,16110.0,0.0,16240.0,BID
274,1712604021.1190877,326488.72486557,16100.0,-6.563338017994452e-11,16240.0,ASK
275,1712604030.2889624,326488.72486557,16100.0,-0.0,16240.0,ASK
276,1712604035.6994953,326498.72486557,16100.0,-1.762254436160145e-09,16240.0,ASK
277,1712604036.719068,326499.34559803,16100.0,-1.093888531297188e-10,16240.0,ASK
278,1712604049.390711,326547.4317936,16110.0,8.474011146121065e-09,16240.0,BID
279,1712604049.529542,326580.87306263,16110.0,5.893202469900901e-09,16240.0,BID
280,1712604049.5696929,326581.2455021,16110.0,6.563331081513656e-11,16240.0,BID
281,1712604060.452381,326581.2455021,16110.0,0.0,16240.0,BID
282,1712604073.2793186,326642.85634782,16110.0,1.085454770829546e-08,16240.0,BID
283,1712604088.7495894,326643.22878729,16100.0,-6.561607697423935e-11,16240.0,ASK
284,1712604089.1481235,326660.87508729,16110.0,3.1089105008473034e-09,16240.0,BID
285,1712604090.4594038,326660.87508729,16110.0,0.0,16240.0,BID
286,1712604116.4891384,326661.24752676,16110.0,6.560125058447099e-11,16240.0,BID
287,1712604120.306752,326661.24752676,16110.0,0.0,16240.0,BID
288,1712604150.281384,326661.24752676,16110.0,0.0,16240.0,BID
289,1712604151.0297737,326661.61996623,16100.0,-6.5601181265024e-11,16240.0,ASK
290,1712604170.6513014,326680.05905987,16100.0,-3.247846755226912e-09,16240.0,ASK
291,1712604180.4347076,326680.05905987,16100.0,-0.0,16240.0,ASK
292,1712604182.419928,326680.43149934,16110.0,6.559768184726412e-11,16240.0,BID
293,1712604192.7799811,327485.43149934,16110.0,1.4178447276722628e-07,16240.0,BID
294,1712604201.089288,327498.12007081,16100.0,-2.234835299438366e-09,16240.0,ASK
295,1712604210.4713433,327498.12007081,16100.0,-0.0,16240.0,ASK
296,1712604218.1898427,327498.49251028,16100.0,-6.544577007582365e-11,16240.0,ASK
297,1712604220.5996895,327624.62196732,16100.0,-2.2163707423243853e-08,16240.0,ASK
298,1712604220.604637,327641.96621028,16100.0,-3.047763270098744e-09,16240.0,ASK
299,1712604223.413521,327659.37481028,16100.0,-3.0590722112218e-09,16240.0,ASK
300,1712604231.2796006,327669.37481028,16100.0,-1.7572189671930867e-09,16240.0,ASK
301,1712604240.2799482,327669.37481028,16100.0,-0.0,16240.0,ASK
302,1712604242.839759,327669.68543139,16100.0,-5.4556497956120755e-11,16240.0,ASK
303,1712604242.844235,327697.68029252,16100.0,-4.916927841449704e-09,16240.0,ASK
304,1712604245.9301283,327698.05273199,16110.0,6.541407692371901e-11,16240.0,BID
305,1712604270.2916114,327698.05273199,16110.0,0.0,16240.0,BID
306,1712604283.9131155,327698.42517146,16100.0,-6.540877261770675e-11,16240.0,ASK
307,1712604300.4523072,327698.42517146,16100.0,-0.0,16240.0,ASK
308,1712604314.6397605,327698.79761093,16110.0,6.541228774490126e-11,16240.0,BID
309,1712604330.432368,327698.79761093,16110.0,0.0,16240.0,BID
310,1712604355.3398528,327699.1700504,16100.0,-6.54122188242544e-11,16240.0,ASK
311,1712604360.3151205,327699.1700504,16100.0,-0.0,16240.0,ASK
312,1712604383.9800344,327705.04253692,16100.0,-1.031394359779288e-09,16240.0,ASK
313,1712604383.984082,327760.78089612,16100.0,-9.789418691160098e-09,16240.0,ASK
314,1712604384.299728,327761.15333559,16110.0,6.541214992609406e-11,16240.0,BID
315,1712604390.2926936,327761.15333559,16110.0,0.0,16240.0,BID
316,1712604402.9399805,327774.55124989,16100.0,-2.35268512927843e-09,16240.0,ASK
317,1712604414.6500535,327780.56994532,16100.0,-1.0568880288940622e-09,16240.0,ASK
318,1712604414.6538503,327787.73358884,16100.0,-1.25794188583957e-09,16240.0,ASK
319,1712604414.6597383,327788.73358884,16100.0,-1.7560084925104615e-10,16240.0,ASK
320,1712604414.6629136,327789.22648684,16100.0,-8.655330739357762e-11,16240.0,ASK
321,1712604420.3021677,327789.22648684,16100.0,-0.0,16240.0,ASK
322,1712604423.770151,327789.59892631,16100.0,-6.539549694263343e-11,16240.0,ASK
323,1712604450.284645,327789.59892631,16100.0,-0.0,16240.0,ASK
324,1712604454.4999406,327789.97136578,16110.0,6.5395428079692e-11,16240.0,BID
325,1712604480.450687,327789.97136578,16110.0,0.0,16240.0,BID
326,1712604486.0797637,327798.82995149,16100.0,-1.5554484448738883e-09,16240.0,ASK
327,1712604489.2198582,327814.97218204,16100.0,-2.834358466212173e-09,16240.0,ASK
328,1712604489.2234895,327824.97195149,16100.0,-1.755824953246487e-09,16240.0,ASK
329,1712604510.4334457,327824.97195149,16100.0,-0.0,16240.0,ASK
330,1712604514.2101033,327824.97218204,16100.0,-4.04774741986356e-14,16240.0,ASK
331,1712604516.649927,327825.28299621,16090.0,-5.456938642113537e-11,16240.0,ASK
332,1712604516.660174,327835.87291252,16090.0,-1.859262836390386e-09,16240.0,ASK
333,1712604524.2345324,327849.24705176,16090.0,-2.348086550408356e-09,16240.0,ASK
334,1712604524.8103058,327869.14887202,16090.0,-3.494146101129702e-09,16240.0,ASK
335,1712604524.9901135,327892.16949114,16090.0,-4.041711034099746e-09,16240.0,ASK
336,1712604525.0106463,327908.43199385,16090.0,-2.855194132809854e-09,16240.0,ASK
337,1712604525.210206,327921.33197422,16090.0,-2.264838870293244e-09,16240.0,ASK
338,1712604530.0103328,327921.70441369,16090.0,-6.538888931229916e-11,16240.0,ASK
339,1712604540.3020575,327921.70441369,16090.0,-0.0,16240.0,ASK
340,1712604544.1444075,328001.13277776,16090.0,-1.3941362479277794e-08,16240.0,ASK
341,1712604560.3202424,328001.50544856,16100.0,6.541162932567229e-11,16240.0,BID
342,1712604569.5599957,328019.40975145,16090.0,-3.142584887037246e-09,16240.0,ASK
343,1712604569.619921,328033.75155614,16090.0,-2.517290896416472e-09,16240.0,ASK
344,1712604570.2959409,328033.75155614,16090.0,-0.0,16240.0,ASK
345,1712604595.2800748,328035.34133823,16090.0,-2.7895220344439587e-10,16240.0,ASK
346,1712604596.5502024,328035.71400903,16090.0,-6.539093721034722e-11,16240.0,ASK
347,1712604597.4334805,328063.88326919,16090.0,-4.9427385303434815e-09,16240.0,ASK
348,1712604597.474173,328081.21707333,16090.0,-3.041487817355794e-09,16240.0,ASK
349,1712604600.1203637,328082.01196438,16090.0,-1.3947610259544762e-10,16240.0,ASK
350,1712604600.3843546,328082.01196438,16090.0,-0.0,16240.0,ASK
351,1712604603.130088,328083.87531841,16100.0,3.2715252613368265e-10,16240.0,BID
352,1712604626.6844835,328085.15506996,16100.0,2.2468835533310423e-10,16240.0,BID
353,1712604628.7602177,328085.52774076,16100.0,6.543050417615887e-11,16240.0,BID
354,1712604630.282387,328085.52774076,16100.0,0.0,16240.0,BID
355,1712604643.641147,328096.4345832,16090.0,-1.914915543828955e-09,16240.0,ASK
356,1712604644.2067564,328104.77647062,16090.0,-1.4645861048465958e-09,16240.0,ASK
357,1712604660.4537437,328104.77647062,16090.0,-0.0,16240.0,ASK
358,1712604660.857653,328119.64002381,16090.0,-2.609453799426173e-09,16240.0,ASK
359,1712604665.2404528,328120.01269461,16090.0,-6.542629629757153e-11,16240.0,ASK
360,1712604671.5702984,328127.87171355,16090.0,-1.3797338072989523e-09,16240.0,ASK
361,1712604690.4423923,328127.87171355,16090.0,-0.0,16240.0,ASK
362,1712604693.490275,328128.24438435,16100.0,6.542202824703094e-11,16240.0,BID
363,1712604720.2848952,328128.24438435,16100.0,0.0,16240.0,BID
364,1712604721.600487,328159.30031602,16100.0,5.451835504236839e-09,16240.0,BID
365,1712604750.3127666,328159.30031602,16100.0,0.0,16240.0,BID
366,1712604753.5333316,328161.68346254,16090.0,-4.183220981697771e-10,16240.0,ASK
367,1712604768.9708552,328162.05613334,16090.0,-6.541621745927479e-11,16240.0,ASK
368,1712604780.3428602,328162.05613334,16090.0,-0.0,16240.0,ASK
369,1712604801.8607574,328164.05613334,16090.0,-3.510643082466065e-10,16240.0,ASK
370,1712604801.8658764,328254.20051818,16090.0,-1.5823238053081634e-08,16240.0,ASK
371,1712604801.8679974,328525.29245243,16090.0,-4.75853511843602e-08,16240.0,ASK
372,1712604803.972001,328547.79665403,16100.0,3.9502109836693736e-09,16240.0,BID
373,1712604803.974121,328568.5394322,16100.0,3.641024534688766e-09,16240.0,BID
374,1712604810.2976117,328568.5394322,16100.0,0.0,16240.0,BID
375,1712604810.9305851,328626.7574322,16090.0,-1.0207411699772534e-08,16240.0,ASK
376,1712604835.1303296,328638.51916246,16090.0,-2.0621942194051877e-09,16240.0,ASK
377,1712604840.442353,328638.51916246,16090.0,-0.0,16240.0,ASK
378,1712604845.2204366,328639.14028047,16100.0,1.0887965677609112e-10,16240.0,BID
379,1712604861.9204268,328639.51295127,16100.0,6.532779300448188e-11,16240.0,BID
380,1712604868.5104527,328640.44462828,16100.0,1.6331948428662842e-10,16240.0,BID
381,1712604870.440672,328640.44462828,16100.0,0.0,16240.0,BID
382,1712604875.373607,328646.6558084,16100.0,1.0887906545417695e-09,16240.0,BID
383,1712604897.8144171,328647.6558084,16100.0,1.7529529550019804e-10,16240.0,BID
384,1712604900.2898822,328647.6558084,16100.0,0.0,16240.0,BID
385,1712604930.2830253,328647.6558084,16100.0,0.0,16240.0,BID
386,1712604932.4112298,328717.6558084,16100.0,1.2284185130243785e-08,16240.0,BID
387,1712604938.9509454,328718.0284792,16090.0,-6.539938713339919e-11,16240.0,ASK
388,1712604939.8004544,328766.91517639,16100.0,8.579046266973057e-09,16240.0,BID
389,1712604946.9405797,328775.51490629,16100.0,-1.509152488026907e-09,16240.0,ASK
390,1712604951.0042012,328830.91490629,16100.0,-9.722055088797023e-09,16240.0,ASK
391,1712604951.8606174,328852.09990629,16100.0,-3.717720885488371e-09,16240.0,ASK
392,1712604954.2310634,328871.74190629,16100.0,-3.446942347545098e-09,16240.0,ASK
393,1712604960.441389,328871.74190629,16100.0,-0.0,16240.0,ASK
394,1712604962.240609,328872.11434576,16110.0,6.531743739735185e-11,16240.0,BID
395,1712604962.9508348,328874.04434576,16100.0,-3.3847823424227914e-10,16240.0,ASK
396,1712604963.0309238,328883.97298133,16100.0,-1.7412575316977843e-09,16240.0,ASK
397,1712604963.783155,328924.81803012,16100.0,-7.1632953326544635e-09,16240.0,ASK
398,1712604966.4405718,328960.47803011,16100.0,-6.253955352199815e-09,16240.0,ASK
399,1712604969.6708484,328963.33534586,16100.0,-5.0110838846042e-10,16240.0,ASK
400,1712604969.6756754,328970.60803011,16100.0,-1.2754638980101875e-09,16240.0,ASK
401,1712604972.3205066,328995.60803011,16100.0,-4.384433086055753e-09,16240.0,ASK
402,1712604989.7434573,329022.29803011,16100.0,-4.68082076267353e-09,16240.0,ASK
403,1712604990.4438064,329022.29803011,16100.0,-0.0,16240.0,ASK
404,1712604999.7406433,329022.67046958,16100.0,-6.528968227661172e-11,16240.0,ASK
405,1712605020.375211,329022.67046958,16100.0,-0.0,16240.0,ASK
406,1712605025.2206326,329046.41946958,16100.0,-4.163261843937704e-09,16240.0,ASK
407,1712605029.5908463,329090.52946958,16100.0,-7.732598422499943e-09,16240.0,ASK
408,1712605033.5707462,329091.63446958,16100.0,-1.9370939145706662e-10,16240.0,ASK
409,1712605034.3106868,329105.38130436,16100.0,-2.40985610822991e-09,16240.0,ASK
410,1712605035.0906506,329135.38030436,16100.0,-5.258903198293631e-09,16240.0,ASK
411,1712605038.240843,329135.75274383,16110.0,6.528961364652781e-11,16240.0,BID
412,1712605039.6905696,329159.50374383,16100.0,-4.163612449177546e-09,16240.0,ASK
413,1712605041.2107313,329210.90874383,16100.0,-9.011431011301324e-09,16240.0,ASK
414,1712605043.2209098,329254.15874383,16100.0,-7.581838172143016e-09,16240.0,ASK
415,1712605045.6309488,329271.30198584,16100.0,-3.0052551830276316e-09,16240.0,ASK
416,1712605045.6362352,329277.87874383,16100.0,-1.1529228850292891e-09,16240.0,ASK
417,1712605045.7134943,329295.04874383,16100.0,-3.009945928683746e-09,16240.0,ASK
418,1712605050.303424,329295.04874383,16100.0,-0.0,16240.0,ASK
419,1712605072.2110198,329295.41578011,16090.0,-6.429299483987865e-11,16240.0,ASK
420,1712605072.215368,329295.4211833,16100.0,-9.464657428161523e-13,16240.0,ASK
421,1712605080.432886,329295.4211833,16100.0,-0.0,16240.0,ASK
422,1712605091.5412424,329296.66341932,16110.0,2.17599715732472e-10,16240.0,BID
423,1712605103.7308476,329297.03585879,16110.0,6.523939210009689e-11,16240.0,BID
424,1712605105.5533,329346.66963904,16110.0,8.694238694477251e-09,16240.0,BID
425,1712605110.4512255,329346.66963904,16110.0,0.0,16240.0,BID
426,1712605127.011634,329372.51963904,16090.0,-4.5274321415914305e-09,16240.0,ASK
427,1712605140.2812903,329372.51963904,16090.0,-0.0,16240.0,ASK
428,1712605170.2749228,329372.51963904,16090.0,-0.0,16240.0,ASK
429,1712605187.0824018,329377.37780474,16090.0,-8.508090289634751e-10,16240.0,ASK
430,1712605187.0843997,329378.73854451,16090.0,-2.383059273554869e-10,16240.0,ASK
431,1712605189.5115657,329409.81374649,16110.0,5.4421903356488435e-09,16240.0,BID
432,1712605197.9210913,329410.43447895,16110.0,1.0870868021995471e-10,16240.0,BID
433,1712605200.3392196,329410.43447895,16110.0,0.0,16240.0,BID
434,1712605211.8308344,329489.78447894,16090.0,-1.3898593017235056e-08,16240.0,ASK
435,1712605228.0262022,329489.78500394,16090.0,-9.195666130800205e-14,16240.0,ASK
436,1712605228.031299,329642.27505986,16090.0,-2.6709479857270563e-08,16240.0,ASK
437,1712605230.2920156,329642.27505986,16090.0,-0.0,16240.0,ASK
438,1712605242.8012846,329710.34115681,16090.0,1.1914370080992965e-08,16240.0,BID
439,1712605260.4414868,329710.34115681,16090.0,0.0,16240.0,BID
440,1712605261.040939,329710.71359628,16080.0,-6.517975004593648e-11,16240.0,ASK
441,1712605274.717476,329713.19961243,16090.0,4.3507180174752734e-10,16240.0,BID
442,1712605278.841044,329781.197683,16090.0,1.1900181371895373e-08,16240.0,BID
443,1712605290.4346087,329781.197683,16090.0,0.0,16240.0,BID
444,1712605320.283325,329781.197683,16090.0,0.0,16240.0,BID
445,1712605326.1211264,329781.57058542,16090.0,6.524775144276848e-11,16240.0,BID
446,1712605350.3012476,329781.57058542,16090.0,0.0,16240.0,BID
447,1712605358.0112622,329787.78562581,16090.0,1.087461392299439e-09,16240.0,BID
448,1712605364.921164,329788.15852823,16080.0,-6.524768294338107e-11,16240.0,ASK
449,1712605368.311539,329973.86439827,16080.0,-3.24934274470212e-08,16240.0,ASK
450,1712605368.315132,330028.87498779,16080.0,-9.625342478416611e-09,16240.0,ASK
451,1712605368.3186443,330041.31279873,16080.0,-2.176275350319447e-09,16240.0,ASK
452,1712605368.322172,330073.02921663,16080.0,-5.5495021438523434e-09,16240.0,ASK
453,1712605380.434693,330073.02921663,16080.0,-0.0,16240.0,ASK
454,1712605383.0614803,330097.1192765,16090.0,4.211645175844834e-09,16240.0,BID
455,1712605383.0667975,330141.78540059,16090.0,7.808941408284866e-09,16240.0,BID
456,1712605391.8206642,330151.86386579,16080.0,-1.762009707265812e-09,16240.0,ASK
457,1712605391.8255403,330164.04430732,16080.0,-2.129496484693243e-09,16240.0,ASK
458,1712605391.8282905,330176.48211826,16080.0,-2.174492165077077e-09,16240.0,ASK
459,1712605391.8307505,330211.75240059,16080.0,-6.166274190565249e-09,16240.0,ASK
460,1712605403.3112006,330212.12530301,16090.0,6.519422063404127e-11,16240.0,BID
461,1712605410.444296,330212.12530301,16090.0,0.0,16240.0,BID
462,1712605425.1794505,330276.58469123,16090.0,1.1264974997565233e-08,16240.0,BID
463,1712605425.1864674,330302.06929928,16090.0,4.4537107849452824e-09,16240.0,BID
464,1712605436.7115347,330302.4422017,16080.0,-6.516872954948666e-11,16240.0,ASK
465,1712605436.7168162,330313.62821838,16080.0,-1.9548773530430603e-09,16240.0,ASK
466,1712605440.2832875,330313.62821838,16080.0,-0.0,16240.0,ASK
467,1712605470.284865,330313.62821838,16080.0,-0.0,16240.0,ASK
468,1712605485.8215811,330339.10799763,16090.0,4.451596345149046e-09,16240.0,BID
469,1712605485.8271422,330411.77439613,16090.0,1.2695615248591448e-08,16240.0,BID
470,1712605492.967225,330427.695025,16090.0,2.7815081361090113e-09,16240.0,BID
471,1712605500.304868,330427.695025,16090.0,0.0,16240.0,BID
472,1712605513.1714156,330428.06792742,16090.0,6.514108865036715e-11,16240.0,BID
473,1712605530.3031137,330428.06792742,16090.0,0.0,16240.0,BID
474,1712605543.641245,330446.71304861,16090.0,3.25705105192632e-09,16240.0,BID
475,1712605553.2818477,330459.1431294,16090.0,2.1713673673611307e-09,16240.0,BID
476,1712605556.9118369,330459.51603182,16080.0,-6.51410203747533e-11,16240.0,ASK
477,1712605560.442228,330459.51603182,16080.0,-0.0,16240.0,ASK
478,1712605582.0617151,330459.88893424,16090.0,6.513526302195908e-11,16240.0,BID
479,1712605590.4468713,330459.88893424,16090.0,0.0,16240.0,BID
480,1712605620.2931583,330459.88893424,16090.0,0.0,16240.0,BID
481,1712605622.0018463,330460.26183666,16080.0,-6.513519475855657e-11,16240.0,ASK
482,1712605632.2919831,330495.55369888,16080.0,-6.1644607162732675e-09,16240.0,ASK
483,1712605632.296699,330752.0278094,16080.0,-4.4798559202803376e-08,16240.0,ASK
484,1712605632.3003287,330814.21686412,16080.0,-1.0862617064901393e-08,16240.0,ASK
485,1712605650.2918754,330814.21686412,16080.0,-0.0,16240.0,ASK
486,1712605659.0156512,330814.58976654,16090.0,6.507043642489057e-11,16240.0,BID
487,1712605680.458382,330814.58976654,16090.0,0.0,16240.0,BID
488,1712605692.7116954,330827.64169441,16080.0,-2.277522772557505e-09,16240.0,ASK
489,1712605693.0115054,330828.01459683,16080.0,-6.50703682973002e-11,16240.0,ASK
490,1712605710.4537551,330828.01459683,16080.0,-0.0,16240.0,ASK
491,1712605722.311775,330828.3870363,16110.0,6.498713689336984e-11,16240.0,BID
492,1712605740.2935534,330828.3870363,16110.0,0.0,16240.0,BID
493,1712605770.2938647,330828.3870363,16110.0,0.0,16240.0,BID
494,1712605800.324448,330828.3870363,16110.0,0.0,16240.0,BID
495,1712605825.1818542,330828.75947577,16080.0,-6.506166744351193e-11,16240.0,ASK
496,1712605830.3060644,330828.75947577,16080.0,-0.0,16240.0,ASK
497,1712605852.2818203,330829.13214657,16100.0,6.51020105050539e-11,16240.0,BID
498,1712605860.4336383,330829.13214657,16100.0,0.0,16240.0,BID
499,1712605890.4566815,330829.13214657,16100.0,0.0,16240.0,BID
500,1712605894.811828,330860.18804719,16100.0,5.425161963797664e-09,16240.0,BID
501,1712605920.2974658,330860.18804719,16100.0,0.0,16240.0,BID
502,1712605925.031904,330860.56071799,16090.0,-6.509625641925918e-11,16240.0,ASK
503,1712605950.333334,330860.56071799,16090.0,-0.0,16240.0,ASK
504,1712605958.2120905,330860.93338879,16100.0,6.509618824775936e-11,16240.0,BID
505,1712605968.6822214,330888.92833541,16100.0,4.890011009921949e-09,16240.0,BID
506,1712605973.6618958,330919.98423603,16100.0,5.424682462022235e-09,16240.0,BID
507,1712605980.442025,330919.98423603,16100.0,0.0,16240.0,BID
508,1712605991.6819592,330920.35690683,16090.0,-6.508531153090904e-11,16240.0,ASK
509,1712606010.435136,330920.35690683,16090.0,-0.0,16240.0,ASK
510,1712606018.6821496,330920.72957763,16100.0,6.508524338233289e-11,16240.0,BID
511,1712606040.3042314,330920.72957763,16100.0,0.0,16240.0,BID
512,1712606055.1321294,330921.10224843,16090.0,-6.508517518137295e-11,16240.0,ASK
513,1712606070.273071,330921.10224843,16090.0,-0.0,16240.0,ASK
514,1712606088.414466,330921.47491923,16100.0,6.508510701275102e-11,16240.0,BID
515,1712606096.7821724,331029.25564482,16100.0,1.8823369203332083e-08,16240.0,BID
516,1712606096.7885773,331035.28337259,16100.0,1.0527127615023147e-09,16240.0,BID
517,1712606100.3068454,331035.28337259,16100.0,0.0,16240.0,BID
518,1712606130.2971537,331035.28337259,16100.0,0.0,16240.0,BID
519,1712606149.3124237,331035.65604339,16100.0,-6.506767616425729e-11,16240.0,ASK
520,1712606160.441495,331035.65604339,16100.0,-0.0,16240.0,ASK
521,1712606184.7922006,331036.02848286,16110.0,6.502721823667962e-11,16240.0,BID
522,1712606190.444459,331036.02848286,16110.0,0.0,16240.0,BID
523,1712606201.65246,331044.56773753,16100.0,-1.490935950628718e-09,16240.0,ASK
524,1712606215.722244,331044.940177,16100.0,-6.502715011498589e-11,16240.0,ASK
525,1712606220.2955346,331044.940177,16100.0,-0.0,16240.0,ASK
526,1712606229.1524734,331052.54557868,16100.0,-1.327853913658498e-09,16240.0,ASK
527,1712606229.1547308,331060.40627789,16100.0,-1.3724272102006475e-09,16240.0,ASK
528,1712606242.8925445,331060.77871736,16110.0,6.502552115010756e-11,16240.0,BID
529,1712606250.2955377,331060.77871736,16110.0,0.0,16240.0,BID
530,1712606269.8922942,331066.986042,16110.0,1.083710461322911e-09,16240.0,BID
531,1712606275.4324846,331114.878334,16100.0,-8.361311976917697e-09,16240.0,ASK
532,1712606280.4447584,331114.878334,16100.0,-0.0,16240.0,ASK
533,1712606280.8082976,331115.25077273,16090.0,-6.501261017656589e-11,16240.0,ASK
534,1712606280.8110964,331115.25077347,16100.0,-1.291727662584202e-16,16240.0,ASK
535,1712606307.002251,331115.62321294,16110.0,6.501273935949281e-11,16240.0,BID
536,1712606310.4642513,331115.62321294,16110.0,0.0,16240.0,BID
537,1712606323.3523972,331177.69645937,16110.0,1.0835434125782834e-08,16240.0,BID
538,1712606340.2881112,331177.69645937,16110.0,0.0,16240.0,BID
539,1712606347.9728334,331178.06889884,16100.0,-6.500125670707066e-11,16240.0,ASK
540,1712606370.2931638,331178.06889884,16100.0,-0.0,16240.0,ASK
541,1712606384.1025782,331178.44133831,16110.0,6.500118869217041e-11,16240.0,BID
542,1712606400.4060116,331178.44133831,16110.0,0.0,16240.0,BID
543,1712606404.8729534,331183.40719802,16110.0,8.66923863020484e-10,16240.0,BID
544,1712606430.2949169,331183.40719802,16110.0,0.0,16240.0,BID
545,1712606460.4493322,331183.40719802,16110.0,0.0,16240.0,BID
546,1712606490.442423,331183.40719802,16110.0,0.0,16240.0,BID
547,1712606510.842718,331183.77963749,16090.0,-6.501838022450139e-11,16240.0,ASK
548,1712606520.319601,331183.77963749,16090.0,-0.0,16240.0,ASK
549,1712606538.5224671,331184.15207696,16110.0,6.501831221603278e-11,16240.0,BID
550,1712606550.31635,331184.15207696,16110.0,0.0,16240.0,BID
551,1712606576.132664,331184.52451643,16100.0,-6.501824410283589e-11,16240.0,ASK
552,1712606580.3059173,331184.52451643,16100.0,-0.0,16240.0,ASK
553,1712606603.2759595,331184.8969559,16110.0,6.50181760523784e-11,16240.0,BID
554,1712606610.2849348,331184.8969559,16110.0,0.0,16240.0,BID
555,1712606631.755114,331194.8969559,16110.0,1.745736238566226e-09,16240.0,BID
556,1712606631.7613125,331209.38354483,16110.0,2.528976326833543e-09,16240.0,BID
557,1712606639.0818765,331211.61054483,16110.0,-3.8877546032089455e-10,16240.0,ASK
558,1712606639.30185,331211.9829843,16110.0,-6.501810794962831e-11,16240.0,ASK
559,1712606640.445613,331211.9829843,16110.0,-0.0,16240.0,ASK
560,1712606650.3346882,331218.5299843,16110.0,-1.142846457653914e-09,16240.0,ASK
561,1712606653.6113892,331219.76311085,16120.0,2.1525497319092383e-10,16240.0,BID
562,1712606668.4210029,331220.13531928,16120.0,6.497282506405623e-11,16240.0,BID
563,1712606670.4349911,331220.13531928,16120.0,0.0,16240.0,BID
564,1712606688.1903014,331344.20479818,16120.0,2.1657112180802987e-08,16240.0,BID
565,1712606700.2801142,331344.20479818,16120.0,0.0,16240.0,BID
566,1712606705.980116,331344.20579212,16110.0,-1.7344813036358933e-13,16240.0,ASK
567,1712606705.9851975,331344.57700661,16100.0,-6.477902078266538e-11,16240.0,ASK
568,1712606725.3472505,331356.73000661,16100.0,-2.1207669981341206e-09,16240.0,ASK
569,1712606730.285257,331356.73000661,16100.0,-0.0,16240.0,ASK
570,1712606745.7189474,331358.73000661,16120.0,3.4899899132568926e-10,16240.0,BID
571,1712606754.161823,331359.24727961,16110.0,-9.026387762594624e-11,16240.0,ASK
572,1712606760.4561205,331359.24727961,16110.0,-0.0,16240.0,ASK
573,1712606767.3082037,331359.61948804,16120.0,6.494972346554355e-11,16240.0,BID
574,1712606780.798203,331360.23983543,16120.0,1.0824954028408126e-10,16240.0,BID
575,1712606790.440065,331360.23983543,16120.0,0.0,16240.0,BID
576,1712606808.697668,331360.34329489,16110.0,-1.805344537139909e-11,16240.0,ASK
577,1712606808.704497,331360.61204386,16100.0,-4.6896096766989965e-11,16240.0,ASK
578,1712606820.2717535,331360.61204386,16100.0,-0.0,16240.0,ASK
579,1712606833.9099536,331360.98448333,16110.0,6.498979012319905e-11,16240.0,BID
580,1712606834.0466187,331372.36683276,16100.0,-1.986192549971265e-09,16240.0,ASK
581,1712606834.4895277,331416.68723098,16100.0,-7.733802700202666e-09,16240.0,ASK
582,1712606835.251514,331442.66642416,16100.0,-4.5333066135137614e-09,16240.0,ASK
583,1712606835.4963129,331463.7800263,16100.0,-3.6842727005873245e-09,16240.0,ASK
584,1712606840.9666345,331464.40037417,16100.0,-1.0824920859633036e-10,16240.0,ASK
585,1712606850.2838476,331464.40037417,16100.0,-0.0,16240.0,ASK
586,1712606870.795758,331464.77281364,16100.0,-6.497084562568999e-11,16240.0,ASK
587,1712606879.0358555,331475.22781364,16100.0,-1.823840504796001e-09,16240.0,ASK
588,1712606880.4179945,331475.22781364,16100.0,-0.0,16240.0,ASK
589,1712606899.0853724,331475.60025311,16110.0,6.496886992111905e-11,16240.0,BID
590,1712606910.4493997,331475.60025311,16110.0,0.0,16240.0,BID
591,1712606934.854569,331537.68925311,16100.0,-1.0830881976236393e-08,16240.0,ASK
592,1712606936.8149154,331548.05325311,16100.0,-1.807908982295876e-09,16240.0,ASK
593,1712606937.384463,331548.42569258,16100.0,-6.496880193177416e-11,16240.0,ASK
594,1712606940.294774,331548.42569258,16100.0,-0.0,16240.0,ASK
595,1712606951.14469,331556.16650145,16100.0,-1.350040151747686e-09,16240.0,ASK
596,1712606951.164387,331579.57026294,16100.0,-4.0817462676138e-09,16240.0,ASK
597,1712606959.9048803,331609.82826294,16100.0,-5.277163613978763e-09,16240.0,ASK
598,1712606963.7742982,331610.20070241,16110.0,6.495551654540947e-11,16240.0,BID
599,1712606970.2801907,331610.20070241,16110.0,0.0,16240.0,BID
600,1712606986.413921,331953.5747404,16110.0,5.987595730692685e-08,16240.0,BID
601,1712606986.420685,332107.72491048,16110.0,2.6879985034964506e-08,16240.0,BID
602,1712607000.3740206,332107.72491048,16110.0,0.0,16240.0,BID
603,1712607019.7631264,332194.95185448,16100.0,-1.5190568825411824e-08,16240.0,ASK
604,1712607019.7830234,332200.02485448,16100.0,-8.834627480579513e-10,16240.0,ASK
605,1712607029.770863,332390.27671204,16100.0,-3.313235342084188e-08,16240.0,ASK
606,1712607030.277694,332390.27671204,16100.0,-0.0,16240.0,ASK
607,1712607040.5629935,332390.64915151,16100.0,-6.480897572127277e-11,16240.0,ASK
608,1712607060.4376028,332390.64915151,16100.0,-0.0,16240.0,ASK
609,1712607063.7427037,332391.02159098,16110.0,6.480890810819845e-11,16240.0,BID
610,1712607071.8622468,332422.0774916,16100.0,-5.404096964696948e-09,16240.0,ASK
611,1712607071.8720677,332727.91602688,16100.0,-5.3219551428147694e-08,16240.0,ASK
612,1712607076.6021066,332913.55959123,16100.0,-3.2304193489505695e-08,16240.0,ASK
613,1712607077.422474,333032.07277968,16100.0,-2.0622707736471684e-08,16240.0,ASK
614,1712607082.8820777,333435.07290659,16100.0,-7.012682675844948e-08,16240.0,ASK
615,1712607090.232864,333666.82290659,16100.0,-4.032726298595084e-08,16240.0,ASK
616,1712607090.431852,333666.82290659,16100.0,-0.0,16240.0,ASK
617,1712607096.891874,333678.00808155,16100.0,-1.9394197518778806e-09,16240.0,ASK
618,1712607103.9036455,333678.38052102,16100.0,-6.457802108745248e-11,16240.0,ASK
619,1712607120.275333,333678.38052102,16100.0,-0.0,16240.0,ASK
620,1712607121.7215433,333690.01814432,16100.0,-2.017805566997714e-09,16240.0,ASK
621,1712607128.631518,333690.39058379,16110.0,6.457593759597962e-11,16240.0,BID
622,1712607143.9696386,333722.85833911,16100.0,-5.6294670950917504e-09,16240.0,ASK
623,1712607150.296899,333722.85833911,16100.0,-0.0,16240.0,ASK
624,1712607154.601409,333783.15401374,16110.0,1.0453151866348724e-08,16240.0,BID
625,1712607164.410975,333783.52645321,16100.0,-6.456792074192243e-11,16240.0,ASK
626,1712607169.7909386,333915.76417285,16110.0,2.292537523360328e-08,16240.0,BID
627,1712607173.9509463,334001.01576451,16110.0,-1.4779631208012042e-08,16240.0,ASK
628,1712607180.4411907,334001.01576451,16110.0,-0.0,16240.0,ASK
629,1712607193.2606502,334002.25722943,16120.0,2.1505933335685383e-10,16240.0,BID
630,1712607194.2607174,334015.37914186,16110.0,-2.273112751003513e-09,16240.0,ASK
631,1712607200.2805934,334015.75135029,16120.0,6.447777584509013e-11,16240.0,BID
632,1712607210.4370108,334015.75135029,16120.0,0.0,16240.0,BID
633,1712607211.5513406,334083.37028829,16110.0,-1.1713166809213213e-08,16240.0,ASK
634,1712607211.5652435,334095.50635871,16110.0,-2.102248592510255e-09,16240.0,ASK
635,1712607211.5683062,334107.29679081,16100.0,-2.0423760269662283e-09,16240.0,ASK
636,1712607211.5801392,334123.58226225,16100.0,-2.8210209918325027e-09,16240.0,ASK
637,1712607211.9602387,334147.49547825,16100.0,-4.142323086365658e-09,16240.0,ASK
638,1712607213.0603302,334177.17018225,16100.0,-5.140346303063798e-09,16240.0,ASK
639,1712607213.280294,334204.08594925,16100.0,-4.662434489416287e-09,16240.0,ASK
640,1712607215.2704866,334308.83898325,16100.0,-1.8145652642663522e-08,16240.0,ASK
641,1712607215.6703813,334382.47330225,16100.0,-1.2755170176278006e-08,16240.0,ASK
642,1712607235.1003294,334382.84551068,16100.0,-6.447512424212221e-11,16240.0,ASK
643,1712607240.2747338,334382.84551068,16100.0,-0.0,16240.0,ASK
644,1712607245.5602174,334419.84551068,16100.0,-6.4027014163350174e-09,16240.0,ASK
645,1712607245.7200916,334426.05669059,16100.0,-1.074819740725283e-09,16240.0,ASK
646,1712607245.725339,334440.22663868,16100.0,-2.452052613652319e-09,16240.0,ASK
647,1712607270.2932906,334440.22663868,16100.0,-0.0,16240.0,ASK
648,1712607276.217153,334450.22663868,16100.0,-1.730183244539874e-09,16240.0,ASK
649,1712607276.2236128,334451.22663868,16100.0,-1.7301832445398746e-10,16240.0,ASK
650,1712607279.6400394,334451.22663889,16100.0,-3.633613899757543e-17,16240.0,ASK
651,1712607279.644641,334480.17663868,16100.0,-5.008880456608813e-09,16240.0,ASK
652,1712607279.7598443,334492.90454468,16100.0,-2.202160969925349e-09,16240.0,ASK
653,1712607300.29312,334492.90454468,16100.0,-0.0,16240.0,ASK
654,1712607301.4616058,334493.27675311,16120.0,6.441347914822127e-11,16240.0,BID
655,1712607314.9592226,334503.27675311,16120.0,1.730575504268155e-09,16240.0,BID
656,1712607330.2803402,334503.27675311,16120.0,0.0,16240.0,BID
657,1712607331.519271,334503.64896154,16100.0,-6.441161538380416e-11,16240.0,ASK
658,1712607350.059099,334523.71064854,16100.0,-3.471725954483281e-09,16240.0,ASK
659,1712607358.7889347,334524.08308801,16110.0,6.445159744360402e-11,16240.0,BID
660,1712607360.44198,334524.08308801,16110.0,0.0,16240.0,BID
661,1712607390.4430678,334524.08308801,16110.0,0.0,16240.0,BID
662,1712607393.589398,334533.15704828,16110.0,1.570180877235835e-09,16240.0,BID
663,1712607397.448589,334533.1570483,16100.0,-3.464905548883082e-18,16240.0,ASK
664,1712607397.456043,334533.52948775,16090.0,-6.444785792778826e-11,16240.0,ASK
665,1712607420.2721078,334533.52948775,16090.0,-0.0,16240.0,ASK
666,1712607424.7185442,334533.90192722,16110.0,6.444616434884157e-11,16240.0,BID
667,1712607450.2811131,334533.90192722,16110.0,0.0,16240.0,BID
668,1712607462.9878857,334534.27436669,16090.0,-6.444609744918968e-11,16240.0,ASK
669,1712607480.4405077,334534.27436669,16090.0,-0.0,16240.0,ASK
670,1712607490.447585,334534.64680616,16110.0,6.44460306125983e-11,16240.0,BID
671,1712607510.427325,334534.64680616,16110.0,0.0,16240.0,BID
672,1712607511.8973172,334553.64680616,16110.0,3.2877109143849007e-09,16240.0,BID
673,1712607520.6874063,334598.86217549,16110.0,7.823950697065953e-09,16240.0,BID
674,1712607527.4571357,334599.23461496,16090.0,-6.444596370315197e-11,16240.0,ASK
675,1712607534.2374976,334611.64306002,16110.0,2.14712527654601e-09,16240.0,BID
676,1712607540.2896268,334611.64306002,16110.0,0.0,16240.0,BID
677,1712607546.7170436,334617.84728255,16110.0,1.0733322625377442e-09,16240.0,BID
678,1712607555.0072415,334618.21972202,16110.0,6.443213424808024e-11,16240.0,BID
679,1712607563.857313,334687.08436669,16110.0,1.1913603117075044e-08,16240.0,BID
680,1712607563.8645718,334859.61151104,16110.0,2.9847245049421704e-08,16240.0,BID
681,1712607563.917136,334870.66615947,16110.0,-1.9124573229774e-09,16240.0,ASK
682,1712607563.9370427,334892.07939847,16110.0,-3.7044964381880245e-09,16240.0,ASK
683,1712607564.257816,334903.1340469,16110.0,-1.91245732298747e-09,16240.0,ASK
684,1712607564.7169874,334911.96812599,16110.0,-1.528298195498832e-09,16240.0,ASK
685,1712607565.0464144,335051.53025399,16110.0,-2.414428784367533e-08,16240.0,ASK
686,1712607565.0525148,335051.53025483,16110.0,-1.4532940143894402e-16,16240.0,ASK
687,1712607570.3032072,335051.53025483,16110.0,-0.0,16240.0,ASK
688,1712607590.1270163,335051.9026943,16090.0,-6.435323841179981e-11,16240.0,ASK
689,1712607591.3388867,335370.30287157,16110.0,5.5015872834325104e-08,16240.0,BID
690,1712607591.3450966,335535.89304884,16120.0,2.8612069922230372e-08,16240.0,BID
691,1712607591.351096,335561.47304884,16130.0,4.419928528838584e-09,16240.0,BID
692,1712607591.3547246,335603.69518479,16140.0,7.2954973899050405e-09,16240.0,BID
693,1712607591.3574526,335674.64232914,16130.0,1.2258847042685713e-08,16240.0,BID
694,1712607591.36021,335827.45232914,16120.0,2.640380291209473e-08,16240.0,BID
695,1712607591.362934,335863.43808961,16140.0,6.217923742508542e-09,16240.0,BID
696,1712607591.3656926,335939.43808961,16130.0,1.3131922134148489e-08,16240.0,BID
697,1712607591.3684726,336021.83808961,16140.0,1.4237768208597064e-08,16240.0,BID
698,1712607600.3037665,336021.83808961,16140.0,0.0,16240.0,BID
699,1712607602.6368136,336043.12223291,16100.0,-3.667869207838187e-09,16240.0,ASK
700,1712607615.8767843,336092.76023291,16100.0,-8.554053088824312e-09,16240.0,ASK
701,1712607619.7564232,336093.13267238,16110.0,6.418201778828689e-11,16240.0,BID
702,1712607621.557222,336093.75417641,16090.0,-1.0710299502755588e-10,16240.0,ASK
703,1712607621.562641,336096.61656834,16090.0,-4.932723423664199e-10,16240.0,ASK
704,1712607621.5661156,336110.94239183,16090.0,-2.4687508496415273e-09,16240.0,ASK
705,1712607621.569744,336119.94369262,16090.0,-1.551182658984078e-09,16240.0,ASK
706,1712607630.256334,336119.94369262,16090.0,-0.0,16240.0,ASK
707,1712607660.310994,336119.94369262,16090.0,-0.0,16240.0,ASK
708,1712607666.1394255,336132.42753788,16090.0,-2.1507397769645352e-09,16240.0,ASK
709,1712607666.1444626,336182.04269262,16090.0,-8.547789933083711e-09,16240.0,ASK
710,1712607688.8561778,336182.41513209,16090.0,-6.416455554264577e-11,16240.0,ASK
711,1712607690.2813427,336182.41513209,16090.0,-0.0,16240.0,ASK
712,1712607700.605904,336182.50273986,16090.0,-1.5090614160914807e-11,16240.0,ASK
713,1712607700.6162643,336244.51113209,16090.0,-1.0681069977530222e-08,16240.0,ASK
714,1712607717.247996,336244.88357156,16110.0,6.415344598811655e-11,16240.0,BID
715,1712607720.4307673,336244.88357156,16110.0,0.0,16240.0,BID
716,1712607726.8462453,336245.0255833,16090.0,-2.4457572689221995e-11,16240.0,ASK
717,1712607726.8587637,336281.86757156,16090.0,-6.3450078576464914e-09,16240.0,ASK
718,1712607750.4378378,336281.86757156,16090.0,-0.0,16240.0,ASK
719,1712607753.1556952,336302.63857156,16090.0,-3.576860509947787e-09,16240.0,ASK
720,1712607754.055588,336303.01101103,16090.0,-6.413576778605136e-11,16240.0,ASK
721,1712607780.2717104,336303.01101103,16090.0,-0.0,16240.0,ASK
722,1712607791.5055034,336303.3834505,16110.0,6.41320107000584e-11,16240.0,BID
723,1712607792.645514,336303.69381673,16110.0,5.3443343102006746e-11,16240.0,BID
724,1712607799.635682,336305.80281673,16090.0,-3.63158100716009e-10,16240.0,ASK
725,1712607801.4956267,336307.13732838,16090.0,-2.2979550318074847e-10,16240.0,ASK
726,1712607801.507397,336311.05781673,16090.0,-6.75086345689459e-10,16240.0,ASK
727,1712607810.2913485,336311.05781673,16090.0,-0.0,16240.0,ASK
728,1712607815.3051105,336312.91770513,16110.0,3.2025532439673806e-10,16240.0,BID
729,1712607819.4440515,336313.2901446,16090.0,-6.413058077677733e-11,16240.0,ASK
730,1712607840.4149406,336313.2901446,16090.0,-0.0,16240.0,ASK
731,1712607854.6252918,336313.66258407,16110.0,6.413018374565334e-11,16240.0,BID
732,1712607870.427762,336313.66258407,16110.0,0.0,16240.0,BID
733,1712607885.915869,336314.03502354,16090.0,-6.413011749043948e-11,16240.0,ASK
734,1712607900.3079576,336314.03502354,16090.0,-0.0,16240.0,ASK
735,1712607901.1849587,336351.03402354,16090.0,-6.374573109310811e-09,16240.0,ASK
736,1712607906.6859405,336356.18802354,16090.0,-8.87984805148151e-10,16240.0,ASK
737,1712607908.278319,336370.97757938,16090.0,-2.548098731214076e-09,16240.0,ASK
738,1712607908.296881,336374.10603692,16090.0,-5.390032516599891e-10,16240.0,ASK
739,1712607908.3030725,336444.10671213,16090.0,-1.2060445466851394e-08,16240.0,ASK
740,1712607911.1048336,336444.4791516,16110.0,6.416775129338263e-11,16240.0,BID
741,1712607913.734933,336469.0491516,16090.0,-4.2331755262577975e-09,16240.0,ASK
742,1712607913.8581758,336493.6208076,16090.0,-4.233460839183341e-09,16240.0,ASK
743,1712607914.918141,336507.1646036,16090.0,-2.333466249892777e-09,16240.0,ASK
744,1712607915.8582013,336525.06682422,16090.0,-3.0843810416891427e-09,16240.0,ASK
745,1712607915.8643866,336532.7446036,16090.0,-1.3228078049414083e-09,16240.0,ASK
746,1712607916.0779254,336543.71194541,16090.0,-1.889567885151782e-09,16240.0,ASK
747,1712607916.0843954,336543.7346036,16080.0,-3.903788984177596e-12,16240.0,ASK
748,1712607930.295107,336543.7346036,16080.0,-0.0,16240.0,ASK
749,1712607934.1648965,336544.2346036,16110.0,8.609038888050878e-11,16240.0,BID
750,1712607941.5260472,336550.90320959,16080.0,-1.1482057659415962e-09,16240.0,ASK
751,1712607942.354604,336563.14320959,16080.0,-2.107492719793252e-09,16240.0,ASK
752,1712607944.1945007,336575.86320959,16080.0,-2.190139493125356e-09,16240.0,ASK
753,1712607960.418608,336575.86320959,16080.0,-0.0,16240.0,ASK
754,1712607973.83485,336578.4345645,16080.0,-4.4269850761464155e-10,16240.0,ASK
755,1712607978.4346027,336578.80700397,16080.0,-6.412121365183223e-11,16240.0,ASK
756,1712607990.428964,336578.80700397,16080.0,-0.0,16240.0,ASK
757,1712608012.9541657,336579.17944344,16110.0,6.412069107990792e-11,16240.0,BID
758,1712608020.290825,336579.17944344,16110.0,0.0,16240.0,BID
759,1712608023.6369314,336579.92028965,16110.0,1.2754695924656692e-10,16240.0,BID
760,1712608047.4943,336580.29272912,16080.0,-6.412062485432827e-11,16240.0,ASK
761,1712608050.2890408,336580.29272912,16080.0,-0.0,16240.0,ASK
762,1712608055.3441737,336581.03272912,16080.0,-1.2740087931038848e-10,16240.0,ASK
763,1712608074.3838704,336581.40516859,16110.0,6.412042698887539e-11,16240.0,BID
764,1712608080.434226,336581.40516859,16110.0,0.0,16240.0,BID
765,1712608110.434737,336581.40516859,16110.0,0.0,16240.0,BID
766,1712608114.1636782,336581.77760806,16080.0,-6.4120229386839e-11,16240.0,ASK
767,1712608140.284644,336581.77760806,16080.0,-0.0,16240.0,ASK
768,1712608169.9134192,336582.87760806,16080.0,-1.8937890662200963e-10,16240.0,ASK
769,1712608170.2788403,336582.87760806,16080.0,-0.0,16240.0,ASK
770,1712608172.5845838,336584.6035735,16110.0,2.971458659283601e-10,16240.0,BID
771,1712608172.5931647,336652.79511271,16110.0,1.1739999827426764e-08,16240.0,BID
772,1712608178.7538106,336653.16755218,16110.0,6.411996802660642e-11,16240.0,BID
773,1712608200.531395,336653.16755218,16110.0,0.0,16240.0,BID
774,1712608211.5032413,336653.53999165,16080.0,-6.410753639563931e-11,16240.0,ASK
775,1712608230.4364698,336653.53999165,16080.0,-0.0,16240.0,ASK
776,1712608236.3731494,336653.91243112,16110.0,6.410747032052498e-11,16240.0,BID
777,1712608260.2899933,336653.91243112,16110.0,0.0,16240.0,BID
778,1712608263.8030603,336660.38827238,16110.0,1.114676091103573e-09,16240.0,BID
779,1712608263.8095877,336660.48878291,16110.0,1.7300715103439382e-11,16240.0,BID
780,1712608275.363853,336660.86122238,16080.0,-6.410740411223489e-11,16240.0,ASK
781,1712608290.287789,336660.86122238,16080.0,-0.0,16240.0,ASK
782,1712608301.272859,336661.23366185,16110.0,6.410616896908087e-11,16240.0,BID
783,1712608320.4256206,336661.23366185,16110.0,0.0,16240.0,BID
784,1712608331.5826125,336723.34366185,16090.0,-1.0690676911848025e-08,16240.0,ASK
785,1712608332.3427496,336744.37749125,16090.0,-3.6204455696959157e-09,16240.0,ASK
786,1712608338.1028314,336744.74993072,16090.0,-6.410610277349774e-11,16240.0,ASK
787,1712608347.6536934,336774.95993072,16090.0,-5.199892923946233e-09,16240.0,ASK
788,1712608350.4254904,336774.95993072,16090.0,-0.0,16240.0,ASK
789,1712608367.54258,336775.33237019,16110.0,6.408591803531065e-11,16240.0,BID
790,1712608380.2895205,336775.33237019,16110.0,0.0,16240.0,BID
791,1712608406.622331,336806.33237019,16110.0,5.334186003111565e-09,16240.0,BID
792,1712608406.942293,336806.70480966,16090.0,-6.408585186151436e-11,16240.0,ASK
793,1712608410.2857597,336806.70480966,16090.0,-0.0,16240.0,ASK
794,1712608412.367933,336812.9121343,16110.0,1.068004676313875e-09,16240.0,BID
795,1712608434.7425826,336813.28457377,16110.0,6.408027913788129e-11,16240.0,BID
796,1712608440.299368,336813.28457377,16110.0,0.0,16240.0,BID
797,1712608470.294946,336813.28457377,16110.0,0.0,16240.0,BID
798,1712608475.0222938,336813.65701324,16090.0,-6.407911046018612e-11,16240.0,ASK
799,1712608500.305187,336813.65701324,16090.0,-0.0,16240.0,ASK
800,1712608503.4623306,336814.02945271,16110.0,6.408805938847619e-11,16240.0,BID
801,1712608530.2869878,336814.02945271,16110.0,0.0,16240.0,BID
802,1712608560.4352283,336814.02945271,16110.0,0.0,16240.0,BID
803,1712608562.6721878,336815.23677735,16110.0,2.0775191560207158e-10,16240.0,BID
804,1712608562.6799955,336820.23677735,16110.0,8.60381328754574e-10,16240.0,BID
805,1712608578.901816,336820.60921682,16090.0,-6.408799321025793e-11,16240.0,ASK
806,1712608590.4146576,336820.60921682,16090.0,-0.0,16240.0,ASK
807,1712608610.0514798,336820.98165629,16110.0,6.408682435334971e-11,16240.0,BID
808,1712608620.269055,336820.98165629,16110.0,0.0,16240.0,BID
809,1712608645.6217673,336821.35409576,16090.0,-6.408675817768186e-11,16240.0,ASK
810,1712608650.2677836,336821.35409576,16090.0,-0.0,16240.0,ASK
811,1712608678.551473,336821.72653523,16110.0,6.408669210432464e-11,16240.0,BID
812,1712608680.4518433,336821.72653523,16110.0,0.0,16240.0,BID
813,1712608710.4247384,336821.72653523,16110.0,0.0,16240.0,BID
814,1712608717.5521145,336822.0989747,16090.0,-6.408662593894581e-11,16240.0,ASK
815,1712608740.282318,336822.0989747,16090.0,-0.0,16240.0,ASK
816,1712608749.3023996,336822.47118313,16120.0,6.404680423432944e-11,16240.0,BID
817,1712608763.0124478,336828.68622352,16120.0,1.069437022705163e-09,16240.0,BID
818,1712608769.5995686,336828.70510036,16090.0,-3.248183479195194e-12,16240.0,ASK
1019,1712608769.6051388,336837.26622352,16100.0,-1.4731331558093302e-09,16240.0,ASK
819,1712608769.6051388,336837.26622352,16100.0,-1.47313315580933e-09,16240.0,ASK
820,1712608770.2550716,336837.26622352,16100.0,-0.0,16240.0,ASK
821,1712608781.172783,336837.63843195,16090.0,-6.404411173597556e-11,16240.0,ASK
1022,1712608786.9331584,336854.03027052,16090.0,-2.8204647080860282e-09,16240.0,ASK
822,1712608786.9331584,336854.03027052,16090.0,-2.820464708086028e-09,16240.0,ASK
823,1712608786.941757,336885.1054725,16090.0,-5.346960324611315e-09,16240.0,ASK
824,1712608786.9467175,336900.13843195,16090.0,-2.586648923222544e-09,16240.0,ASK
825,1712608800.328469,336900.13843195,16090.0,-0.0,16240.0,ASK
826,1712608812.1032407,336900.51064038,16120.0,6.403296592253419e-11,16240.0,BID
827,1712608830.266466,336900.51064038,16120.0,0.0,16240.0,BID
828,1712608844.593008,336900.88284881,16090.0,-6.403289983705809e-11,16240.0,ASK
829,1712608850.5731406,337086.98706717,16120.0,3.2016450494470364e-08,16240.0,BID
830,1712608860.4310656,337086.98706717,16120.0,0.0,16240.0,BID
831,1712608876.283515,337087.3592756,16120.0,6.39998032686298e-11,16240.0,BID
832,1712608890.413947,337087.3592756,16120.0,0.0,16240.0,BID
833,1712608894.0643525,337137.3592756,16120.0,8.597298190881983e-09,16240.0,BID
834,1712608916.0057745,337137.73148403,16100.0,-6.399973724158383e-11,16240.0,ASK
835,1712608916.049148,337174.40148403,16100.0,-6.305258493190044e-09,16240.0,ASK
836,1712608917.081221,337199.44003603,16100.0,-4.305277956240276e-09,16240.0,ASK
837,1712608920.2978108,337199.44003603,16100.0,-0.0,16240.0,ASK
838,1712608933.7238889,337199.44003646,16100.0,-7.391037863898127e-17,16240.0,ASK
839,1712608933.733479,337199.95280793,16100.0,-8.814162119618911e-11,16240.0,ASK
840,1712608946.0839689,337200.32501636,16120.0,6.397987477673591e-11,16240.0,BID
841,1712608950.285561,337200.32501636,16120.0,0.0,16240.0,BID
842,1712608956.1838973,337218.10501636,16100.0,-3.0562429392537603e-09,16240.0,ASK
843,1712608956.7234735,337250.38501636,16100.0,-5.548679531994591e-09,16240.0,ASK
844,1712608956.963723,337263.18378892,16100.0,-2.200008901441508e-09,16240.0,ASK
845,1712608956.9680593,337269.38691636,16100.0,-1.066269091101387e-09,16240.0,ASK
846,1712608957.1837375,337277.08691636,16100.0,-1.3235697768421008e-09,16240.0,ASK
847,1712608979.9540882,337277.45912479,16100.0,-6.397971799847582e-11,16240.0,ASK
848,1712608980.427905,337277.45912479,16100.0,-0.0,16240.0,ASK
849,1712609010.4345543,337277.45912479,16100.0,-0.0,16240.0,ASK
850,1712609011.4842775,337277.83133322,16120.0,6.396606343682203e-11,16240.0,BID
851,1712609040.2880497,337277.83133322,16120.0,0.0,16240.0,BID
852,1712609070.2977388,337277.83133322,16120.0,0.0,16240.0,BID
853,1712609100.3092153,337277.83133322,16120.0,0.0,16240.0,BID
854,1712609113.2349896,337278.19316324,16090.0,-6.218241253728652e-11,16240.0,ASK
855,1712609113.242681,337278.20354165,16100.0,-1.7835849320850014e-12,16240.0,ASK
856,1712609130.2877922,337278.20354165,16100.0,-0.0,16240.0,ASK
857,1712609145.984528,337309.22091137,16120.0,5.330494398390452e-09,16240.0,BID
858,1712609160.31858,337309.22091137,16120.0,0.0,16240.0,BID
859,1712609169.724769,337309.5931198,16120.0,6.396043566887457e-11,16240.0,BID
860,1712609170.6746013,337322.00006769,16120.0,2.1320145608685086e-09,16240.0,BID
861,1712609190.2824671,337322.00006769,16120.0,0.0,16240.0,BID
862,1712609204.152865,337325.10180466,16120.0,5.329847725992288e-10,16240.0,BID
863,1712609209.3650615,337325.47401309,16100.0,-6.395817161608043e-11,16240.0,ASK
864,1712609209.6658125,337331.67748703,16120.0,1.0659695451884555e-09,16240.0,BID
865,1712609220.4353778,337331.67748703,16120.0,0.0,16240.0,BID
866,1712609250.429247,337331.67748703,16120.0,0.0,16240.0,BID
867,1712609275.2553391,337331.98746843,16130.0,5.3264006311570255e-11,16240.0,BID
868,1712609275.9847798,337332.35944611,16130.0,6.39168075598818e-11,16240.0,BID
869,1712609280.278479,337332.35944611,16130.0,0.0,16240.0,BID
870,1712609310.28271,337332.35944611,16130.0,0.0,16240.0,BID
871,1712609312.8654354,337332.73142379,16100.0,-6.391668675925838e-11,16240.0,ASK
872,1712609340.4387777,337332.73142379,16100.0,-0.0,16240.0,ASK
873,1712609340.8397908,337447.40142379,16100.0,-1.970365245603298e-08,16240.0,ASK
874,1712609343.3451788,337447.77363222,16120.0,6.395627056122329e-11,16240.0,BID
875,1712609345.5412152,337448.39397961,16120.0,1.0659378542557747e-10,16240.0,BID
876,1712609354.125174,337543.76397961,16100.0,-1.6387349217154328e-08,16240.0,ASK
877,1712609358.4255004,337551.84397961,16100.0,-1.388379801561083e-09,16240.0,ASK
878,1712609360.575025,337573.64158998,16100.0,-3.74546558909813e-09,16240.0,ASK
879,1712609369.7656543,337613.28535537,16100.0,-6.811955832331792e-09,16240.0,ASK
880,1712609369.7740247,337621.07076385,16100.0,-1.337760381247512e-09,16240.0,ASK
881,1712609370.4239874,337621.07076385,16100.0,-0.0,16240.0,ASK
882,1712609380.345106,337646.36127783,16100.0,-4.3421846912257894e-09,16240.0,ASK
1082,1712609380.345106,337646.36127783,16100.0,-4.342184691225789e-09,16240.0,ASK
883,1712609381.6676967,337646.73348626,16100.0,-6.390529461271057e-11,16240.0,ASK
884,1712609384.8353667,337666.40348626,16100.0,-3.377186123776965e-09,16240.0,ASK
885,1712609400.3196657,337666.40348626,16100.0,-0.0,16240.0,ASK
886,1712609411.2051952,337666.77569469,16120.0,6.390736075449212e-11,16240.0,BID
887,1712609430.285277,337666.77569469,16120.0,0.0,16240.0,BID
888,1712609460.4324386,337666.77569469,16120.0,0.0,16240.0,BID
889,1712609473.7655845,337685.38611652,16120.0,3.195364802349252e-09,16240.0,BID
890,1712609490.4378092,337685.38611652,16120.0,0.0,16240.0,BID
891,1712609509.1257102,337685.75832495,16100.0,-6.390400326881299e-11,16240.0,ASK
892,1712609520.2898238,337685.75832495,16100.0,-0.0,16240.0,ASK
893,1712609544.1954992,337686.13053338,16120.0,6.390393752096234e-11,16240.0,BID
894,1712609548.6915233,337789.72786103,16100.0,-1.7786478272540952e-08,16240.0,ASK
895,1712609548.705767,337813.58553272,16100.0,-4.096089819818591e-09,16240.0,ASK
896,1712609550.274069,337813.58553272,16100.0,-0.0,16240.0,ASK
897,1712609566.0452816,337815.04007817,16100.0,-2.4964063772075876e-10,16240.0,ASK
898,1712609577.6951733,337815.4122866,16100.0,-6.388136570257282e-11,16240.0,ASK
899,1712609580.4207325,337815.4122866,16100.0,-0.0,16240.0,ASK
900,1712609610.432331,337815.4122866,16100.0,-0.0,16240.0,ASK
901,1712609611.2554898,337815.78449503,16120.0,6.3881043259949e-11,16240.0,BID
902,1712609640.255843,337815.78449503,16120.0,0.0,16240.0,BID
903,1712609641.7552996,337820.6435521,16120.0,8.33944881986216e-10,16240.0,BID
904,1712609642.5651746,337821.26389949,16120.0,1.0646829693505867e-10,16240.0,BID
905,1712609645.2553377,337821.63610792,16100.0,-6.38809774777192e-11,16240.0,ASK
906,1712609670.2812195,337821.63610792,16100.0,-0.0,16240.0,ASK
907,1712609672.4652972,337822.0080856,16130.0,6.384034111576269e-11,16240.0,BID
908,1712609700.4178405,337822.0080856,16130.0,0.0,16240.0,BID
909,1712609704.6652088,337855.66192948,16110.0,-5.797106771304771e-09,16240.0,ASK
1110,1712609707.875337,337882.42992948,16110.0,-4.610972660593472e-09,16240.0,ASK
910,1712609707.875337,337882.42992948,16110.0,-4.6109726605934724e-09,16240.0,ASK
911,1712609708.255049,337882.80190716,16110.0,-6.407572149173412e-11,16240.0,ASK
912,1712609709.4353683,337929.03890716,16110.0,-7.964642218596018e-09,16240.0,ASK
913,1712609709.6753385,337930.14361316,16120.0,-1.9029322938004422e-10,16240.0,ASK
914,1712609711.4885828,337941.43361316,16120.0,-1.944780384710318e-09,16240.0,ASK
915,1712609724.4757192,337941.44585505,16120.0,-2.1087500062388978e-12,16240.0,ASK
916,1712609724.485179,337959.17961316,16120.0,-3.0547621718021472e-09,16240.0,ASK
1116,1712609724.485179,337959.17961316,16120.0,-3.054762171802147e-09,16240.0,ASK
917,1712609724.6370227,337975.12108164,16120.0,-2.7460279188139943e-09,16240.0,ASK
918,1712609727.0652802,337999.64808164,16120.0,-4.224944950919586e-09,16240.0,ASK
919,1712609728.645342,338011.44585505,16120.0,-2.032247857487739e-09,16240.0,ASK
920,1712609730.441296,338011.44585505,16120.0,-0.0,16240.0,ASK
921,1712609733.3109837,338011.81783273,16130.0,6.404204543877885e-11,16240.0,BID
922,1712609760.2690072,338011.81783273,16130.0,0.0,16240.0,BID
923,1712609774.9721496,338012.18981041,16110.0,-6.404197928352999e-11,16240.0,ASK
924,1712609790.2809658,338012.18981041,16110.0,-0.0,16240.0,ASK
925,1712609793.6152928,338191.55834065,16130.0,3.088116428355534e-08,16240.0,BID
926,1712609808.6853757,338191.93031833,16130.0,6.404191321044512e-11,16240.0,BID
927,1712609820.435469,338191.93031833,16130.0,0.0,16240.0,BID
1128,1712609826.132746,338199.94581751,16110.0,-1.3793080406770221e-09,16240.0,ASK
928,1712609826.132746,338199.94581751,16110.0,-1.379308040677022e-09,16240.0,ASK
929,1712609827.153902,338207.73424939,16110.0,-1.3402342730133855e-09,16240.0,ASK
930,1712609830.9855871,338216.7794439,16120.0,-1.5564981340397223e-09,16240.0,ASK
931,1712609830.9953806,338240.9654439,16120.0,-4.161929721732237e-09,16240.0,ASK
932,1712609836.085171,338257.7274439,16120.0,-2.8844069294594074e-09,16240.0,ASK
933,1712609843.6855505,338258.09261609,16110.0,-6.283887336276744e-11,16240.0,ASK
934,1712609843.6951776,338258.09942158,16120.0,-1.1710895094656777e-12,16240.0,ASK
935,1712609850.428669,338258.09942158,16120.0,-0.0,16240.0,ASK
936,1712609867.8556304,338258.47163001,16120.0,6.403791808538756e-11,16240.0,BID
937,1712609880.2939932,338258.47163001,16120.0,0.0,16240.0,BID
938,1712609892.0759652,338358.47163001,16110.0,-1.720483654158185e-08,16240.0,ASK
939,1712609906.9031744,338358.84383844,16110.0,-6.403785197967396e-11,16240.0,ASK
940,1712609910.285581,338358.84383844,16110.0,-0.0,16240.0,ASK
941,1712609940.321257,338358.84383844,16110.0,-0.0,16240.0,ASK
942,1712609942.6453955,338359.21604687,16120.0,6.402004149382969e-11,16240.0,BID
943,1712609946.8455722,338360.32738719,16130.0,1.9115110694426646e-10,16240.0,BID
944,1712609946.8540194,338385.182417,16120.0,4.275077917796179e-09,16240.0,BID
945,1712609968.3462837,338447.21715645,16130.0,1.0670007108671456e-08,16240.0,BID
946,1712609970.320042,338447.21715645,16130.0,0.0,16240.0,BID
947,1712609975.5253882,338447.58936488,16110.0,-6.400435168565162e-11,16240.0,ASK
1148,1712609977.815341,338509.62410433,16130.0,1.066739213893626e-08,16240.0,BID
948,1712609977.815341,338509.62410433,16130.0,1.0667392138936261e-08,16240.0,BID
949,1712609981.765398,338600.55410433,16110.0,-1.5636173792182608e-08,16240.0,ASK
950,1712609982.7653058,338657.58719462,16110.0,-9.807316745621156e-09,16240.0,ASK
951,1712609982.7716365,338695.73410433,16110.0,-6.559680082047884e-09,16240.0,ASK
952,1712609984.0155425,338778.23410433,16110.0,-1.4186564806501312e-08,16240.0,ASK
953,1712609988.6751328,338778.73410433,16130.0,8.597918064546249e-11,16240.0,BID
954,1712609994.7352383,338797.35607825,16130.0,3.202204119280941e-09,16240.0,BID
955,1712610000.4335632,338797.35607825,16130.0,0.0,16240.0,BID
956,1712610000.6743808,338809.75533429,16130.0,2.1348121473901594e-09,16240.0,BID
957,1712610003.4851477,338810.12731197,16130.0,6.404436421746123e-11,16240.0,BID
958,1712610030.2984312,338810.12731197,16130.0,0.0,16240.0,BID
959,1712610046.515722,338810.49928965,16110.0,-6.404209280097841e-11,16240.0,ASK
960,1712610060.4440265,338810.49928965,16110.0,-0.0,16240.0,ASK
961,1712610070.8752882,338810.85186065,16140.0,6.070085012710591e-11,16240.0,BID
962,1712610070.88352,338810.87103686,16140.0,3.301497424247654e-12,16240.0,BID
963,1712610090.4182203,338810.87103686,16140.0,0.0,16240.0,BID
964,1712610107.0651114,338811.24278407,16110.0,-6.400228144715329e-11,16240.0,ASK
965,1712610120.311191,338811.24278407,16110.0,-0.0,16240.0,ASK
966,1712610150.2787464,338811.24278407,16110.0,-0.0,16240.0,ASK
967,1712610166.6553438,338811.61430109,16150.0,6.396258456437907e-11,16240.0,BID
968,1712610180.425945,338811.61430109,16150.0,0.0,16240.0,BID
969,1712610204.5801845,338861.37430109,16130.0,-8.566969341661954e-09,16240.0,ASK
970,1712610205.8457136,338861.74581811,16130.0,-6.396251849136989e-11,16240.0,ASK
971,1712610210.4292655,338861.74581811,16130.0,-0.0,16240.0,ASK
972,1712610232.2818768,338862.11756532,16140.0,6.399324038946204e-11,16240.0,BID
973,1712610240.2770154,338862.11756532,16140.0,0.0,16240.0,BID
974,1712610266.8750718,338862.48931253,16130.0,-6.399317429405441e-11,16240.0,ASK
975,1712610270.2655523,338862.48931253,16130.0,-0.0,16240.0,ASK
976,1712610295.1652317,338862.68106332,16140.0,3.3008261348832374e-11,16240.0,BID
977,1712610295.176062,338862.86094828,16150.0,3.096566001575865e-11,16240.0,BID
978,1712610300.4252384,338862.86094828,16150.0,0.0,16240.0,BID
1179,1712610306.8050182,338872.21850081,16150.0,1.611016622335372e-09,16240.0,BID
979,1712610306.8050182,338872.21850081,16150.0,1.6110166223353721e-09,16240.0,BID
980,1712610330.4507604,338872.21850081,16150.0,0.0,16240.0,BID
981,1712610331.0848465,338872.59013656,16140.0,-6.397995543815306e-11,16240.0,ASK
982,1712610351.6663997,338873.21850081,16140.0,-1.0817774316627988e-10,16240.0,ASK
983,1712610351.6759975,338904.19743513,16140.0,-5.333262037755818e-09,16240.0,ASK
984,1712610351.682106,338904.27013656,16130.0,-1.2516110875156254e-11,16240.0,ASK
985,1712610351.6870692,338905.27013656,16140.0,-1.7215769860443295e-10,16240.0,ASK
986,1712610352.204993,338975.43013656,16130.0,-1.2078584134082609e-08,16240.0,ASK
987,1712610356.4249763,339133.34231605,16150.0,2.7185797402613283e-08,16240.0,BID
988,1712610356.434186,339236.00208702,16150.0,1.7673669909453366e-08,16240.0,BID
989,1712610359.9148812,339236.37360404,16150.0,6.395951515327718e-11,16240.0,BID
990,1712610360.2786086,339236.37360404,16150.0,0.0,16240.0,BID
991,1712610386.0976653,339244.69861147,16140.0,-1.431764917786078e-09,16240.0,ASK
992,1712610390.2952893,339244.69861147,16140.0,-0.0,16240.0,ASK
993,1712610396.4245691,339245.07012849,16140.0,-6.389336565116973e-11,16240.0,ASK
994,1712610407.9452868,339269.48208078,16140.0,-4.19835891766886e-09,16240.0,ASK
995,1712610407.9553246,339401.24231849,16140.0,-2.2660079063378523e-08,16240.0,ASK
996,1712610411.5551672,339414.60889494,16140.0,-2.298779088654178e-09,16240.0,ASK
997,1712610417.1979709,339466.33006849,16140.0,-8.894989127703317e-09,16240.0,ASK
998,1712610418.233582,339502.26006849,16140.0,-6.1792286876349125e-09,16240.0,ASK
999,1712610420.4196074,339502.26006849,16140.0,-0.0,16240.0,ASK
1000,1712610432.16288,339502.63158551,16150.0,6.384771921848098e-11,16240.0,BID
1201,1712610433.65307,339508.46358551,16140.0,-1.0022687479977195e-09,16240.0,ASK
1202,1712610450.4303894,339508.46358551,16140.0,-0.0,16240.0,ASK
1203,1712610452.8491464,339511.55767993,16140.0,-5.31731957860977e-10,16240.0,ASK
1204,1712610452.8523562,339511.56258551,16140.0,-8.43042685162826e-13,16240.0,ASK
1205,1712610464.6049068,339511.56483634,16140.0,-3.8681374309245234e-13,16240.0,ASK
1206,1712610464.6149228,339511.93410253,16140.0,-6.345980681817631e-11,16240.0,ASK
1207,1712610472.9874842,339512.18441502,16140.0,-4.301715859520235e-11,16240.0,ASK
1208,1712610472.989105,339512.51501601,16140.0,-5.681504434265378e-11,16240.0,ASK
1209,1712610480.269179,339512.51501601,16140.0,-0.0,16240.0,ASK
1210,1712610497.794638,339512.88676322,16140.0,6.388546168691921e-11,16240.0,BID
1211,1712610510.3085234,339512.88676322,16140.0,0.0,16240.0,BID
1212,1712610512.9647622,339519.08639124,16130.0,-1.065416711303488e-09,16240.0,ASK
1213,1712610512.974727,339552.24854251,16130.0,-5.698972588651216e-09,16240.0,ASK
1214,1712610512.9773998,339770.50691775,16130.0,-3.7508076228548056e-08,16240.0,ASK
1215,1712610533.2546403,339770.87866496,16120.0,-6.388539580395931e-11,16240.0,ASK
1216,1712610540.424845,339770.87866496,16120.0,-0.0,16240.0,ASK
1217,1712610545.971045,339782.19259875,16140.0,1.9429294562669067e-09,16240.0,BID
1218,1712610549.864427,339783.43022251,16160.0,2.1253577259062088e-10,16240.0,BID
1219,1712610565.0748053,339783.80150963,16160.0,6.376073039974603e-11,16240.0,BID
1220,1712610570.4448347,339783.80150963,16160.0,0.0,16240.0,BID
1221,1712610572.3048046,339845.68269774,16160.0,1.0626407969659844e-08,16240.0,BID
1222,1712610577.644921,339883.47521663,16160.0,6.4898353795731265e-09,16240.0,BID
1223,1712610577.6474876,339906.61074878,16160.0,3.972897268627259e-09,16240.0,BID
1224,1712610577.650003,339942.2173512,16160.0,6.1144637859203305e-09,16240.0,BID
1225,1712610580.3348234,339949.79734188,16140.0,-1.301656865872221e-09,16240.0,ASK
1226,1712610599.4646306,339950.168629,16140.0,-6.375844633781361e-11,16240.0,ASK
1227,1712610600.3055096,339950.168629,16140.0,-0.0,16240.0,ASK
1228,1712610624.3542192,339950.53991612,16160.0,6.374776337135238e-11,16240.0,BID
1229,1712610630.2987769,339950.53991612,16160.0,0.0,16240.0,BID
1230,1712610660.4317236,339950.53991612,16160.0,0.0,16240.0,BID
1231,1712610664.414718,339950.91120324,16150.0,-6.37476977007783e-11,16240.0,ASK
1232,1712610690.4443614,339950.91120324,16150.0,-0.0,16240.0,ASK
1233,1712610701.384354,339952.91120324,16160.0,3.43387252830189e-10,16240.0,BID
1234,1712610710.9729393,339971.47555968,16160.0,3.18738167925253e-09,16240.0,BID
1235,1712610711.5273864,339973.47555968,16160.0,3.43387252830189e-10,16240.0,BID
1236,1712610719.714608,339975.47555968,16160.0,3.43387252830189e-10,16240.0,BID
1237,1712610720.2810678,339975.47555968,16160.0,0.0,16240.0,BID
1238,1712610725.5835931,340000.7494237,16150.0,-4.3390656359113145e-09,16240.0,ASK
1239,1712610725.5849922,340006.57008704,16150.0,-9.99302689016573e-10,16240.0,ASK
1240,1712610725.81449,340008.57008704,16160.0,3.4336385069459207e-10,16240.0,BID
1241,1712610727.6643977,340008.94137416,16160.0,6.374328761521352e-11,16240.0,BID
1242,1712610736.5145416,340009.56018604,16160.0,1.0623881498712816e-10,16240.0,BID
1243,1712610743.834771,340011.56018604,16160.0,3.4336385069459207e-10,16240.0,BID
1244,1712610750.2715278,340011.56018604,16160.0,0.0,16240.0,BID
1245,1712610751.194051,340027.21542011,16150.0,-2.687451822941252e-09,16240.0,ASK
1246,1712610751.3450236,340033.01733228,16150.0,-9.959837948238407e-10,16240.0,ASK
1247,1712610751.348647,340054.00773883,16150.0,-3.6033128661604205e-09,16240.0,ASK
1248,1712610751.4335754,340068.88996643,16150.0,-2.5547538615113747e-09,16240.0,ASK
1249,1712610752.6649387,340077.62081554,16150.0,-1.498779018673045e-09,16240.0,ASK
1250,1712610753.1145158,340178.20582666,16150.0,-1.7266900659977784e-08,16240.0,ASK
1251,1712610753.1167178,340180.20582666,16150.0,-3.4332949746132365e-10,16240.0,ASK
1252,1712610763.3845444,340180.57711378,16150.0,-6.373691016868458e-11,16240.0,ASK
1253,1712610763.4845555,340196.26174423,16150.0,-2.6924981451287112e-09,16240.0,ASK
1254,1712610767.024974,340197.01810917,16160.0,1.2984119737813866e-10,16240.0,BID
1255,1712610767.0293727,340268.69715418,16160.0,1.2304765250886981e-08,16240.0,BID
1256,1712610767.0322194,340621.50893527,16160.0,6.05653457500397e-08,16240.0,BID
1257,1712610767.1043618,340640.46964696,16160.0,-3.2548858080109837e-09,16240.0,ASK
1258,1712610767.1524005,340653.85784396,16160.0,-2.298281473965385e-09,16240.0,ASK
1259,1712610767.1552565,340665.7027839,16160.0,-2.0333586385345096e-09,16240.0,ASK
1260,1712610767.226144,340678.97035499,16160.0,-2.277574257424845e-09,16240.0,ASK
1261,1712610767.304722,340686.72393487,16160.0,-1.331016341862372e-09,16240.0,ASK
1262,1712610767.30781,340694.44408774,16160.0,-1.325278102590027e-09,16240.0,ASK
1263,1712610767.344502,340700.33670995,16150.0,-1.0115555110490342e-09,16240.0,ASK
1264,1712610767.34742,340702.15436644,16160.0,-3.1202754463801804e-10,16240.0,ASK
1265,1712610768.1946757,340711.69036644,16150.0,-1.636995043889356e-09,16240.0,ASK
1266,1712610769.3144395,340724.06636644,16160.0,-2.124522930288833e-09,16240.0,ASK
1267,1712610780.4535546,340724.06636644,16160.0,-0.0,16240.0,ASK
1268,1712610786.0646908,340724.06660406,16160.0,-4.0710529410718446e-14,16240.0,ASK
1269,1712610791.2639294,340731.75646711,16150.0,-1.317474786242592e-09,16240.0,ASK
1270,1712610795.095651,340732.12752462,16170.0,6.357186213206053e-11,16240.0,BID
1271,1712610795.3745737,340734.12752462,16170.0,3.42652340535856e-10,16240.0,BID
1272,1712610802.4847703,340736.12752462,16170.0,3.42652340535856e-10,16240.0,BID
1273,1712610802.604633,340758.87262643,16150.0,-3.896831185465789e-09,16240.0,ASK
1274,1712610808.4847083,340760.87262643,16150.0,3.42652340535856e-10,16240.0,BID
1275,1712610810.431044,340760.87262643,16150.0,0.0,16240.0,BID
1276,1712610814.844805,340763.96860166,16150.0,5.303675588793573e-10,16240.0,BID
1277,1712610819.6047206,340765.96860166,16150.0,3.4261744328128355e-10,16240.0,BID
1278,1712610826.4147725,340767.96860166,16150.0,3.4261744328128355e-10,16240.0,BID
1279,1712610832.0149302,340769.96860166,16150.0,3.4261744328128355e-10,16240.0,BID
1280,1712610840.3072436,340769.96860166,16150.0,0.0,16240.0,BID
1281,1712610843.5157444,340800.91293602,16150.0,5.300900962730288e-09,16240.0,BID
1282,1712610846.1849377,340910.86730087,16150.0,1.8835667676955472e-08,16240.0,BID
1283,1712610852.20694,340934.26831103,16150.0,-4.0086962557584555e-09,16240.0,ASK
1284,1712610856.4351158,340958.0095467,16150.0,-4.066978386263035e-09,16240.0,ASK
1285,1712610859.124811,340969.32712802,16150.0,-1.938751598823379e-09,16240.0,ASK
1286,1712610859.9955332,340977.68433425,16150.0,-1.4316262885122331e-09,16240.0,ASK
1287,1712610860.414951,340988.03460926,16150.0,-1.7730477613976339e-09,16240.0,ASK
1288,1712610860.7751412,341118.33743725,16150.0,-2.2321449164257363e-08,16240.0,ASK
1289,1712610863.3246517,341126.06391754,16150.0,-1.323580153034931e-09,16240.0,ASK
1290,1712610865.3356266,341148.80616701,16150.0,-3.8958476439487354e-09,16240.0,ASK
1291,1712610869.105104,341185.80316701,16150.0,-6.3377492834915484e-09,16240.0,ASK
1292,1712610870.269928,341185.80316701,16150.0,-0.0,16240.0,ASK
1293,1712610870.8573892,341234.97835157,16150.0,-8.41424597966248e-09,16240.0,ASK
1294,1712610870.8600202,341469.28316701,16150.0,-4.009132591918468e-08,16240.0,ASK
1295,1712610874.855438,341547.01794445,16150.0,-1.33010083115504e-08,16240.0,ASK
1296,1712610874.9453232,341549.94813977,16150.0,-5.013785796933031e-10,16240.0,ASK
1297,1712610893.0751133,341550.31919728,16140.0,-6.349074618451589e-11,16240.0,ASK
1298,1712610896.484939,341552.31919728,16160.0,3.422151255739406e-10,16240.0,BID
1299,1712610900.3194203,341552.31919728,16160.0,0.0,16240.0,BID
1300,1712610904.1356733,341614.20038539,16160.0,1.0590065898739682e-08,16240.0,BID
1301,1712610911.3551495,341616.20038539,16160.0,3.422709298957793e-10,16240.0,BID
1302,1712610921.95865,341618.20038539,16160.0,3.422709298957793e-10,16240.0,BID
1303,1712610924.8652678,341618.57167251,16160.0,6.354039390733354e-11,16240.0,BID
1304,1712610927.7351356,341643.33947436,16150.0,-4.2386492853346285e-09,16240.0,ASK
1305,1712610930.2910476,341643.33947436,16150.0,-0.0,16240.0,ASK
1306,1712610931.9352608,341649.04450792,16160.0,9.760879103352066e-10,16240.0,BID
1307,1712610931.9384367,341705.22066247,16160.0,9.611313365427472e-09,16240.0,BID
1308,1712610933.9652023,341707.22066247,16160.0,3.421848092814723e-10,16240.0,BID
1309,1712610939.4553034,341709.22066247,16160.0,3.421848092814723e-10,16240.0,BID
1310,1712610947.3251948,341711.22066247,16160.0,3.421848092814723e-10,16240.0,BID
1311,1712610953.3851604,341713.22066247,16160.0,3.421848092814723e-10,16240.0,BID
1312,1712610954.835098,341725.59837454,16150.0,-2.117732522008778e-09,16240.0,ASK
1313,1712610960.4385478,341725.59837454,16150.0,-0.0,16240.0,ASK
1314,1712610962.9856882,341725.60593076,16140.0,-1.2925179136709317e-12,16240.0,ASK
1315,1712610962.987331,341725.96966166,16140.0,-6.221744529963922e-11,16240.0,ASK
1316,1712610966.4552448,341782.49966166,16150.0,-9.669654632928878e-09,16240.0,ASK
1317,1712610966.635205,341790.37966166,16150.0,-1.3479016187434174e-09,16240.0,ASK
1318,1712610966.91529,342131.30272985,16150.0,-5.831608572081132e-08,16240.0,ASK
1319,1712610966.995339,342151.65272985,16150.0,-3.480938825048344e-09,16240.0,ASK
1320,1712610967.9458296,342183.02272985,16150.0,-5.365948449242157e-09,16240.0,ASK
1321,1712610969.585272,342214.39272985,16150.0,-5.3659484492322e-09,16240.0,ASK
1322,1712610969.7252436,342262.03272985,16150.0,-8.148988974218126e-09,16240.0,ASK
1323,1712610972.960258,342263.05511285,16150.0,-1.748821955176669e-10,16240.0,ASK
1324,1712610973.4857552,342264.00511285,16150.0,-1.6250082967273874e-10,16240.0,ASK
1325,1712610974.3302062,342377.88459084,16150.0,-1.9479483848265503e-08,16240.0,ASK
1326,1712610987.7152069,342378.25587796,16160.0,6.350996320335352e-11,16240.0,BID
1327,1712610990.298722,342386.78398096,16150.0,-1.458761908442775e-09,16240.0,ASK
1328,1712610990.436402,342386.78398096,16150.0,-0.0,16240.0,ASK
1329,1712610990.8284893,342388.48962676,16150.0,-2.9122476014374803e-10,16240.0,ASK
1330,1712611006.5156767,342407.04691158,16150.0,3.168501233181413e-09,16240.0,BID
1331,1712611017.315626,342409.04691158,16150.0,3.414832788215743e-10,16240.0,BID
1332,1712611020.3022492,342409.04691158,16150.0,0.0,16240.0,BID
1333,1712611023.695475,342411.04691158,16150.0,3.4146231661053187e-10,16240.0,BID
1334,1712611023.865987,342411.4181987,16140.0,-6.339028005840406e-11,16240.0,ASK
1335,1712611025.0654151,342436.18600055,16150.0,4.228635498523491e-09,16240.0,BID
1336,1712611030.1252892,342438.18600055,16150.0,3.4146231661053187e-10,16240.0,BID
1337,1712611036.1655462,342440.18600055,16150.0,3.4146231661053187e-10,16240.0,BID
1338,1712611040.37546,342458.38522876,16140.0,-3.1071753125595193e-09,16240.0,ASK
1339,1712611040.3857417,342479.05600054,16140.0,-3.52914480905606e-09,16240.0,ASK
1340,1712611041.9058015,342481.05600054,16150.0,3.4146231661053187e-10,16240.0,BID
1341,1712611044.356231,342511.93600054,16140.0,-5.2721781684674074e-09,16240.0,ASK
1342,1712611048.8689594,342651.68114753,16140.0,-2.3858850813141843e-08,16240.0,ASK
1343,1712611050.2989864,342651.68114753,16140.0,-0.0,16240.0,ASK
1344,1712611052.3891263,342653.68114753,16150.0,3.4123414730546727e-10,16240.0,BID
1345,1712611053.1455903,342659.87693439,16150.0,1.0571070230317806e-09,16240.0,BID
1346,1712611054.412335,342690.69428113,16150.0,5.257965518518734e-09,16240.0,BID
1347,1712611055.8157554,342691.06579815,16150.0,6.3387146772236e-11,16240.0,BID
1348,1712611059.4252405,342703.23579815,16140.0,-2.0764097863509874e-09,16240.0,ASK
1349,1712611064.771152,342846.82579815,16140.0,-2.4498905605790466e-08,16240.0,ASK
1350,1712611071.3755922,342848.82579815,16150.0,3.4123414730546727e-10,16240.0,BID
1351,1712611080.4260545,342848.82579815,16150.0,0.0,16240.0,BID
1352,1712611089.7155304,342849.19731517,16140.0,-6.335274879052853e-11,16240.0,ASK
1353,1712611110.4320345,342849.19731517,16140.0,-0.0,16240.0,ASK
1354,1712611117.1002476,342849.56883219,16150.0,6.335268400163657e-11,16240.0,BID
1355,1712611130.00586,342903.91265881,16150.0,9.266943612484451e-09,16240.0,BID
1356,1712611130.125497,342905.91265881,16150.0,3.4104862277326976e-10,16240.0,BID
1357,1712611130.3890138,342937.14447642,16150.0,5.325784191304703e-09,16240.0,BID
1358,1712611140.2796445,342937.14447642,16150.0,0.0,16240.0,BID
1359,1712611142.275624,342947.14447642,16150.0,1.7048301977951539e-09,16240.0,BID
1360,1712611153.1444106,342979.98268694,16150.0,5.5983572936025434e-09,16240.0,BID
1361,1712611161.0077848,343147.51040353,16140.0,-2.8560631021025785e-08,16240.0,ASK
1362,1712611170.2908137,343147.51040353,16140.0,-0.0,16240.0,ASK
1363,1712611182.9158704,343157.51040353,16150.0,1.7038438169450947e-09,16240.0,BID
1364,1712611192.5167592,343157.88192055,16140.0,-6.330069774932817e-11,16240.0,ASK
1365,1712611197.2557714,343253.06726905,16150.0,1.6218096750544437e-08,16240.0,BID
1366,1712611198.3826668,343263.06726905,16150.0,1.7038438169450947e-09,16240.0,BID
1367,1712611200.3058984,343263.06726905,16150.0,0.0,16240.0,BID
1368,1712611209.4560547,343366.27110575,16150.0,1.7628526128204994e-08,16240.0,BID
1369,1712611209.459936,343383.78616656,16150.0,2.9917948498766603e-09,16240.0,BID
1370,1712611216.346105,343384.15768358,16150.0,6.345982575187514e-11,16240.0,BID
1371,1712611230.2810006,343384.15768358,16150.0,0.0,16240.0,BID
1372,1712611230.8958817,343386.01182449,16150.0,3.166050576459365e-10,16240.0,BID
1373,1712611248.055804,343396.01182449,16150.0,1.707556615267893e-09,16240.0,BID
1374,1712611252.7859416,343426.95615885,16140.0,-5.2839202841503805e-09,16240.0,ASK
1375,1712611258.145945,343436.95615885,16150.0,1.707556615267893e-09,16240.0,BID
1376,1712611260.451678,343436.95615885,16150.0,0.0,16240.0,BID
1377,1712611277.378811,343445.88947405,16150.0,1.525192155312044e-09,16240.0,BID
1378,1712611277.3825662,343447.12487013,16150.0,2.1092017550651227e-10,16240.0,BID
1379,1712611277.3863387,343800.45863658,16150.0,6.032496074855015e-08,16240.0,BID
1380,1712611277.388957,343802.56912695,16150.0,3.603257339672967e-10,16240.0,BID
1381,1712611277.4367788,343823.86505573,16150.0,-3.635871206604819e-09,16240.0,ASK
1382,1712611277.5216987,343839.78639365,16150.0,-2.718262946501644e-09,16240.0,ASK
1383,1712611277.5660295,343848.35196852,16150.0,-1.462407550265599e-09,16240.0,ASK
1384,1712611277.775663,343858.0134304,16150.0,-1.6495092290266147e-09,16240.0,ASK
1385,1712611282.535824,343865.26636043,16150.0,-1.2382986312554332e-09,16240.0,ASK
1386,1712611283.4828455,343878.86395478,16150.0,-2.3215283206004954e-09,16240.0,ASK
1387,1712611290.4397068,343878.86395478,16150.0,-0.0,16240.0,ASK
1388,1712611299.436192,343886.95072812,16150.0,-1.3789811244255395e-09,16240.0,ASK
1389,1712611299.441963,343887.26038756,16150.0,-5.2804067187636665e-11,16240.0,ASK
1390,1712611310.4759169,343887.570047,16150.0,5.2804067187636665e-11,16240.0,BID
1391,1712611316.2159922,343896.86060755,16150.0,1.584254571646871e-09,16240.0,BID
1392,1712611320.2918472,343896.86060755,16150.0,0.0,16240.0,BID
1393,1712611323.2641847,343897.23212457,16150.0,-6.334906969910204e-11,16240.0,ASK
1394,1712611324.42598,343897.54178401,16150.0,-5.280145025124847e-11,16240.0,ASK
1395,1712611324.43075,343913.05798655,16150.0,-2.645738804119386e-09,16240.0,ASK
1396,1712611324.5456374,343924.8808188,16150.0,-2.0159653096788753e-09,16240.0,ASK
1397,1712611324.645615,343936.675292,16150.0,-2.0111296780888903e-09,16240.0,ASK
1398,1712611329.1462953,343944.59936377,16150.0,-1.351169792639996e-09,16240.0,ASK
1399,1712611329.2863932,343959.79921108,16150.0,-2.5917956240419163e-09,16240.0,ASK
1400,1712611329.2943168,343979.57807354,16150.0,-3.3725844823800394e-09,16240.0,ASK
1401,1712611329.325628,344013.94866436,16150.0,-5.860686957309113e-09,16240.0,ASK
1402,1712611329.4659257,344031.43693344,16150.0,-2.9820049076229083e-09,16240.0,ASK
1403,1712611331.7857103,344044.56657121,16150.0,-2.23879470783317e-09,16240.0,ASK
1404,1712611331.8056395,344057.67634229,16150.0,-2.2354071474776068e-09,16240.0,ASK
1405,1712611337.5962398,344070.60494225,16150.0,-2.204514829514538e-09,16240.0,ASK
1406,1712611337.5991704,344096.83727339,16150.0,-4.4729950025316225e-09,16240.0,ASK
1407,1712611337.7158055,344124.96488393,16150.0,-4.796167778888941e-09,16240.0,ASK
1408,1712611338.1402547,344147.92651946,16150.0,-3.915293704841126e-09,16240.0,ASK
1409,1712611339.436247,344155.78650151,16150.0,-1.340241560773082e-09,16240.0,ASK
1410,1712611341.1060252,344162.98604618,16150.0,-1.227627356394493e-09,16240.0,ASK
1411,1712611341.1098332,344170.15677834,16150.0,-1.2227144032665166e-09,16240.0,ASK
1412,1712611342.1997092,344183.90867343,16150.0,-2.34489865519862e-09,16240.0,ASK
1413,1712611342.2022028,344184.21833287,16150.0,-5.280145025124847e-11,16240.0,ASK
1414,1712611347.9670885,344194.21833287,16160.0,1.7051458288877319e-09,16240.0,BID
1415,1712611350.289978,344194.21833287,16160.0,0.0,16240.0,BID
1416,1712611357.4274914,344194.58961999,16160.0,6.325806738398343e-11,16240.0,BID
1417,1712611375.9490533,344256.4708081,16160.0,1.0543011477081546e-08,16240.0,BID
1418,1712611380.4260502,344256.4708081,16160.0,0.0,16240.0,BID
1419,1712611380.929602,344256.78027592,16160.0,5.2716564620487875e-11,16240.0,BID
1420,1712611383.4260297,344257.08974374,16160.0,5.2716564620487875e-11,16240.0,BID
1421,1712611385.6958003,344257.39921156,16160.0,5.271656463040332e-11,16240.0,BID
1422,1712611388.0859818,344257.70867938,16160.0,5.2716564620487875e-11,16240.0,BID
1423,1712611388.3261633,344257.77030706,16140.0,-1.0498020678572598e-11,16240.0,ASK
1424,1712611388.3305392,344258.0799665,16150.0,-5.274920630047239e-11,16240.0,ASK
1425,1712611410.4462223,344258.0799665,16150.0,-0.0,16240.0,ASK
1426,1712611424.246031,344258.45125362,16160.0,6.324694686233524e-11,16240.0,BID
1427,1712611435.6260145,344260.45125362,16160.0,3.40690228442886e-10,16240.0,BID
1428,1712611440.282534,344260.45125362,16160.0,0.0,16240.0,BID
1429,1712611442.0069387,344262.45125362,16160.0,3.4068800455943435e-10,16240.0,BID
1430,1712611451.485834,344264.45125362,16160.0,3.4068800455943435e-10,16240.0,BID
1431,1712611456.716064,344264.76091306,16150.0,-5.2748628355371256e-11,16240.0,ASK
1432,1712611456.7258227,344264.82254074,16140.0,-1.0497905667238347e-11,16240.0,ASK
1433,1712611457.625749,344274.82254074,16160.0,1.703440022797171e-09,16240.0,BID
1434,1712611457.9060082,344276.82254074,16160.0,3.4068800455943435e-10,16240.0,BID
1435,1712611465.6874204,344278.82254074,16160.0,3.4068800455943435e-10,16240.0,BID
1436,1712611466.757414,344279.17254074,16160.0,5.962040079393489e-11,16240.0,BID
1437,1712611470.2891324,344279.17254074,16160.0,0.0,16240.0,BID
1438,1712611472.6763446,344281.17254074,16160.0,3.4067044829334076e-10,16240.0,BID
1439,1712611478.0762525,344308.30929813,16160.0,4.622345652638024e-09,16240.0,BID
1440,1712611478.0807035,344312.0976645,16160.0,6.452922347869801e-10,16240.0,BID
1441,1712611478.0960417,344314.0976645,16160.0,3.4067044829334076e-10,16240.0,BID
1442,1712611484.7966783,344316.0976645,16160.0,3.4067044829334076e-10,16240.0,BID
1443,1712611490.5758169,344316.46895162,16160.0,6.324327480495649e-11,16240.0,BID
1444,1712611496.2760017,344318.46895162,16160.0,3.4067044829334076e-10,16240.0,BID
1445,1712611497.135796,345252.8402078,16160.0,1.591563373576248e-07,16240.0,BID
1446,1712611499.746101,345255.9342672,16160.0,5.270273014268162e-10,16240.0,BID
1447,1712611500.4165075,345255.9342672,16160.0,0.0,16240.0,BID
1448,1712611503.5857866,345257.9342672,16160.0,3.3982154664253407e-10,16240.0,BID
1449,1712611512.0883367,345259.9342672,16160.0,3.3982154664253407e-10,16240.0,BID
1450,1712611518.955994,345261.9342672,16160.0,3.3982154664253407e-10,16240.0,BID
1451,1712611522.506085,345262.24392664,16150.0,-5.261447491870055e-11,16240.0,ASK
1452,1712611522.5113754,345262.30555432,16140.0,-1.0471206761717875e-11,16240.0,ASK
1453,1712611524.9160762,345264.30555432,16160.0,3.3982154664253407e-10,16240.0,BID
1454,1712611530.4439244,345264.30555432,16160.0,0.0,16240.0,BID
1455,1712611530.9034717,345268.06215374,16160.0,6.382720419562653e-10,16240.0,BID
1456,1712611539.4462185,345396.60741035,16140.0,-2.1840721952899642e-08,16240.0,ASK
1457,1712611544.7860098,345399.69553213,16160.0,5.246930997906797e-10,16240.0,BID
1458,1712611550.2261078,345400.06681925,16160.0,6.308423170235931e-11,16240.0,BID
1459,1712611560.2925134,345400.06681925,16160.0,0.0,16240.0,BID
1460,1712611570.295965,345402.06681925,16160.0,3.39687262981344e-10,16240.0,BID
1461,1712611577.1361878,345412.06681925,16160.0,1.6984363149067199e-09,16240.0,BID
1462,1712611588.0758889,345412.43810637,16140.0,-6.306075278350639e-11,16240.0,ASK
1463,1712611590.2911775,345412.43810637,16140.0,-0.0,16240.0,ASK
1464,1712611591.6259952,345422.43810637,16160.0,1.698378648366027e-09,16240.0,BID
1465,1712611591.9258728,345453.36323786,16160.0,5.252258302050821e-09,16240.0,BID
1466,1712611596.8471224,345493.22209805,16160.0,6.769543709494762e-09,16240.0,BID
1467,1712611597.2259293,345508.56885668,16160.0,-2.6064607178836568e-09,16240.0,ASK
1468,1712611597.3112807,345523.85417425,16160.0,-2.596025699433299e-09,16240.0,ASK
1469,1712611597.351872,345535.34054937,16160.0,-1.950821425093548e-09,16240.0,ASK
1470,1712611597.405904,345546.82247252,16160.0,-1.9500653120165187e-09,16240.0,ASK
1471,1712611613.7262068,345547.19353003,16170.0,6.301961523452625e-11,16240.0,BID
1472,1712611620.4203863,345547.19353003,16170.0,0.0,16240.0,BID
1473,1712611637.9065585,345554.60341526,16160.0,-1.2580138126781754e-09,16240.0,ASK
1474,1712611637.9177206,345554.61353003,16150.0,-1.7172358301373826e-12,16240.0,ASK
1475,1712611650.4309723,345554.61353003,16150.0,-0.0,16240.0,ASK
1476,1712611654.855085,345554.98458754,16150.0,-6.299503377990583e-11,16240.0,ASK
1477,1712611669.5862465,345561.16269514,16170.0,1.048867322459247e-09,16240.0,BID
1478,1712611680.2973762,345561.16269514,16170.0,0.0,16240.0,BID
