,time,acc_trade_volume,trade_price,dev,high,ask_bid
0,1712601588.422573,171702110.05352187,65.85,0.0,66.0,BID
1,1712601600.3167732,171702110.05352187,65.85,0.0,66.0,BID
2,1712601606.1264565,171702201.169695,65.73,-7.119768175795665e-09,66.0,ASK
3,1712601630.317558,171702201.169695,65.73,-0.0,66.0,ASK
4,1712601634.6687882,171702292.2858681,65.85,7.119764843871295e-09,66.0,BID
5,1712601660.496282,171702292.2858681,65.85,0.0,66.0,BID
6,1712601672.686154,171702383.40204123,65.73,-7.119761505867124e-09,66.0,ASK
7,1712601690.4860938,171702383.40204123,65.73,-0.0,66.0,ASK
8,1712601692.756348,171709708.61569595,65.76,-5.72387404005871e-07,66.0,ASK
9,1712601692.7579262,171713987.3986022,65.75,-3.343412978027994e-07,66.0,ASK
10,1712601719.4862373,171714066.4624858,65.73,-6.178000153855405e-09,66.0,ASK
11,1712601720.3196602,171714066.4624858,65.73,-0.0,66.0,ASK
12,1712601741.7257676,171714157.52334478,65.89,7.115008856102857e-09,66.0,BID
13,1712601750.3072698,171714157.52334478,65.89,0.0,66.0,BID
14,1712601774.567717,171714247.29334638,65.73,-7.014144869090363e-09,66.0,ASK
15,1712601774.5693052,171714248.58420378,65.7,-1.0086065144145952e-10,66.0,ASK
16,1712601780.4770572,171714248.58420378,65.7,-0.0,66.0,ASK
17,1712601808.5156972,171714339.7003769,65.85,7.119324139037404e-09,66.0,BID
18,1712601810.5071592,171714339.7003769,65.85,0.0,66.0,BID
19,1712601810.526379,171716339.7003769,65.7,1.5626909159582478e-07,66.0,BID
20,1712601813.31557,171721940.27525404,65.7,4.3759837423276e-07,66.0,BID
21,1712601813.3391902,171729777.67931065,65.7,6.123720061978349e-07,66.0,BID
22,1712601814.7655025,171729931.5254645,65.72,-1.2020699354241473e-08,66.0,ASK
23,1712601815.625851,171733726.30384946,65.88,2.9650328551209573e-07,66.0,BID
24,1712601840.3094423,171733726.30384946,65.88,0.0,66.0,BID
25,1712601844.1056056,171733817.42002258,65.69,-7.1186119758377e-09,66.0,ASK
26,1712601870.3254385,171733817.42002258,65.69,-0.0,66.0,ASK
27,1712601900.3182974,171733817.42002258,65.69,-0.0,66.0,ASK
28,1712601907.0858753,171733908.57772538,65.82,7.1235324695136916e-09,66.0,BID
29,1712601923.7652693,171734619.6698977,65.69,-5.556840533031756e-08,66.0,ASK
30,1712601930.3167405,171734619.6698977,65.69,-0.0,66.0,ASK
31,1712601943.6152768,171734710.82760054,65.69,-7.1235031289973435e-09,66.0,ASK
32,1712601960.4855876,171734710.82760054,65.69,-0.0,66.0,ASK
33,1712601990.5049589,171734710.82760054,65.69,-0.0,66.0,ASK
34,1712602003.525044,171734802.04073524,65.78,7.127831507802682e-09,66.0,BID
35,1712602014.344619,171745856.22771806,65.69,-8.638271508063671e-07,66.0,ASK
36,1712602014.4651356,171749222.80806208,65.69,-2.630807232643055e-07,66.0,ASK
37,1712602020.5811164,171749222.80806208,65.69,-0.0,66.0,ASK
38,1712602029.1850054,171751646.0421034,65.67,-1.893490163083828e-07,66.0,ASK
39,1712602029.2647448,171752882.37102842,65.67,-9.660547094993774e-08,66.0,ASK
40,1712602043.7952938,171752973.5841631,65.6,-7.127300554033079e-09,66.0,ASK
41,1712602043.797086,171759964.24834222,65.6,-5.462433108317116e-07,66.0,ASK
42,1712602050.294809,171759964.24834222,65.6,-0.0,66.0,ASK
43,1712602065.6772673,171776964.24834222,65.49,-1.3282893579763608e-06,66.0,ASK
44,1712602065.6791134,171777116.94341016,65.49,-1.1930778456648544e-08,66.0,ASK
45,1712602065.6808772,171785278.9685354,65.6,-6.377371243168087e-07,66.0,ASK
46,1712602065.6824975,171786622.2183824,65.48,-1.0495438099215705e-07,66.0,ASK
47,1712602065.6838994,171836622.2183824,65.5,-3.906733405812826e-06,66.0,ASK
48,1712602065.685353,171838150.50584337,65.4,-1.1941223355012737e-07,66.0,ASK
49,1712602065.6867323,171857750.50584337,65.44,-1.5314394950786276e-06,66.0,ASK
50,1712602065.6881518,171866136.50584337,65.3,-6.552373268229271e-07,66.0,ASK
51,1712602065.6895502,173020754.7137017,65.49,-9.021571047199702e-05,66.0,ASK
52,1712602065.6909585,173081916.77792186,65.4,-4.778877589147388e-06,66.0,ASK
53,1712602065.692835,173081993.2809049,65.37,-5.977535189238398e-09,66.0,ASK
54,1712602065.6941984,173083344.78674287,65.08,-1.0559946010751077e-07,66.0,ASK
55,1712602065.6950114,173083644.60224104,65.0,-2.3425984445875972e-08,66.0,ASK
56,1712602065.695815,173083797.66502804,65.3,-1.1959510062910213e-08,66.0,ASK
57,1712602065.6966217,173085596.55801696,65.0,-1.4055590666594144e-07,66.0,ASK
58,1712602065.6974316,173085676.35841596,65.13,-6.2351776918327955e-09,66.0,ASK
59,1712602065.698242,173085753.08797568,65.19,-5.995238683394502e-09,66.0,ASK
60,1712602065.6990793,173086052.90347385,65.0,-2.3425984445875972e-08,66.0,ASK
61,1712602065.6999118,173086129.48846617,65.3,-5.983942957558113e-09,66.0,ASK
62,1712602065.7007303,173086806.057924,65.0,-5.2863530045064414e-08,66.0,ASK
63,1712602065.7015648,173087419.248108,65.2,-4.791141151876391e-08,66.0,ASK
64,1712602065.7023847,173089547.9381449,65.0,-1.6632448955500788e-07,66.0,ASK
65,1712602065.734956,173112614.21524778,65.0,1.802275906111732e-06,66.0,BID
66,1712602065.736854,173331082.46407145,65.0,1.70699441157774e-05,66.0,BID
67,1712602065.7388322,173432321.1942062,65.0,7.910254579590368e-06,66.0,BID
68,1712602065.7548804,173433983.15847114,65.67,1.2985702626132865e-07,66.0,BID
69,1712602065.7563915,173434131.1942062,65.75,1.1566723029095644e-08,66.0,BID
70,1712602065.7579465,173451931.1942062,65.25,-1.390797092469366e-06,66.0,ASK
71,1712602065.7751536,173455593.1942062,65.75,2.8612915464173136e-07,66.0,BID
72,1712602065.7808387,173472402.74202934,65.75,1.3134084403446894e-06,66.0,BID
73,1712602065.7823858,173473243.35352936,65.75,6.568090056914596e-08,66.0,BID
74,1712602065.783923,173474433.80570623,65.75,9.301558574792781e-08,66.0,BID
75,1712602065.819256,173505202.80570623,65.75,2.4041256032690967e-06,66.0,BID
76,1712602065.9166453,173510264.56710622,65.7,3.95499047071456e-07,66.0,BID
77,1712602066.0348177,173523077.18920633,65.52,-1.001109975491485e-06,66.0,ASK
78,1712602066.036899,173535893.72355747,65.5,-1.0014156579269452e-06,66.0,ASK
79,1712602066.0944774,173538893.72355747,65.34,2.3440400434876965e-07,66.0,BID
80,1712602066.1145885,173574313.88645896,65.34,2.767542672931735e-06,66.0,BID
81,1712602066.1560078,173593789.92054307,65.6,1.521753459382948e-06,66.0,BID
82,1712602066.158718,173596947.77177918,65.6,2.4673765829357185e-07,66.0,BID
83,1712602066.1608553,173600513.4041146,65.52,2.785994991529799e-07,66.0,BID
84,1712602066.1629808,173600674.49162298,65.48,1.2586519004978263e-08,66.0,BID
85,1712602066.165072,173601060.7653599,65.6,3.0181370236577695e-08,66.0,BID
86,1712602066.1666594,173608385.9790146,65.59,5.72353137790416e-07,66.0,BID
87,1712602066.1676044,173655031.75225896,65.6,3.644652011473535e-06,66.0,BID
88,1712602066.1947954,173662715.75225896,65.6,6.00386789805315e-07,66.0,BID
89,1712602066.575288,173670040.96591368,65.59,5.723531377927446e-07,66.0,BID
90,1712602066.5774727,173716071.90521297,65.6,3.5966121652292147e-06,66.0,BID
91,1712602066.5792153,173764057.73655897,65.6,3.749357006502775e-06,66.0,BID
92,1712602066.6950765,173788552.54228127,65.6,1.9138935156837973e-06,66.0,BID
93,1712602068.0249045,173795877.75593597,65.43,-5.72353137790416e-07,66.0,ASK
94,1712602068.0271533,173801467.67143255,65.42,-4.367661921238033e-07,66.0,ASK
95,1712602069.0048077,173824533.94853544,65.43,-1.802275906111732e-06,66.0,ASK
96,1712602069.0255058,173855614.62411255,65.43,-2.428478271046068e-06,66.0,ASK
97,1712602069.027738,173866834.2564391,65.42,-8.766422482208861e-07,66.0,ASK
98,1712602069.029959,173874159.4700938,65.43,-5.72353137790416e-07,66.0,ASK
99,1712602069.0317717,173878371.81963217,65.4,-3.291305331714461e-07,66.0,ASK
100,1712602071.8347108,173878463.3388512,65.56,7.150823806017413e-09,66.0,BID
101,1712602077.916227,173881463.3388512,65.47,-2.3440400434876965e-07,66.0,ASK
102,1712602078.934756,173882653.79102808,65.48,9.301558574792781e-08,66.0,BID
103,1712602080.4846554,173882653.79102808,65.48,0.0,66.0,BID
104,1712602080.9846768,173884005.2968661,65.49,-1.0446609045412726e-07,66.0,ASK
105,1712602083.81459,173885416.33235425,65.49,-1.0906749848550137e-07,66.0,ASK
106,1712602085.2661958,173992854.49812523,65.51,-8.304548029337148e-06,66.0,ASK
107,1712602090.6249404,174010101.4519958,65.53,-1.333121761248059e-06,66.0,ASK
108,1712602094.234632,174028645.5042701,65.54,-1.4333823708315817e-06,66.0,ASK
109,1712602094.2945323,174082879.4283201,65.55,4.192069213586097e-06,66.0,BID
110,1712602094.2964156,174089865.8939385,65.55,5.400263385639715e-07,66.0,BID
111,1712602094.374415,174102678.51603863,65.55,-9.903653403667171e-07,66.0,ASK
112,1712602094.394754,174115495.05038977,65.55,-9.906677419975567e-07,66.0,ASK
113,1712602097.3846004,174118784.20624983,65.56,-2.5423882304658496e-07,66.0,ASK
114,1712602101.0744486,174124244.48023486,65.59,4.220577225663737e-07,66.0,BID
115,1712602101.2143738,174127669.49953172,65.59,-2.647405328267439e-07,66.0,ASK
116,1712602101.2442462,174222518.8748382,65.59,-7.331483994844252e-06,66.0,ASK
117,1712602101.278407,174262207.20795333,65.59,-3.067752192098273e-06,66.0,ASK
118,1712602110.4861574,174262207.20795333,65.59,-0.0,66.0,ASK
119,1712602112.3859596,174283148.01114324,65.6,1.6155348581976734e-06,66.0,BID
120,1712602112.3884945,174305588.32517746,65.6,1.73121867496801e-06,66.0,BID
121,1712602112.526603,174309800.67471588,65.6,-3.24973089738243e-07,66.0,ASK
122,1712602112.5282648,174326610.22252905,65.6,-1.296817996733832e-06,66.0,ASK
123,1712602112.6051955,174340975.49069163,65.6,-1.1082474370033706e-06,66.0,ASK
124,1712602112.684418,174347088.68429404,65.6,-4.716188424124445e-07,66.0,ASK
125,1712602112.7245874,174355340.7588542,65.6,-6.366285945909261e-07,66.0,ASK
126,1712602113.3646994,174355432.27807325,65.58,-7.060497499295592e-09,66.0,ASK
127,1712602115.8546047,174446113.43722314,65.58,-6.99584310400491e-06,66.0,ASK
128,1712602140.306151,174446113.43722314,65.58,-0.0,66.0,ASK
129,1712602142.4247768,174446204.9424847,65.57,7.052857400920292e-09,66.0,BID
130,1712602170.3147333,174446204.9424847,65.57,0.0,66.0,BID
131,1712602178.6343858,174446296.44774625,65.39,-7.052854136989525e-09,66.0,ASK
132,1712602186.6855872,174453530.1561394,65.39,-5.575448811095727e-07,66.0,ASK
133,1712602186.7241478,174464096.44774625,65.39,8.144068681673691e-07,66.0,BID
134,1712602187.3442836,174464696.44774625,65.51,4.6245564582368823e-08,66.0,BID
135,1712602200.3362265,174464696.44774625,65.51,0.0,66.0,BID
136,1712602203.5742166,174464811.35540384,65.49,-8.864726057817341e-09,66.0,ASK
137,1712602209.9044902,174464902.87462285,65.56,7.060389381782003e-09,66.0,BID
138,1712602213.534335,174465232.67167082,65.45,-2.5442694996859023e-08,66.0,ASK
139,1712602230.3247302,174465232.67167082,65.45,-0.0,66.0,ASK
140,1712602245.6841614,174465324.19088987,65.47,-7.060370259978003e-09,66.0,ASK
141,1712602260.323925,174465324.19088987,65.47,-0.0,66.0,ASK
142,1712602271.4840314,174465415.71010888,65.56,7.0603669940775915e-09,66.0,BID
143,1712602290.3341644,174465415.71010888,65.56,0.0,66.0,BID
144,1712602310.5141044,174465507.22932792,65.47,-7.060363728292086e-09,66.0,ASK
145,1712602320.4750955,174465507.22932792,65.47,-0.0,66.0,ASK
146,1712602328.594404,174541878.08620894,65.47,-5.891721806946296e-06,66.0,ASK
147,1712602328.5971627,174603668.48345572,65.47,-4.766894674049157e-06,66.0,ASK
148,1712602328.6539454,174603821.22516948,65.47,1.1783443613910984e-08,66.0,BID
149,1712602329.173889,174604136.0303643,65.45,-2.4286026202109173e-08,66.0,ASK
150,1712602331.203541,174605005.0303643,65.45,6.704005244058727e-08,66.0,BID
151,1712602333.0541809,174612646.78491113,65.43,-5.895323654280598e-07,66.0,ASK
152,1712602343.4043803,174612738.47195268,65.44,7.0733073345143206e-09,66.0,BID
153,1712602350.5158436,174612738.47195268,65.44,0.0,66.0,BID
154,1712602353.6239362,174615237.4499527,65.44,1.9264341944404257e-07,66.0,BID
155,1712602353.7440655,174663456.13476107,65.36,3.717124489500803e-06,66.0,BID
156,1712602353.7458255,174693710.04305145,65.36,2.332239957523209e-06,66.0,BID
157,1712602353.7636223,174704093.04305145,65.47,8.004138588156725e-07,66.0,BID
158,1712602354.003818,174704171.1314475,65.34,-6.019747125606496e-09,66.0,ASK
159,1712602357.8340335,174704247.51397118,65.46,5.8882433332703095e-09,66.0,BID
160,1712602380.2973018,174704247.51397118,65.46,0.0,66.0,BID
161,1712602410.31549,174704247.51397118,65.46,0.0,66.0,BID
162,1712602415.133425,174704339.20101273,65.4,-7.0647933951403265e-09,66.0,ASK
163,1712602430.28891,174708276.23357433,65.46,3.033615347073023e-07,66.0,BID
164,1712602437.0868716,174708839.20057434,65.46,4.337849139923438e-08,66.0,BID
165,1712602440.483988,174708839.20057434,65.46,0.0,66.0,BID
166,1712602443.6535156,174708930.85960275,65.46,7.062471324665688e-09,66.0,BID
167,1712602447.9833477,174725642.29643646,65.46,1.2876423138910882e-06,66.0,BID
168,1712602448.0633044,174760358.88218832,65.46,2.6749671648671984e-06,66.0,BID
169,1712602448.3034005,174775615.7881883,65.46,1.1755684409503308e-06,66.0,BID
170,1712602448.323438,174780710.05789375,65.46,3.925214388431419e-07,66.0,BID
171,1712602448.3259127,174844168.99067813,65.46,4.889609903722342e-06,66.0,BID
172,1712602448.4235802,174886895.10662875,65.46,3.292113978808356e-06,66.0,BID
173,1712602448.5234642,174909968.46995974,65.46,1.777838688821528e-06,66.0,BID
174,1712602448.6248372,174921556.65466836,65.46,8.928877343396674e-07,66.0,BID
175,1712602448.64392,174933967.65466836,65.46,9.562869379050856e-07,66.0,BID
176,1712602448.8133876,174982749.88132203,65.46,3.7587467690617553e-06,66.0,BID
177,1712602448.893371,175003474.71363243,65.46,1.5968807049163471e-06,66.0,BID
178,1712602448.913455,175010558.332876,65.46,5.458039284273351e-07,66.0,BID
179,1712602449.873693,175011641.990876,65.46,8.349754174112107e-08,66.0,BID
180,1712602450.153679,175065819.041476,65.46,4.174426381679477e-06,66.0,BID
181,1712602450.3133926,175083950.506143,65.46,1.3970576767490483e-06,66.0,BID
182,1712602450.3736813,175096113.9382157,65.46,9.372114423670858e-07,66.0,BID
183,1712602452.0633192,175097851.5712157,65.46,1.338873371009453e-07,66.0,BID
184,1712602470.4932015,175097851.5712157,65.46,0.0,66.0,BID
185,1712602487.6062305,175097943.2302441,65.43,-7.048641194584352e-09,66.0,ASK
186,1712602500.3267837,175097943.2302441,65.43,-0.0,66.0,ASK
187,1712602500.673561,175098653.69570956,65.43,-5.472604213513383e-08,66.0,ASK
188,1712602503.2472878,175098653.6958628,65.46,1.1804110021850328e-14,66.0,BID
189,1712602516.7140596,175098745.21508184,65.56,7.049582113310571e-09,66.0,BID
190,1712602530.3040862,175098745.21508184,65.56,0.0,66.0,BID
191,1712602552.514729,175098836.73430088,65.45,-7.049553612696262e-09,66.0,ASK
192,1712602560.4861689,175098836.73430088,65.45,-0.0,66.0,ASK
193,1712602571.8891456,175104324.73430088,65.46,-4.227301410739493e-07,66.0,ASK
194,1712602580.976597,175104416.3933293,65.46,7.060319608390264e-09,66.0,BID
195,1712602588.025507,175106476.153705,65.46,1.586594012758233e-07,66.0,BID
196,1712602590.477492,175106476.153705,65.46,0.0,66.0,BID
197,1712602620.3395195,175106476.153705,65.46,0.0,66.0,BID
198,1712602621.971701,175106567.8127334,65.46,-7.060047655863139e-09,66.0,ASK
199,1712602650.3190072,175106567.8127334,65.46,-0.0,66.0,ASK
200,1712602651.567131,175106659.33195245,65.56,7.049275564540863e-09,66.0,BID
201,1712602661.1785803,175126752.72195545,65.56,1.5476950594787324e-06,66.0,BID
202,1712602676.5375705,175133603.79982644,65.56,5.277048507724118e-07,66.0,BID
203,1712602680.210248,175139188.02670643,65.56,4.301255463548585e-07,66.0,BID
204,1712602680.4877224,175139188.02670643,65.56,0.0,66.0,BID
205,1712602691.1878967,175139279.54592547,65.54,-7.04811456810144e-09,66.0,ASK
206,1712602708.7491293,175153186.92613664,65.56,1.0710407070533503e-06,66.0,BID
207,1712602708.7516549,175169612.73226857,65.56,1.264990727680476e-06,66.0,BID
208,1712602710.48837,175169612.73226857,65.56,0.0,66.0,BID
209,1712602740.292573,175169612.73226857,65.56,0.0,66.0,BID
210,1712602770.3296237,175169612.73226857,65.56,0.0,66.0,BID
211,1712602787.4399998,175169704.2514876,65.56,7.047032058325611e-09,66.0,BID
212,1712602792.5198786,175169859.12735498,65.48,-1.192553011086508e-08,66.0,ASK
213,1712602795.799947,175170097.84872454,65.48,-1.8381681596052413e-08,66.0,ASK
214,1712602796.7797775,175170662.70171425,65.56,4.3494002335218966e-08,66.0,BID
215,1712602800.405448,175170662.70171425,65.56,0.0,66.0,BID
216,1712602823.3804395,175170754.2209333,65.48,-7.057107876391645e-09,66.0,ASK
217,1712602829.2210703,175171600.71600574,65.55,6.527379828793739e-08,66.0,BID
218,1712602830.3223178,175171600.71600574,65.55,0.0,66.0,BID
219,1712602853.3410008,175209734.55321968,65.48,-2.940511621145702e-06,66.0,ASK
220,1712602853.4211514,175226544.10103285,65.48,-1.2961892718415235e-06,66.0,ASK
221,1712602853.4825175,175247868.39043364,65.48,-1.6443223493064768e-06,66.0,ASK
222,1712602855.360911,175254769.84346512,65.46,-5.321731125039805e-07,66.0,ASK
223,1712602855.6507154,175254861.51649797,65.45,7.068935049176787e-09,66.0,BID
224,1712602860.483132,175254861.51649797,65.45,0.0,66.0,BID
225,1712602884.8914988,175259737.13449797,65.45,3.758023829695728e-07,66.0,BID
226,1712602890.4918847,175259737.13449797,65.45,0.0,66.0,BID
227,1712602898.4018855,175259828.80753082,65.36,-7.065790809562657e-09,66.0,ASK
228,1712602903.961585,175260044.0095308,65.45,1.6586909655661747e-08,66.0,BID
229,1712602920.3173065,175260044.0095308,65.45,0.0,66.0,BID
230,1712602923.8622282,175260135.68256366,65.45,7.065779875739417e-09,66.0,BID
231,1712602950.3424478,175260135.68256366,65.45,0.0,66.0,BID
232,1712602967.012619,175260227.35559648,65.37,-7.065776605836586e-09,66.0,ASK
233,1712602980.5101693,175260227.35559648,65.37,-0.0,66.0,ASK
234,1712602995.9435244,175260319.02862933,65.45,7.065773344524871e-09,66.0,BID
235,1712603010.5027635,175260319.02862933,65.45,0.0,66.0,BID
236,1712603010.910601,175266065.95926172,65.36,-4.429491338296173e-07,66.0,ASK
237,1712603010.9146352,175273579.95926172,65.38,-5.791473752687093e-07,66.0,ASK
238,1712603021.9138486,175273689.81506172,65.38,8.467220951513657e-09,66.0,BID
239,1712603033.803345,175273781.48809457,65.34,-7.065770076925121e-09,66.0,ASK
240,1712603040.3240516,175273781.48809457,65.34,-0.0,66.0,ASK
241,1712603048.543728,175273798.46696684,65.38,1.308570981348458e-09,66.0,BID
242,1712603048.5472252,175273925.3016391,65.38,9.775217631117328e-09,66.0,BID
243,1712603053.203692,175275794.38119927,65.34,-1.440509849801309e-07,66.0,ASK
244,1712603067.354971,175275886.06824082,65.44,7.066370488895921e-09,66.0,BID
245,1712603070.3747935,175275886.06824082,65.44,0.0,66.0,BID
246,1712603100.4345362,175279836.8122301,65.44,3.04482774870546e-07,66.0,BID
247,1712603100.437305,175291944.8500391,65.44,9.331632118690512e-07,66.0,BID
248,1712603100.4738834,175291944.8500391,65.44,0.0,66.0,BID
249,1712603102.8441944,175292452.18872815,65.45,3.9098438758133264e-08,66.0,BID
250,1712603110.7339742,175292543.8757697,65.44,-7.065931016694588e-09,66.0,ASK
251,1712603124.4943242,175292797.54511425,65.46,1.9549219380215e-08,66.0,BID
252,1712603130.4943635,175292797.54511425,65.46,0.0,66.0,BID
253,1712603134.2344096,175292889.06433326,65.56,7.052967310704492e-09,66.0,BID
254,1712603160.3252263,175292889.06433326,65.56,0.0,66.0,BID
255,1712603176.5847826,175292980.5835523,65.49,-7.052964051763281e-09,66.0,ASK
256,1712603190.3100927,175292980.5835523,65.49,-0.0,66.0,ASK
257,1712603204.6450386,175293071.9494728,65.67,7.0411467891264714e-09,66.0,BID
258,1712603220.485026,175293071.9494728,65.67,0.0,66.0,BID
259,1712603243.4054706,175293163.31539333,65.57,-7.041143533357258e-09,66.0,ASK
260,1712603250.5097032,175293163.31539333,65.57,-0.0,66.0,ASK
261,1712603280.3167677,175293163.31539333,65.57,-0.0,66.0,ASK
262,1712603288.4864247,175298388.68275213,65.69,4.0269440065023065e-07,66.0,BID
263,1712603288.489424,175300388.68275213,65.69,1.5413056078125005e-07,66.0,BID
264,1712603291.395859,175326604.91262645,65.69,2.0203611060490025e-06,66.0,BID
265,1712603291.4762158,175326904.7281246,65.7,2.310536542987869e-08,66.0,BID
266,1712603291.4808464,175328403.80561537,65.7,1.1552682715398694e-07,66.0,BID
267,1712603291.485252,175331401.9605969,65.7,2.310536543056772e-07,66.0,BID
268,1712603292.455581,175331801.9605969,65.71,-3.0826112156250014e-08,66.0,ASK
269,1712603295.8256714,175332377.95711958,65.72,-4.4389333525501786e-08,66.0,ASK
270,1712603310.3096228,175332377.95711958,65.72,-0.0,66.0,ASK
271,1712603339.986144,175332877.95711958,65.75,-3.852499196104028e-08,66.0,ASK
272,1712603340.4959636,175332877.95711958,65.75,-0.0,66.0,ASK
273,1712603342.106419,175332957.7575186,65.79,6.148603885817011e-09,66.0,BID
274,1712603342.116391,175332969.14427456,65.86,8.773471423157623e-10,66.0,BID
275,1712603370.4960256,175332969.14427456,65.86,0.0,66.0,BID
276,1712603380.5862858,175333060.33142957,65.76,-7.025947782342281e-09,66.0,ASK
277,1712603400.3477335,175333060.33142957,65.76,-0.0,66.0,ASK
278,1712603409.3467932,175333151.57230547,65.76,7.0353010258523925e-09,66.0,BID
279,1712603417.2366338,175333292.91332766,65.76,1.0898367958727004e-08,66.0,BID
280,1712603430.3381643,175333292.91332766,65.76,0.0,66.0,BID
281,1712603460.476876,175333292.91332766,65.76,0.0,66.0,BID
282,1712603473.3768828,175333384.15420356,65.75,-7.035292729004532e-09,66.0,ASK
283,1712603490.49692,175333384.15420356,65.75,-0.0,66.0,ASK
284,1712603502.7124393,175333475.25654185,65.86,7.024607286262001e-09,66.0,BID
285,1712603520.320377,175333475.25654185,65.86,0.0,66.0,BID
286,1712603538.9081151,175340800.47019655,65.85,5.648233225988618e-07,66.0,BID
287,1712603538.9121478,175342217.12026188,65.86,1.0923326398104725e-07,66.0,BID
288,1712603538.916058,175343560.37010887,65.88,1.035736126513634e-07,66.0,BID
289,1712603538.9187267,175353243.97623447,65.89,7.466712705491072e-07,66.0,BID
290,1712603539.2673934,175353335.07857275,65.76,-7.024604036394723e-09,66.0,ASK
291,1712603550.3404424,175353335.07857275,65.76,-0.0,66.0,ASK
292,1712603570.9595191,175353426.18091106,65.86,7.023895529527635e-09,66.0,BID
293,1712603580.34763,175353426.18091106,65.86,0.0,66.0,BID
294,1712603609.4602678,175353517.28324935,65.73,-7.023892278021173e-09,66.0,ASK
295,1712603610.310844,175353517.28324935,65.73,-0.0,66.0,ASK
296,1712603628.6177886,175358564.85298347,65.73,-3.891620168898714e-07,66.0,ASK
297,1712603628.6274626,175361201.9024782,65.73,-2.0331358536025626e-07,66.0,ASK
298,1712603640.4975145,175361201.9024782,65.73,-0.0,66.0,ASK
299,1712603670.4995406,175361201.9024782,65.73,-0.0,66.0,ASK
300,1712603673.6579468,175361293.00481647,65.86,7.023615511610825e-09,66.0,BID
301,1712603700.3693645,175361293.00481647,65.86,0.0,66.0,BID
302,1712603710.1180437,175361384.10715476,65.72,-7.034837403507613e-09,66.0,ASK
303,1712603730.3085124,175361384.10715476,65.72,-0.0,66.0,ASK
304,1712603760.4880369,175361384.10715476,65.72,-0.0,66.0,ASK
305,1712603771.9187412,175361475.4174576,65.71,7.050892973318452e-09,66.0,BID
306,1712603784.0212293,175363335.1937025,65.71,-1.436101167902933e-07,66.0,ASK
307,1712603790.5082216,175363335.1937025,65.71,-0.0,66.0,ASK
308,1712603820.319477,175363335.1937025,65.71,-0.0,66.0,ASK
309,1712603821.1085758,175363426.5040053,65.55,-7.050823168326425e-09,66.0,ASK
310,1712603841.5584905,175363517.88384083,65.66,7.056192362202659e-09,66.0,BID
311,1712603850.348472,175363517.88384083,65.66,0.0,66.0,BID
312,1712603854.4686737,175363838.89502716,65.49,-2.4787903940019955e-08,66.0,ASK
313,1712603880.510824,175363838.89502716,65.49,-0.0,66.0,ASK
314,1712603881.1988685,175363930.27486268,65.49,-7.0561743770558e-09,66.0,ASK
315,1712603891.4967494,175364050.27486268,65.55,9.266168191957962e-09,66.0,BID
316,1712603910.5112731,175364050.27486268,65.55,0.0,66.0,BID
317,1712603928.2587278,175364126.77592942,65.62,-5.9072582764602455e-09,66.0,ASK
318,1712603935.7085326,175364203.10002005,65.7,5.893592537383982e-09,66.0,BID
319,1712603940.3029666,175364203.10002005,65.7,0.0,66.0,BID
320,1712603948.5289266,175364963.90342844,65.7,5.8747661174598464e-08,66.0,BID
321,1712603949.5388222,175365055.22762933,65.7,7.051865373229889e-09,66.0,BID
322,1712603970.3111649,175365055.22762933,65.7,0.0,66.0,BID
323,1712603988.1089077,175365146.55183026,65.59,-7.051834890245173e-09,66.0,ASK
324,1712604000.3439198,175365146.55183026,65.59,-0.0,66.0,ASK
325,1712604017.4291835,175365237.88993347,65.69,7.055532079423625e-09,66.0,BID
326,1712604030.3291974,175365237.88993347,65.69,0.0,66.0,BID
327,1712604033.6294017,175366734.3886395,65.69,1.155989599426414e-07,66.0,BID
328,1712604055.9593818,175366825.7267427,65.55,-7.055528809341933e-09,66.0,ASK
329,1712604060.5108037,175366825.7267427,65.55,-0.0,66.0,ASK
330,1712604076.029155,175367536.43244842,65.69,5.489893055525152e-08,66.0,BID
331,1712604085.3991573,175367627.77055162,65.69,7.0554719691503115e-09,66.0,BID
332,1712604090.5851831,175367627.77055162,65.69,0.0,66.0,BID
333,1712604106.9476483,175367782.47352192,65.49,-1.1950084247506286e-08,66.0,ASK
334,1712604120.340933,175367782.47352192,65.49,-0.0,66.0,ASK
335,1712604121.649438,175367873.81162512,65.54,-7.055437733351983e-09,66.0,ASK
336,1712604150.3194056,175367873.81162512,65.54,-0.0,66.0,ASK
337,1712604165.5295424,175368483.10332352,65.65,4.706488859315576e-08,66.0,BID
338,1712604180.490798,175368483.10332352,65.65,0.0,66.0,BID
339,1712604210.5302804,175368483.10332352,65.65,0.0,66.0,BID
340,1712604238.840811,175417274.04010952,65.65,-3.768856386851873e-06,66.0,ASK
341,1712604238.9026103,175424936.52396604,65.65,-5.918886400663969e-07,66.0,ASK
342,1712604238.931639,175439255.5295294,65.65,-1.106071724088788e-06,66.0,ASK
343,1712604238.9396334,175440822.5295294,65.65,-1.2104293024953717e-07,66.0,ASK
344,1712604238.9423208,175471188.06533375,65.65,-2.3455861087154464e-06,66.0,ASK
345,1712604239.0396864,175495146.1602542,65.65,-1.850643275283086e-06,66.0,ASK
346,1712604239.653687,175507976.09408894,65.65,-9.91048363920607e-07,66.0,ASK
347,1712604240.309635,175507976.09408894,65.65,-0.0,66.0,ASK
348,1712604240.497616,175520806.02792367,65.65,-9.903478039938116e-07,66.0,ASK
349,1712604245.4094567,175520897.3938442,65.67,7.052572515677023e-09,66.0,BID
350,1712604270.3301678,175520897.3938442,65.67,0.0,66.0,BID
351,1712604282.879614,175520988.7597647,65.62,-7.052110747162232e-09,66.0,ASK
352,1712604300.509525,175520988.7597647,65.62,-0.0,66.0,ASK
353,1712604304.009721,175521996.7597647,65.69,7.789257929642122e-08,66.0,BID
354,1712604330.490316,175521996.7597647,65.69,0.0,66.0,BID
355,1712604352.5063684,175522088.0978679,65.69,7.058059566805853e-09,66.0,BID
356,1712604360.3633122,175522088.0978679,65.69,0.0,66.0,BID
357,1712604389.8702395,175522179.4359711,65.57,-7.058056294380873e-09,66.0,ASK
358,1712604390.3317213,175522179.4359711,65.57,-0.0,66.0,ASK
359,1712604420.341854,175522179.4359711,65.57,-0.0,66.0,ASK
360,1712604422.8401284,175522270.77407432,65.69,7.058053027936862e-09,66.0,BID
361,1712604450.321555,175522270.77407432,65.69,0.0,66.0,BID
362,1712604460.3126817,175522362.11217752,65.63,-7.058049755517946e-09,66.0,ASK
363,1712604480.5099847,175522362.11217752,65.63,-0.0,66.0,ASK
364,1712604490.3898745,175522453.45028073,65.69,7.058046486091025e-09,66.0,BID
365,1712604510.5203114,175522453.45028073,65.69,0.0,66.0,BID
366,1712604540.3433454,175522453.45028073,65.69,0.0,66.0,BID
367,1712604552.9019213,175535542.49473193,65.69,1.0114403312609036e-06,66.0,BID
368,1712604553.4406118,175537642.52028075,65.7,1.622769748142069e-07,66.0,BID
369,1712604554.4799988,175552834.25928074,65.7,1.1739235498711197e-06,66.0,BID
370,1712604559.1208282,175561723.20447698,65.7,6.86882660331797e-07,66.0,BID
371,1712604559.1254232,175568025.99828073,65.7,4.870408895393228e-07,66.0,BID
372,1712604559.5402024,175568117.33638394,65.65,-7.058043213678176e-09,66.0,ASK
373,1712604570.3301952,175568117.33638394,65.65,-0.0,66.0,ASK
374,1712604579.9900017,175583306.38338396,65.7,1.1734435010725371e-06,66.0,BID
375,1712604580.0499802,175600115.93120706,65.7,1.2986367511377953e-06,66.0,BID
376,1712604580.0598,175605220.01880407,65.7,3.943208826472856e-07,66.0,BID
377,1712604600.4305365,175605220.01880407,65.7,0.0,66.0,BID
378,1712604625.9903748,175605311.31521308,65.72,7.099529783871986e-09,66.0,BID
379,1712604630.3227108,175605311.31521308,65.72,0.0,66.0,BID
380,1712604638.3305173,175605511.31521308,65.72,1.5552695989434842e-08,66.0,BID
381,1712604638.3352325,175605620.01880407,65.72,8.453169518067702e-09,66.0,BID
382,1712604660.510286,175605620.01880407,65.72,0.0,66.0,BID
383,1712604677.8603723,175605733.88462645,65.67,-8.854588625334043e-09,66.0,ASK
384,1712604690.5076678,175605733.88462645,65.67,-0.0,66.0,ASK
385,1712604695.2704506,175605825.18103546,65.67,-7.0995111424772915e-09,66.0,ASK
386,1712604696.6549091,175605977.249162,65.76,1.1825321175368133e-08,66.0,BID
387,1712604720.3203614,175605977.249162,65.76,0.0,66.0,BID
388,1712604730.060505,175606068.50391483,65.75,7.096262994273927e-09,66.0,BID
389,1712604750.3504834,175606068.50391483,65.75,0.0,66.0,BID
390,1712604767.8004146,175606159.75866768,65.68,-7.096259683306109e-09,66.0,ASK
391,1712604780.3836186,175606159.75866768,65.68,-0.0,66.0,ASK
392,1712604799.2834146,175606310.88281205,65.66,-1.1751888418319593e-08,66.0,ASK
393,1712604800.0403538,175606402.1375649,65.75,7.0962563758663606e-09,66.0,BID
394,1712604806.4552443,175609442.7625649,65.75,2.364485560507666e-07,66.0,BID
395,1712604809.6402795,175609746.8245649,65.76,2.364481672400585e-08,66.0,BID
396,1712604810.3356953,175609746.8245649,65.76,0.0,66.0,BID
397,1712604834.6710813,175609838.07931775,65.66,-7.096126235866318e-09,66.0,ASK
398,1712604840.5304506,175609838.07931775,65.66,-0.0,66.0,ASK
399,1712604854.3307216,175621019.2775049,65.66,-8.694687603927375e-07,66.0,ASK
400,1712604854.3360476,175622588.2468136,65.66,-1.2200569000752634e-07,66.0,ASK
401,1712604870.5004804,175622588.2468136,65.66,-0.0,66.0,ASK
402,1712604872.361034,175629913.4604683,65.75,5.695838433603213e-07,66.0,BID
403,1712604872.3665106,175642871.6992851,65.75,1.0075888317223308e-06,66.0,BID
404,1712604896.9105127,175642962.940161,65.76,7.094581976218898e-09,66.0,BID
405,1712604900.3262112,175642962.940161,65.76,0.0,66.0,BID
406,1712604925.3206651,175643364.84307072,65.67,-3.1309339951263566e-08,66.0,ASK
407,1712604930.3239636,175643364.84307072,65.67,-0.0,66.0,ASK
408,1712604936.6257305,175643456.08394662,65.67,-7.1079000880064364e-09,66.0,ASK
409,1712604960.500682,175643456.08394662,65.67,-0.0,66.0,ASK
410,1712604961.6106875,175643547.33869946,65.75,7.108977819577585e-09,66.0,BID
411,1712604990.503297,175643547.33869946,65.75,0.0,66.0,BID
412,1712605020.4106612,175643547.33869946,65.75,0.0,66.0,BID
413,1712605038.750696,175643638.59345233,65.67,-7.108974499055873e-09,66.0,ASK
414,1712605050.3437896,175643638.59345233,65.67,-0.0,66.0,ASK
415,1712605068.9308734,175643729.84820518,65.75,7.108971177936913e-09,66.0,BID
416,1712605080.501083,175643729.84820518,65.75,0.0,66.0,BID
417,1712605109.810832,175643821.10295802,65.67,-7.1089678550997346e-09,66.0,ASK
418,1712605110.5108063,175643821.10295802,65.67,-0.0,66.0,ASK
419,1712605140.327009,175643821.10295802,65.67,-0.0,66.0,ASK
420,1712605145.9409285,175643912.37159204,65.74,7.110045913331529e-09,66.0,BID
421,1712605170.3109446,175643912.37159204,65.74,0.0,66.0,BID
422,1712605200.3708775,175643912.37159204,65.74,0.0,66.0,BID
423,1712605215.9209702,175644003.64022604,65.68,-7.113811293452553e-09,66.0,ASK
424,1712605230.3310225,175644003.64022604,65.68,-0.0,66.0,ASK
425,1712605241.7110257,175645414.98849508,65.74,1.1000559694141849e-07,66.0,BID
426,1712605245.021165,175654123.20089906,65.74,-6.787496217647029e-07,66.0,ASK
427,1712605251.4314237,175673054.91953024,65.75,1.4756067335232636e-06,66.0,BID
428,1712605252.3759978,175673146.1742831,65.75,7.112726022754753e-09,66.0,BID
429,1712605260.5010357,175673146.1742831,65.75,0.0,66.0,BID
430,1712605276.640823,175686181.306869,65.74,-1.015853746561449e-06,66.0,ASK
431,1712605282.5410554,175687092.181869,65.74,7.098629609637787e-08,66.0,BID
432,1712605290.4908822,175687092.181869,65.74,0.0,66.0,BID
433,1712605292.6115034,175687183.43662184,65.68,-7.111155871664582e-09,66.0,ASK
434,1712605320.3209894,175687183.43662184,65.68,-0.0,66.0,ASK
435,1712605341.6513894,175687343.61602277,65.67,-1.2482200870216308e-08,66.0,ASK
436,1712605350.3411226,175687343.61602277,65.67,-0.0,66.0,ASK
437,1712605352.0120234,175688845.74702278,65.74,1.1705553522077041e-07,66.0,BID
438,1712605360.0611162,175688937.01565677,65.74,7.112228427916604e-09,66.0,BID
439,1712605380.4931152,175688937.01565677,65.74,0.0,66.0,BID
440,1712605404.821665,175689028.2842908,65.68,-7.112170375094434e-09,66.0,ASK
441,1712605410.504326,175689028.2842908,65.68,-0.0,66.0,ASK
442,1712605430.131266,175691238.04612678,65.68,-1.7219711342266357e-07,66.0,ASK
443,1712605430.633004,175721784.97710678,65.68,2.380389258697944e-06,66.0,BID
444,1712605436.271714,175721876.24573576,65.74,7.112166660326973e-09,66.0,BID
445,1712605436.2771325,175721876.2457408,65.68,3.924797111716991e-16,66.0,BID
446,1712605440.3237002,175721876.2457408,65.68,0.0,66.0,BID
447,1712605470.3274834,175721876.2457408,65.68,0.0,66.0,BID
448,1712605472.4815814,175721967.5143748,65.68,-7.1109715438025635e-09,66.0,ASK
449,1712605500.3440783,175721967.5143748,65.68,-0.0,66.0,ASK
450,1712605502.6217377,175722119.65190712,65.73,1.1853829999139021e-08,66.0,BID
451,1712605509.9449315,175722210.93442652,65.73,7.112297999947823e-09,66.0,BID
452,1712605512.7416346,175722441.03747356,65.67,-1.7928530588566187e-08,66.0,ASK
453,1712605512.7616642,175753172.9400808,65.66,-2.3944830936351545e-06,66.0,ASK
454,1712605530.343668,175753172.9400808,65.66,-0.0,66.0,ASK
455,1712605531.7614932,175781175.29569864,65.7,2.181461565824458e-06,66.0,BID
456,1712605531.771342,175788500.50935334,65.69,5.706545644676809e-07,66.0,BID
457,1712605531.7760737,175792121.71531263,65.69,2.8210203919738785e-07,66.0,BID
458,1712605555.8915894,175792212.99783203,65.59,-7.1111627328968444e-09,66.0,ASK
459,1712605560.5014954,175792212.99783203,65.59,-0.0,66.0,ASK
460,1712605581.1817496,175792304.32203293,65.7,7.112988619812017e-09,66.0,BID
461,1712605581.7213635,175793045.52367148,65.59,-5.773013908825716e-08,66.0,ASK
462,1712605590.503602,175793045.52367148,65.59,-0.0,66.0,ASK
463,1712605602.911832,175842222.6241281,65.7,3.83025161447387e-06,66.0,BID
464,1712605603.2113657,175844472.31679663,65.7,1.752215745883018e-07,66.0,BID
465,1712605620.3318603,175844472.31679663,65.7,0.0,66.0,BID
466,1712605620.9517186,175844563.64099753,65.61,-7.111087011670701e-09,66.0,ASK
467,1712605631.851427,175844713.64099753,65.61,-1.1679960418566218e-08,66.0,ASK
468,1712605641.376474,175847055.31165254,65.7,1.8233747042573145e-07,66.0,BID
469,1712605641.4273248,175847055.31165335,65.7,6.26561902565336e-17,66.0,BID
470,1712605646.161847,175863864.85947567,65.74,1.308899021458457e-06,66.0,BID
471,1712605650.331895,175863864.85947567,65.74,0.0,66.0,BID
472,1712605655.2817712,175863956.1281097,65.74,7.106054875564647e-09,66.0,BID
473,1712605680.511929,175863956.1281097,65.74,0.0,66.0,BID
474,1712605691.9517927,175864047.39674369,65.61,-7.106051553637746e-09,66.0,ASK
475,1712605710.5136158,175864047.39674369,65.61,-0.0,66.0,ASK
476,1712605740.3373983,175864047.39674369,65.61,-0.0,66.0,ASK
477,1712605744.8569248,175871281.3417644,65.61,-5.632248455890237e-07,66.0,ASK
478,1712605744.8646405,175871710.23199272,65.61,-3.339279354971672e-08,66.0,ASK
479,1712605770.2078714,175872178.9553992,65.65,-3.649414910867326e-08,66.0,ASK
480,1712605770.332837,175872178.9553992,65.65,-0.0,66.0,ASK
481,1712605774.6528437,175872378.8792968,65.74,1.5565148581844377e-08,66.0,BID
482,1712605774.661547,175872483.78697973,65.74,8.167626239374064e-09,66.0,BID
483,1712605800.3617933,175872483.78697973,65.74,0.0,66.0,BID
484,1712605823.3016942,175872575.05561376,65.74,7.130463565633361e-09,66.0,BID
485,1712605830.3444016,175872575.05561376,65.74,0.0,66.0,BID
486,1712605860.4944713,175872575.05561376,65.74,0.0,66.0,BID
487,1712605890.5120451,175872575.05561376,65.74,0.0,66.0,BID
488,1712605890.8051343,175872666.32424775,65.65,-7.130460220854199e-09,66.0,ASK
489,1712605920.3342016,175872666.32424775,65.65,-0.0,66.0,ASK
490,1712605920.4190693,175872757.59288177,65.74,7.1304568853107555e-09,66.0,BID
491,1712605950.3779674,175872757.59288177,65.74,0.0,66.0,BID
492,1712605959.071844,175872848.8615158,65.64,-7.130453542866194e-09,66.0,ASK
493,1712605980.4948382,175872848.8615158,65.64,-0.0,66.0,ASK
494,1712606010.503966,175872848.8615158,65.64,-0.0,66.0,ASK
495,1712606027.412001,175874897.2895158,65.72,1.6003541644095153e-07,66.0,BID
496,1712606030.2820525,175876654.36051577,65.72,1.372728693406303e-07,66.0,BID
497,1712606032.747066,175880858.07465437,65.72,3.284192281925988e-07,66.0,BID
498,1712606040.3443172,175880858.07465437,65.72,0.0,66.0,BID
499,1712606053.0220098,175890332.45865437,65.74,7.401649653269404e-07,66.0,BID
500,1712606060.0620034,175897674.68165436,65.74,5.735946772062794e-07,66.0,BID
501,1712606068.572013,175901487.15140337,65.74,2.978406342386271e-07,66.0,BID
502,1712606069.5121484,175904141.35540336,65.74,2.073537246988417e-07,66.0,BID
503,1712606070.3043056,175904141.35540336,65.74,0.0,66.0,BID
504,1712606074.3849432,175919385.35540336,65.74,1.1907608647527036e-06,66.0,BID
505,1712606074.4051127,175925695.94513655,65.74,4.929417008518092e-07,66.0,BID
506,1712606074.407698,175926668.04640335,65.74,7.593414753893878e-08,66.0,BID
507,1712606077.901935,175928649.00940335,65.74,1.5473978056432317e-07,66.0,BID
508,1712606085.5122228,175928740.27803737,65.74,7.1293044851731845e-09,66.0,BID
509,1712606100.342032,175928740.27803737,65.74,0.0,66.0,BID
510,1712606103.4323857,175933240.27803737,65.74,3.528117009449284e-07,66.0,BID
511,1712606105.8247304,175934771.26903737,65.74,1.200336752978221e-07,66.0,BID
512,1712606107.4023075,175941312.34403738,65.74,5.128372881699236e-07,66.0,BID
513,1712606124.6224036,175952799.29744768,65.74,9.006070158582786e-07,66.0,BID
514,1712606124.6272194,175956905.75368142,65.74,3.219568463737027e-07,66.0,BID
515,1712606130.337489,175956905.75368142,65.74,0.0,66.0,BID
516,1712606148.2123666,175956997.02231544,65.67,-7.154659582044194e-09,66.0,ASK
517,1712606160.502205,175956997.02231544,65.67,-0.0,66.0,ASK
518,1712606164.19251,175964238.29831544,65.7,5.676521943485454e-07,66.0,BID
519,1712606181.6522207,175964329.56656972,65.74,7.154626452092665e-09,66.0,BID
520,1712606181.657617,175964329.56694967,65.7,2.9784715058816393e-14,66.0,BID
521,1712606190.4971638,175964329.56694967,65.7,0.0,66.0,BID
522,1712606214.69205,175964420.8355839,65.7,-7.154386050729774e-09,66.0,ASK
523,1712606220.3324535,175964420.8355839,65.7,-0.0,66.0,ASK
524,1712606241.8620212,175964533.73068392,65.7,8.84964211412769e-09,66.0,BID
525,1712606242.162295,175964568.2412443,65.7,2.70522022923348e-09,66.0,BID
526,1712606242.1672733,175964625.02031612,65.74,4.4508084515099535e-09,66.0,BID
527,1712606250.332139,175964625.02031612,65.74,0.0,66.0,BID
528,1712606279.7522616,175964716.30994835,65.66,-7.156021156730014e-09,66.0,ASK
529,1712606280.5046277,175964716.30994835,65.66,-0.0,66.0,ASK
530,1712606293.8422658,176018803.01209834,65.62,-4.239752024028934e-06,66.0,ASK
531,1712606293.962432,176026128.22575304,65.62,5.742093376819626e-07,66.0,BID
532,1712606293.9680388,176074206.4961017,65.62,3.768762670301281e-06,66.0,BID
533,1712606294.9527388,176075723.31646582,65.73,1.1890061610749389e-07,66.0,BID
534,1712606295.0751674,176078416.3441017,65.73,-2.1110123035960346e-07,66.0,ASK
535,1712606295.1933427,176078719.64245525,65.74,2.3774971614913084e-08,66.0,BID
536,1712606295.1979978,176093656.3441017,65.74,1.1708591672353556e-06,66.0,BID
537,1712606306.3168576,176093747.61273572,65.74,7.154371785305432e-09,66.0,BID
538,1712606310.5248222,176093747.61273572,65.74,0.0,66.0,BID
539,1712606340.318425,176093747.61273572,65.74,0.0,66.0,BID
540,1712606346.9123824,176093838.8813697,65.62,-7.149625182922827e-09,66.0,ASK
541,1712606370.3326464,176093838.8813697,65.62,-0.0,66.0,ASK
542,1712606380.993156,176093930.15000373,65.74,7.149621830952252e-09,66.0,BID
543,1712606400.447262,176093930.15000373,65.74,0.0,66.0,BID
544,1712606413.5527475,176094021.41863775,65.69,-7.160734212813587e-09,66.0,ASK
545,1712606430.334917,176094021.41863775,65.69,-0.0,66.0,ASK
546,1712606445.062642,176094112.68727174,65.74,7.160730842148989e-09,66.0,BID
547,1712606460.5128412,176094112.68727174,65.74,0.0,66.0,BID
548,1712606476.2127175,176094251.1488102,65.61,-1.0863374401809381e-08,66.0,ASK
549,1712606478.5225468,176094342.41744423,65.61,-7.160727473600205e-09,66.0,ASK
550,1712606484.30836,176096684.0880992,65.61,-1.8372210314164817e-07,66.0,ASK
551,1712606490.503664,176096684.0880992,65.61,-0.0,66.0,ASK
552,1712606508.316029,176096775.41230014,65.7,7.164992285625621e-09,66.0,BID
553,1712606520.3527253,176096775.41230014,65.7,0.0,66.0,BID
554,1712606545.5327134,176096866.73650104,65.61,-7.1649889104406e-09,66.0,ASK
555,1712606550.355106,176096866.73650104,65.61,-0.0,66.0,ASK
556,1712606567.6927702,176301234.67429775,65.7,1.6034011852292184e-05,66.0,BID
557,1712606580.3468003,176301234.67429775,65.7,0.0,66.0,BID
558,1712606594.5187907,176301697.6372607,65.7,3.6284273048918985e-08,66.0,BID
559,1712606610.328803,176301697.6372607,65.7,0.0,66.0,BID
560,1712606618.0925026,176302756.74431297,65.7,-8.300628978517206e-08,66.0,ASK
561,1712606640.5077238,176302756.74431297,65.7,-0.0,66.0,ASK
562,1712606670.490738,176302756.74431297,65.7,-0.0,66.0,ASK
563,1712606700.3200884,176302756.74431297,65.7,-0.0,66.0,ASK
564,1712606703.3801837,176302848.06851387,65.7,7.174372061822969e-09,66.0,BID
565,1712606730.3223915,176302848.06851387,65.7,0.0,66.0,BID
566,1712606743.938651,176302939.39271477,65.61,-7.1743686801394914e-09,66.0,ASK
567,1712606760.512367,176302939.39271477,65.61,-0.0,66.0,ASK
568,1712606766.5579896,176303030.730818,65.69,7.175457460905503e-09,66.0,BID
569,1712606790.504393,176303030.730818,65.69,0.0,66.0,BID
570,1712606808.1873271,176303122.0689212,65.62,-7.175454076372353e-09,66.0,ASK
571,1712606820.301169,176303122.0689212,65.62,-0.0,66.0,ASK
572,1712606833.256675,176303213.4070244,65.69,7.175450697787738e-09,66.0,BID
573,1712606850.316397,176303213.4070244,65.69,0.0,66.0,BID
574,1712606870.2760527,176303304.74512762,65.62,-7.175447315602211e-09,66.0,ASK
575,1712606880.475431,176303304.74512762,65.62,-0.0,66.0,ASK
576,1712606910.5149684,176303304.74512762,65.62,-0.0,66.0,ASK
577,1712606912.1452775,176310447.2825759,65.62,-5.611116853748216e-07,66.0,ASK
578,1712606912.1518264,176313136.0377889,65.62,-2.11226329584642e-07,66.0,ASK
579,1712606940.336486,176313136.0377889,65.62,-0.0,66.0,ASK
580,1712606970.3237646,176313136.0377889,65.62,-0.0,66.0,ASK
581,1712607000.4098077,176313136.0377889,65.62,-0.0,66.0,ASK
582,1712607030.3133118,176313136.0377889,65.62,-0.0,66.0,ASK
583,1712607035.3631823,176313227.4037094,65.67,7.178368938742826e-09,66.0,BID
584,1712607060.4951608,176313227.4037094,65.67,0.0,66.0,BID
585,1712607067.102541,176313318.7696299,65.63,-7.178365552494779e-09,66.0,ASK
586,1712607090.491786,176313318.7696299,65.63,-0.0,66.0,ASK
587,1712607095.802029,176313785.35076052,65.64,-3.665796086621184e-08,66.0,ASK
588,1712607100.4439583,176313876.71668103,65.67,7.178362172994048e-09,66.0,BID
589,1712607120.3124812,176313876.71668103,65.67,0.0,66.0,BID
590,1712607132.871729,176313968.08260152,65.64,-7.1783415140302235e-09,66.0,ASK
591,1712607150.3396509,176313968.08260152,65.64,-0.0,66.0,ASK
592,1712607162.822224,176314059.44852203,65.67,7.178338134036849e-09,66.0,BID
593,1712607176.5908706,176314357.25352204,65.67,2.3397618893728563e-08,66.0,BID
594,1712607179.4831789,176314394.9210135,65.67,2.9594184448835873e-09,66.0,BID
595,1712607179.4953818,176318549.54452205,65.67,3.2641593491537945e-07,66.0,BID
596,1712607180.4948912,176318549.54452205,65.67,0.0,66.0,BID
597,1712607192.3810322,176318701.89065245,65.64,-1.1969081924188292e-08,66.0,ASK
598,1712607192.3874736,176318797.10698393,65.64,-7.480676201154294e-09,66.0,ASK
599,1712607193.221076,176326122.32063863,65.66,5.755058045421462e-07,66.0,BID
600,1712607193.340648,176327456.69498393,65.66,-1.0483519216690113e-07,66.0,ASK
601,1712607202.7181396,176327548.06090444,65.64,-7.178168456472548e-09,66.0,ASK
602,1712607210.494447,176327548.06090444,65.64,-0.0,66.0,ASK
603,1712607211.930517,176330236.81611744,65.64,-2.1123239263424217e-07,66.0,ASK
604,1712607214.2802715,176333418.28281453,65.67,2.499405000747512e-07,66.0,BID
605,1712607235.30995,176337918.28381452,65.67,3.535264100988427e-07,66.0,BID
606,1712607237.6202548,176339710.53293893,65.67,1.4080161292330494e-07,66.0,BID
607,1712607240.313228,176339710.53293893,65.67,0.0,66.0,BID
608,1712607244.3203628,176340239.65638587,65.67,4.156607455887536e-08,66.0,BID
609,1712607244.3253632,176342397.230047,65.69,1.6949138841368297e-07,66.0,BID
610,1712607264.4898417,176342488.5681502,65.69,7.175199719139442e-09,66.0,BID
611,1712607270.335578,176342488.5681502,65.69,0.0,66.0,BID
612,1712607276.30956,176346988.56815118,65.69,3.534990849031683e-07,66.0,BID
613,1712607293.069311,176347142.27647817,65.69,1.2074611760663586e-08,66.0,BID
614,1712607300.3293967,176347142.27647817,65.69,0.0,66.0,BID
615,1712607302.1195142,176347233.61458138,65.64,-7.176968341642047e-09,66.0,ASK
616,1712607327.170103,176347324.9526846,65.69,7.1769683439837915e-09,66.0,BID
617,1712607330.320585,176347324.9526846,65.69,0.0,66.0,BID
618,1712607330.323151,176351599.91712767,65.69,3.3590861288158706e-07,66.0,BID
619,1712607330.3256114,176353850.63012767,65.69,1.768515017831641e-07,66.0,BID
620,1712607336.8587637,176358113.39512768,65.69,3.349500322793754e-07,66.0,BID
621,1712607359.81953,176359495.79712766,65.69,1.0862329837904777e-07,66.0,BID
622,1712607360.499966,176359495.79712766,65.69,0.0,66.0,BID
623,1712607362.328827,176362613.39412767,65.69,2.449521892908149e-07,66.0,BID
624,1712607365.1990592,176362704.73223087,65.64,-7.176510737502694e-09,66.0,ASK
625,1712607389.358753,176362874.73223087,65.65,-1.335704139418928e-08,66.0,ASK
626,1712607390.498285,176362874.73223087,65.65,-0.0,66.0,ASK
627,1712607394.1784005,176364559.5942309,65.69,1.3237870015828496e-07,66.0,BID
628,1712607395.7783225,176364650.9323341,65.69,7.1763855894814395e-09,66.0,BID
629,1712607396.4691076,176367466.0713341,65.69,2.211839554697323e-07,66.0,BID
630,1712607418.1482754,176367621.1683341,65.69,1.2185887781079132e-08,66.0,BID
631,1712607420.3115604,176367621.1683341,65.69,0.0,66.0,BID
632,1712607422.5783143,176375995.17754212,65.69,6.579252771580939e-07,66.0,BID
633,1712607422.5830436,176376119.8993341,65.69,9.799083989448712e-09,66.0,BID
634,1712607424.4284582,176377673.32733408,65.69,1.2204901165481274e-07,66.0,BID
635,1712607450.318477,176377673.32733408,65.69,0.0,66.0,BID
636,1712607460.587949,176377673.3282494,65.69,7.191060712782378e-14,66.0,BID
637,1712607461.8181648,176384998.5419041,65.7,-5.75494137100069e-07,66.0,ASK
638,1712607461.8250396,176439057.43326408,65.7,-4.247053601754361e-06,66.0,ASK
639,1712607462.458008,176448038.12848532,65.68,7.055544985497212e-07,66.0,BID
640,1712607462.4978092,176448129.46658853,65.67,-7.175837506745518e-09,66.0,ASK
641,1712607462.5777626,176465335.98525283,65.68,1.3518036576118802e-06,66.0,BID
642,1712607462.6178713,176467794.05934772,65.68,1.9311480822959965e-07,66.0,BID
643,1712607467.7178383,176469284.45534772,65.71,1.1709066798429717e-07,66.0,BID
644,1712607480.4975684,176469284.45534772,65.71,0.0,66.0,BID
645,1712607510.4876971,176469284.45534772,65.71,0.0,66.0,BID
646,1712607522.0475852,176469284.45630535,65.71,7.519980182942869e-14,66.0,BID
647,1712607522.0598028,176469375.76565054,65.71,7.170187985286825e-09,66.0,BID
648,1712607540.3200617,176469375.76565054,65.71,0.0,66.0,BID
649,1712607560.9971871,176469467.0759534,65.69,-7.170259809103695e-09,66.0,ASK
650,1712607562.5270352,176469502.08235264,65.71,2.748922845691126e-09,66.0,BID
651,1712607562.533972,176470154.22295338,65.71,5.121018541440236e-08,66.0,BID
652,1712607567.3673856,176473967.0745131,65.71,2.994091076517068e-07,66.0,BID
653,1712607567.3730264,176473967.07495338,65.71,3.457274916765986e-14,66.0,BID
654,1712607570.346179,176473967.07495338,65.71,0.0,66.0,BID
655,1712607600.3412497,176473967.07495338,65.71,0.0,66.0,BID
656,1712607601.4969952,176473989.8421357,65.69,-1.788559863676869e-09,66.0,ASK
657,1712607604.2670147,176476715.80155888,65.71,2.141477827917286e-07,66.0,BID
658,1712607604.2740202,176478122.13802284,65.71,1.104799407703432e-07,66.0,BID
659,1712607614.11677,176479385.21518004,65.71,-9.922567827262585e-08,66.0,ASK
660,1712607614.1200707,176489153.08365142,65.71,-7.673508849609277e-07,66.0,ASK
661,1712607616.7764423,176490416.16080862,65.69,9.922567827262585e-08,66.0,BID
662,1712607630.2890563,176490416.16080862,65.69,0.0,66.0,BID
663,1712607630.5124094,176492626.166896,65.71,1.7360042777439877e-07,66.0,BID
664,1712607634.1165955,176497741.37446332,65.71,4.0180985334014203e-07,66.0,BID
665,1712607642.2967503,176499251.76902416,65.71,-1.186445337729752e-07,66.0,ASK
666,1712607660.346526,176499251.76902416,65.71,-0.0,66.0,ASK
667,1712607688.5364168,176499343.09322506,65.7,7.173372700841331e-09,66.0,BID
668,1712607690.3192225,176499343.09322506,65.7,0.0,66.0,BID
669,1712607691.776309,176499512.01214397,65.64,-1.3268309807873012e-08,66.0,ASK
670,1712607719.1461587,176500630.71483698,65.64,-8.787229997573585e-08,66.0,ASK
671,1712607719.3456872,176507696.68138525,65.64,5.55020324903302e-07,66.0,BID
672,1712607720.485949,176507696.68138525,65.64,0.0,66.0,BID
673,1712607733.636124,176518963.89229318,65.65,-8.849832058581731e-07,66.0,ASK
674,1712607750.486086,176518963.89229318,65.65,-0.0,66.0,ASK
675,1712607780.3085084,176518963.89229318,65.65,-0.0,66.0,ASK
676,1712607788.566721,176536209.8430639,65.61,-1.3545046991901952e-06,66.0,ASK
677,1712607788.570137,176569050.02599072,65.6,-2.579282678471948e-06,66.0,ASK
678,1712607788.5734966,176570878.45811018,65.63,-1.4360587774402016e-07,66.0,ASK
679,1712607788.580614,176576866.9267069,65.59,-4.703370062378498e-07,66.0,ASK
680,1712607791.8154938,176576958.25090784,65.59,-7.1726436513530786e-09,66.0,ASK
681,1712607797.615518,176602220.17779627,65.59,-1.9840830543890726e-06,66.0,ASK
682,1712607799.705301,176603165.02366364,65.59,-7.42086176849705e-08,66.0,ASK
683,1712607808.495716,176604689.64631954,65.59,-1.1974454637861614e-07,66.0,ASK
684,1712607810.3304374,176604689.64631954,65.59,-0.0,66.0,ASK
685,1712607831.3156905,176610265.01350057,65.64,4.37698516767509e-07,66.0,BID
686,1712607831.3226385,176630128.8099393,65.64,1.5594227171582291e-06,66.0,BID
687,1712607840.4750547,176630128.8099393,65.64,0.0,66.0,BID
688,1712607851.4853127,176630220.21761754,65.64,7.175089954827046e-09,66.0,BID
689,1712607870.4849591,176630220.21761754,65.64,0.0,66.0,BID
690,1712607872.495469,176634629.67072666,65.59,-3.461219934220129e-07,66.0,ASK
691,1712607872.5010743,176647006.99825835,65.59,-9.715638589401044e-07,66.0,ASK
692,1712607872.5949812,176649903.08893064,65.59,-2.273299322652433e-07,66.0,ASK
693,1712607885.414952,176649994.49660888,65.49,-7.1750865755556805e-09,66.0,ASK
694,1712607900.346306,176649994.49660888,65.49,-0.0,66.0,ASK
695,1712607910.264994,176650085.90428713,65.64,7.184907483254452e-09,66.0,BID
696,1712607930.3365965,176650085.90428713,65.64,0.0,66.0,BID
697,1712607947.794757,176650177.31196538,65.58,-7.184904094729188e-09,66.0,ASK
698,1712607960.4745317,176650177.31196538,65.58,-0.0,66.0,ASK
699,1712607978.4243982,176650268.71964362,65.64,7.1849007093044874e-09,66.0,BID
700,1712607984.3447087,176670268.71964362,65.64,1.5720562751695852e-06,66.0,BID
701,1712607990.4839218,176670268.71964362,65.64,0.0,66.0,BID
702,1712607998.4545228,176682268.71964362,65.64,9.431359983124668e-07,66.0,BID
703,1712607998.5743694,176685082.30119184,65.64,2.211325035256924e-07,66.0,BID
704,1712607998.5831792,176693989.71253923,65.64,7.000750244583108e-07,66.0,BID
705,1712608012.294184,176709222.00499925,65.65,1.1971769463227113e-06,66.0,BID
706,1712608012.3038998,176709526.65084845,65.65,2.3943538926266842e-08,66.0,BID
707,1712608014.3441932,176709618.0585267,65.65,-7.18415598970298e-09,66.0,ASK
708,1712608020.3257043,176709618.0585267,65.65,-0.0,66.0,ASK
709,1712608025.0651455,176709922.51887074,65.69,2.3924102289991565e-08,66.0,BID
710,1712608025.0730352,176710867.3647381,65.7,7.424477315735025e-08,66.0,BID
711,1712608025.0791588,176714706.6134542,65.7,3.016832267205857e-07,66.0,BID
712,1712608050.3239937,176714706.6134542,65.7,0.0,66.0,BID
713,1712608073.8139958,176714797.93765512,65.7,7.175949750751536e-09,66.0,BID
714,1712608077.9270406,176717751.8355411,65.7,2.321073996069631e-07,66.0,BID
715,1712608080.4885983,176717751.8355411,65.7,0.0,66.0,BID
716,1712608101.1838293,176719297.9375411,65.7,1.2148560547875557e-07,66.0,BID
717,1712608110.4938085,176719297.9375411,65.7,0.0,66.0,BID
718,1712608113.643746,176719389.261742,65.65,-7.1757796634459905e-09,66.0,ASK
719,1712608139.193405,176719480.58594292,65.7,7.1757796657877025e-09,66.0,BID
720,1712608140.3235252,176719480.58594292,65.7,0.0,66.0,BID
721,1712608170.32327,176719480.58594292,65.7,0.0,66.0,BID
722,1712608196.480333,176719634.2942699,65.65,-1.2077587718191574e-08,66.0,ASK
723,1712608200.5654197,176719634.2942699,65.65,-0.0,66.0,ASK
724,1712608210.9735086,176719725.61847082,65.65,-7.17808634260353e-09,66.0,ASK
725,1712608230.496024,176719725.61847082,65.65,-0.0,66.0,ASK
726,1712608260.3326683,176719725.61847082,65.65,-0.0,66.0,ASK
727,1712608290.326719,176719725.61847082,65.65,-0.0,66.0,ASK
728,1712608320.4864438,176719725.61847082,65.65,-0.0,66.0,ASK
729,1712608344.6825695,176723433.59247082,65.7,2.91446787544001e-07,66.0,BID
730,1712608344.9921925,176726424.42161912,65.7,2.3507919617591615e-07,66.0,BID
731,1712608345.0018456,176733064.824522,65.7,5.21935723938763e-07,66.0,BID
732,1712608350.492806,176733064.824522,65.7,0.0,66.0,BID
733,1712608366.6425977,176733156.1348248,65.71,7.176496223575423e-09,66.0,BID
734,1712608380.3155217,176733156.1348248,65.71,0.0,66.0,BID
735,1712608405.9726615,176733247.44512767,65.65,-7.176492841716455e-09,66.0,ASK
736,1712608410.3240438,176733247.44512767,65.65,-0.0,66.0,ASK
737,1712608434.0722268,176733338.7554305,65.71,7.1764894582662e-09,66.0,BID
738,1712608440.34121,176733338.7554305,65.71,0.0,66.0,BID
739,1712608470.325535,176733338.7554305,65.71,0.0,66.0,BID
740,1712608500.3453546,176733338.7554305,65.71,0.0,66.0,BID
741,1712608500.4218748,176739142.2654305,65.71,4.5678747183455873e-07,66.0,BID
742,1712608502.3819897,176744666.3144305,65.71,4.347914239811984e-07,66.0,BID
743,1712608510.1155045,176744757.62473333,65.68,-7.186926942346561e-09,66.0,ASK
744,1712608530.3276289,176744757.62473333,65.68,-0.0,66.0,ASK
745,1712608541.3624213,176744848.93503618,65.71,7.186502526478267e-09,66.0,BID
746,1712608548.5458295,176748823.75955617,65.71,3.1283530513564693e-07,66.0,BID
747,1712608560.4943707,176748823.75955617,65.71,0.0,66.0,BID
748,1712608570.6216624,176748936.83962557,65.67,-8.899687006033338e-09,66.0,ASK
749,1712608579.5317671,176750080.1343743,65.67,-8.998018372208258e-08,66.0,ASK
750,1712608581.9744084,176751694.9113743,65.71,1.2708702746454492e-07,66.0,BID
751,1712608584.571432,176753520.8543743,65.71,1.4370632488995728e-07,66.0,BID
752,1712608586.9060724,176760411.3093743,65.71,5.422962079745049e-07,66.0,BID
753,1712608590.4713953,176760411.3093743,65.71,0.0,66.0,BID
754,1712608598.9417968,176763085.3663743,65.71,2.1044242827406245e-07,66.0,BID
755,1712608610.221633,176763176.67667714,65.66,-7.185920813429233e-09,66.0,ASK
756,1712608620.306393,176763176.67667714,65.66,-0.0,66.0,ASK
757,1712608642.0715425,176763267.98698,65.71,7.185818058579804e-09,66.0,BID
758,1712608650.3072908,176763267.98698,65.71,0.0,66.0,BID
759,1712608680.1901662,176763359.2972828,65.68,-7.185814663235742e-09,66.0,ASK
760,1712608680.5167117,176763359.2972828,65.68,-0.0,66.0,ASK
761,1712608688.5567791,176774031.5172828,65.71,8.398675330100096e-07,66.0,BID
762,1712608701.53508,176788431.5172828,65.71,1.13323118107999e-06,66.0,BID
763,1712608701.5426154,176788735.88495898,65.71,2.3952704246333706e-08,66.0,BID
764,1712608701.5461495,176815831.5172828,65.71,2.132334404197536e-06,66.0,BID
765,1712608701.863053,176829631.5172828,65.71,1.086013215201657e-06,66.0,BID
766,1712608702.2219727,176831366.5172828,65.71,1.3653861799817932e-07,66.0,BID
767,1712608702.6820376,176837343.5172828,65.71,4.70369636757993e-07,66.0,BID
768,1712608703.001803,176837794.91428283,65.71,3.5523413573799695e-08,66.0,BID
769,1712608710.4818342,176837794.91428283,65.71,0.0,66.0,BID
770,1712608710.7551978,176837886.22458565,65.71,7.183046387539841e-09,66.0,BID
771,1712608723.262293,176840484.07158566,65.71,2.043630886293765e-07,66.0,BID
772,1712608728.54061,176842763.10058567,65.71,1.792828467258777e-07,66.0,BID
773,1712608730.9061291,176850339.03383866,65.71,5.959708631144873e-07,66.0,BID
774,1712608740.3081737,176850339.03383866,65.71,0.0,66.0,BID
775,1712608747.362357,176850430.3441415,65.69,-7.182580652552169e-09,66.0,ASK
776,1712608747.9501994,176855435.7441415,65.71,3.937309161679353e-07,66.0,BID
777,1712608751.8556058,176855936.3281415,65.71,3.9376552712730896e-08,66.0,BID
778,1712608770.2949362,176855936.3281415,65.71,0.0,66.0,BID
779,1712608779.0525424,176860429.3281415,65.71,3.534146776240844e-07,66.0,BID
780,1712608779.1052828,176861413.88387537,65.71,7.74441235888967e-08,66.0,BID
781,1712608779.1091938,176875650.0282937,65.71,1.1198002203903075e-06,66.0,BID
782,1712608779.1325529,176877416.59194472,65.71,1.3895604790330077e-07,66.0,BID
783,1712608779.2326794,176878098.08180052,65.72,5.360527880931716e-08,66.0,BID
784,1712608779.462921,176878402.35686517,65.73,2.3933958130722642e-08,66.0,BID
785,1712608800.363386,176878402.35686517,65.73,0.0,66.0,BID
786,1712608830.3029568,176878402.35686517,65.73,0.0,66.0,BID
787,1712608837.8032997,176878493.61161804,65.75,7.1773118198879395e-09,66.0,BID
788,1712608858.913555,176879176.49348402,65.75,5.3709597953983407e-08,66.0,BID
789,1712608858.9188874,176884075.75974104,65.75,3.853340292716609e-07,66.0,BID
790,1712608858.9934037,176885329.83725837,65.75,9.863492152111841e-08,66.0,BID
791,1712608859.0001538,176886199.94756505,65.75,6.84353723179698e-08,66.0,BID
792,1712608860.495292,176886199.94756505,65.75,0.0,66.0,BID
793,1712608877.0935423,176886291.2023179,65.74,-7.177022412020225e-09,66.0,ASK
794,1712608890.4664536,176886291.2023179,65.74,-0.0,66.0,ASK
795,1712608895.1347315,176886603.11652112,65.74,-2.4531480292102026e-08,66.0,ASK
796,1712608900.353746,176886973.45257214,65.76,2.9126251523661857e-08,66.0,BID
797,1712608900.359468,176908687.9578781,65.76,1.7078060359417352e-06,66.0,BID
798,1712608905.5560107,176908887.9578781,65.78,1.5729633366059315e-08,66.0,BID
799,1712608905.5613985,176909347.54541096,65.76,3.6145716956563334e-08,66.0,BID
800,1712608905.5658195,176913132.9578781,65.78,2.977157512380457e-07,66.0,BID
801,1712608905.94148,176916688.9578781,65.78,2.7967288124853464e-07,66.0,BID
802,1712608907.2437167,176930912.98059812,65.78,1.1186933118812037e-06,66.0,BID
803,1712608907.423743,176930912.98060194,65.78,3.000189469539512e-16,66.0,BID
1004,1712608907.430586,176931004.11061028,65.84,7.16720809916135e-09,66.0,BID
804,1712608907.430586,176931004.11061028,65.84,7.1672080991613504e-09,66.0,BID
805,1712608920.3352032,176931004.11061028,65.84,0.0,66.0,BID
806,1712608925.5474246,176931112.98060194,65.84,8.560445362891126e-09,66.0,BID
807,1712608936.434074,176931272.98060194,65.86,1.2580796941167825e-08,66.0,BID
808,1712608943.8078506,176931364.1106141,65.84,-7.165551113518225e-09,66.0,ASK
809,1712608950.3247645,176931364.1106141,65.84,-0.0,66.0,ASK
810,1712608972.0241609,176931454.1106141,65.86,7.076685088671865e-09,66.0,BID
811,1712608972.034202,176931455.21295238,65.86,8.667667665392148e-11,66.0,BID
812,1712608975.56455,176948264.76076555,65.84,-1.3217319595203022e-06,66.0,ASK
813,1712608975.6843631,176949805.77970648,65.84,-1.211700640067677e-07,66.0,ASK
814,1712608980.4939995,176949805.77970648,65.84,-0.0,66.0,ASK
815,1712609010.4942255,176949805.77970648,65.84,-0.0,66.0,ASK
816,1712609040.3231893,176949805.77970648,65.84,-0.0,66.0,ASK
817,1712609045.8245652,176949896.8820448,65.75,-7.162677929271312e-09,66.0,ASK
818,1712609070.3383331,176949896.8820448,65.75,-0.0,66.0,ASK
819,1712609070.7043877,176949988.01205692,65.84,7.1648503344381025e-09,66.0,BID
820,1712609098.8847473,176951695.6029737,65.84,1.3425471001190612e-07,66.0,BID
821,1712609100.354844,176951695.6029737,65.84,0.0,66.0,BID
1022,1712609112.054989,176951786.73298585,65.84,-7.1707803730603575e-09,66.0,ASK
822,1712609112.054989,176951786.73298585,65.84,-7.170780373060357e-09,66.0,ASK
823,1712609114.030876,176952428.6816074,65.84,-5.0513244396949446e-08,66.0,ASK
824,1712609130.3272822,176952428.6816074,65.84,-0.0,66.0,ASK
825,1712609138.465015,176952519.7977805,65.85,7.169664186005537e-09,66.0,BID
826,1712609149.624729,176953116.79530174,65.84,-4.6975982424954495e-08,66.0,ASK
827,1712609160.3579774,176953116.79530174,65.84,-0.0,66.0,ASK
828,1712609172.1547115,176953207.91147485,65.76,-7.169638626092774e-09,66.0,ASK
829,1712609190.319764,176953207.91147485,65.76,-0.0,66.0,ASK
830,1712609204.9250896,176953299.05533022,65.83,7.171813471572226e-09,66.0,BID
831,1712609220.495227,176953299.05533022,65.83,0.0,66.0,BID
832,1712609243.2449903,176953390.1991856,65.75,-7.171810087958847e-09,66.0,ASK
833,1712609250.4877825,176953390.1991856,65.75,-0.0,66.0,ASK
834,1712609273.02503,176953481.35688844,65.82,7.1728963151334835e-09,66.0,BID
835,1712609280.3191547,176953481.35688844,65.82,0.0,66.0,BID
836,1712609310.3249588,176953481.35688844,65.82,0.0,66.0,BID
837,1712609311.1356492,176953633.44814318,65.75,-1.1967549112521018e-08,66.0,ASK
838,1712609311.1406972,176953998.57805204,65.75,-2.873084401974173e-08,66.0,ASK
839,1712609312.36522,176954089.73575488,65.74,-7.172892928667021e-09,66.0,ASK
840,1712609340.1951802,176954180.93502527,65.79,7.176163740421662e-09,66.0,BID
841,1712609340.5034378,176954180.93502527,65.79,0.0,66.0,BID
842,1712609370.4702067,176954180.93502527,65.79,0.0,66.0,BID
843,1712609381.1252975,176954272.13429567,65.74,-7.176137765780028e-09,66.0,ASK
844,1712609400.3605318,176954272.13429567,65.74,-0.0,66.0,ASK
845,1712609404.825675,176954386.21178082,65.79,8.979324248422471e-09,66.0,BID
846,1712609404.8324673,176961620.22616512,65.79,5.694073698443138e-07,66.0,BID
847,1712609404.839161,176999524.46683243,65.8,2.983537609651945e-06,66.0,BID
848,1712609405.9757662,177025264.39176574,65.83,2.026053886218226e-06,66.0,BID
849,1712609405.9848735,177036317.5128714,65.85,8.700188143129039e-07,66.0,BID
850,1712609405.9923785,177044701.2114867,65.84,6.599018918812712e-07,66.0,BID
851,1712609406.3575969,177047054.95571336,65.86,1.8526909654755105e-07,66.0,BID
852,1712609406.3619032,177047303.85337508,65.86,1.9591357632016384e-08,66.0,BID
853,1712609406.3682575,177089858.29536796,65.85,3.3495665896030586e-06,66.0,BID
854,1712609406.6950738,177117612.62272903,65.86,2.184612540827737e-06,66.0,BID
855,1712609407.842556,177145349.74693188,65.86,2.18325843720558e-06,66.0,BID
856,1712609407.895064,177145440.84927016,65.86,7.170892961132416e-09,66.0,BID
857,1712609408.9889152,177173189.96861422,65.86,2.184202604778853e-06,66.0,BID
858,1712609409.345177,177218345.298101,65.86,3.554288951004716e-06,66.0,BID
859,1712609409.7250214,177263479.82588723,65.86,3.5526515971129213e-06,66.0,BID
860,1712609430.3252437,177263479.82588723,65.86,0.0,66.0,BID
861,1712609442.1552978,177263570.92822552,65.74,-7.159419285398986e-09,66.0,ASK
862,1712609460.4857063,177263570.92822552,65.74,-0.0,66.0,ASK
863,1712609464.5560143,177266693.001282,65.84,2.453528630737265e-07,66.0,BID
864,1712609464.5634997,177308700.6342908,65.86,3.301233777422003e-06,66.0,BID
865,1712609464.9207573,177353928.54197377,65.86,3.5543039640864816e-06,66.0,BID
866,1712609465.655136,177381632.06459752,65.86,2.1771234913405924e-06,66.0,BID
867,1712609473.985582,177381649.71359032,65.86,1.3869729622388083e-09,66.0,BID
868,1712609473.9928813,177381723.1669358,65.86,5.772442953507881e-09,66.0,BID
869,1712609490.4981189,177381723.1669358,65.86,0.0,66.0,BID
870,1712609507.9853923,177381814.2692741,65.74,-7.1550404895674524e-09,66.0,ASK
871,1712609520.3309784,177381814.2692741,65.74,-0.0,66.0,ASK
872,1712609541.4471116,177381905.37161237,65.86,7.155037124035741e-09,66.0,BID
873,1712609550.309852,177381905.37161237,65.86,0.0,66.0,BID
874,1712609580.4765189,177381905.37161237,65.86,0.0,66.0,BID
875,1712609590.8763466,177397112.18426445,65.84,1.194319046477435e-06,66.0,BID
876,1712609590.8939848,177414636.78781524,65.84,1.3763546827028294e-06,66.0,BID
877,1712609591.0194037,177414690.8438128,65.86,4.245472665966522e-09,66.0,BID
878,1712609591.0253122,177414804.80894285,65.86,8.950641306638033e-09,66.0,BID
879,1712609601.09557,177431446.3356284,65.89,1.3069992205288226e-06,66.0,BID
880,1712609601.1659849,177433077.76756185,65.89,1.2813008720136e-07,66.0,BID
881,1712609601.295366,177448261.49061075,65.89,1.1925056255133477e-06,66.0,BID
882,1712609601.3784742,177450261.49061075,65.89,1.5707684099257669e-07,66.0,BID
883,1712609601.387218,177463445.21365964,65.89,1.035428784520771e-06,66.0,BID
884,1712609601.4756255,177478628.93670854,65.89,1.1925056255133477e-06,66.0,BID
885,1712609601.5368328,177482012.32921144,65.89,2.65726303097059e-07,66.0,BID
886,1712609610.4898376,177482012.32921144,65.89,0.0,66.0,BID
887,1712609622.3855608,177514743.74541426,65.89,-2.5693430298905427e-06,66.0,ASK
888,1712609640.292797,177514743.74541426,65.89,-0.0,66.0,ASK
889,1712609644.2254713,177514834.84775257,65.82,-7.150119506814273e-09,66.0,ASK
890,1712609655.4666903,177547566.2639554,65.89,2.568908129128627e-06,66.0,BID
891,1712609669.215525,177547719.5615014,65.9,1.2031477943164407e-08,66.0,BID
892,1712609669.575522,177562719.5615014,65.93,1.177267176529386e-06,66.0,BID
893,1712609669.583502,177562891.7660227,65.93,1.3515382038304797e-08,66.0,BID
894,1712609669.6598196,177578063.970544,65.93,1.190782558567691e-06,66.0,BID
895,1712609669.775238,177580190.08309475,65.93,1.6686683463920281e-07,66.0,BID
896,1712609669.9153492,177580440.08309475,65.98,1.96211196088231e-08,66.0,BID
897,1712609670.3195207,177580440.08309475,65.98,0.0,66.0,BID
898,1712609671.7255569,177580531.00596184,65.99,7.133609504294036e-09,66.0,BID
899,1712609673.4102235,177588100.334648,65.99,5.938729913090553e-07,66.0,BID
900,1712609678.2902343,177598800.5871471,65.99,8.395184332517056e-07,66.0,BID
901,1712609678.294705,177613500.5871471,65.99,1.1533298835582012e-06,66.0,BID
902,1712609690.1854274,177620200.5871471,65.99,-5.256673618938741e-07,66.0,ASK
903,1712609690.2653449,177621909.81269425,65.99,-1.3410210212830894e-07,66.0,ASK
904,1712609700.487083,177621909.81269425,65.99,-0.0,66.0,ASK
905,1712609730.4993544,177621909.81269425,65.99,-0.0,66.0,ASK
906,1712609737.7984872,177622000.73556134,65.9,-7.138028407649728e-09,66.0,ASK
907,1712609747.4053574,177622608.39106375,65.9,-4.770485552317895e-08,66.0,ASK
908,1712609760.306394,177622608.39106375,65.9,-0.0,66.0,ASK
909,1712609767.695244,177622699.31393084,65.99,7.138002609865785e-09,66.0,BID
910,1712609790.3176222,177622699.31393084,65.99,0.0,66.0,BID
911,1712609820.495375,177622699.31393084,65.99,0.0,66.0,BID
912,1712609839.4451675,177623699.31393084,65.91,-7.850609506823446e-08,66.0,ASK
913,1712609843.1551738,177623790.23679793,65.91,-7.137999247605515e-09,66.0,ASK
914,1712609850.4887133,177623790.23679793,65.91,-0.0,66.0,ASK
915,1712609880.3252957,177623790.23679793,65.91,-0.0,66.0,ASK
916,1712609910.3220465,177623790.23679793,65.91,-0.0,66.0,ASK
1117,1712609939.4952683,177623881.18722996,65.97,7.1401229590462185e-09,66.0,BID
917,1712609939.4952683,177623881.18722996,65.97,7.140122959046218e-09,66.0,BID
918,1712609940.36507,177623881.18722996,65.97,0.0,66.0,BID
919,1712609970.355795,177623881.18722996,65.97,0.0,66.0,BID
920,1712609975.0185423,177623972.13766196,65.91,-7.140119593468106e-09,66.0,ASK
921,1712610000.4718096,177623972.13766196,65.91,-0.0,66.0,ASK
922,1712610006.8655715,177625459.63124126,65.91,-1.1702757700309325e-07,66.0,ASK
923,1712610006.8749535,177626310.77595094,65.91,-6.696324907797819e-08,66.0,ASK
924,1712610030.3324506,177626310.77595094,65.91,-0.0,66.0,ASK
925,1712610039.9253168,177626401.74017167,65.96,7.156463329952245e-09,66.0,BID
926,1712610060.4995224,177626401.74017167,65.96,0.0,66.0,BID
927,1712610077.8750937,177626492.7043924,65.91,-7.156459951814591e-09,66.0,ASK
928,1712610080.1452806,177626802.4325108,65.91,-2.4367348583431345e-08,66.0,ASK
929,1712610090.476907,177626802.4325108,65.91,-0.0,66.0,ASK
930,1712610097.4351037,177631354.78455934,65.9,-3.5814804073364213e-07,66.0,ASK
931,1712610097.444875,177635051.78746697,65.9,-2.908549984350393e-07,66.0,ASK
932,1712610101.0173397,177635142.83450794,65.9,7.162960814532164e-09,66.0,BID
933,1712610112.6552165,177648062.26296163,65.81,-1.016412601385503e-06,66.0,ASK
934,1712610120.3538158,177648062.26296163,65.81,-0.0,66.0,ASK
935,1712610142.527804,177648153.3100026,65.81,-7.1621720341215875e-09,66.0,ASK
936,1712610150.3253076,177648153.3100026,65.81,-0.0,66.0,ASK
937,1712610166.385183,177648244.35704356,65.9,7.162168658286808e-09,66.0,BID
938,1712610167.4503849,177649381.43112922,65.81,-8.944734822490008e-08,66.0,ASK
939,1712610180.4824004,177649381.43112922,65.81,-0.0,66.0,ASK
940,1712610204.448443,177650141.42504925,65.81,-5.978415076522165e-08,66.0,ASK
941,1712610205.3450131,177650232.4720902,65.81,-7.162123117805916e-09,66.0,ASK
942,1712610210.4883742,177650232.4720902,65.81,-0.0,66.0,ASK
943,1712610214.801012,177652485.59606543,65.81,-1.7723893102654604e-07,66.0,ASK
944,1712610214.8058558,177652744.54503727,65.65,-2.036986844211284e-08,66.0,ASK
945,1712610214.8101876,177654009.54574507,65.64,-9.950955902352529e-08,66.0,ASK
946,1712610214.8145423,177704009.54574507,65.66,-3.933181950395097e-06,66.0,ASK
947,1712610214.8190708,177721509.54574507,65.68,-1.376613682638284e-06,66.0,ASK
1148,1712610237.301109,177721640.56165412,65.72,-1.0306188173481521e-08,66.0,ASK
948,1712610237.301109,177721640.56165412,65.72,-1.030618817348152e-08,66.0,ASK
949,1712610240.3207707,177721640.56165412,65.72,-0.0,66.0,ASK
950,1712610266.7653708,177721731.6501618,65.87,7.162711310713569e-09,66.0,BID
951,1712610270.2964,177721731.6501618,65.87,0.0,66.0,BID
952,1712610300.4852064,177721731.6501618,65.87,0.0,66.0,BID
953,1712610304.5351102,177721822.73866946,65.81,-7.166904343163697e-09,66.0,ASK
954,1712610330.508577,177721822.73866946,65.81,-0.0,66.0,ASK
955,1712610347.021664,177724822.73866946,65.76,-2.360418832491466e-07,66.0,ASK
956,1712610360.3333387,177724822.73866946,65.76,-0.0,66.0,ASK
957,1712610360.848508,177726460.0049449,65.76,-1.2881913879932938e-07,66.0,ASK
958,1712610363.755306,177726560.0049449,65.87,7.867940647897963e-09,66.0,BID
959,1712610363.7645893,177726763.1730516,65.9,1.5985146051003494e-08,66.0,BID
960,1712610390.333995,177726763.1730516,65.9,0.0,66.0,BID
961,1712610391.7752583,177726854.2339106,65.89,7.164542386897166e-09,66.0,BID
962,1712610420.4848995,177726854.2339106,65.89,0.0,66.0,BID
963,1712610432.7547302,177726945.2947696,65.78,-7.164539004721073e-09,66.0,ASK
964,1712610439.6549523,177727437.57263654,65.78,-3.873172313471319e-08,66.0,ASK
965,1712610444.160843,177727683.71157,65.78,-1.9365861565011787e-08,66.0,ASK
966,1712610450.4882102,177727683.71157,65.78,-0.0,66.0,ASK
967,1712610462.9757855,177727774.9108404,65.79,7.1753982136562375e-09,66.0,BID
1167,1712610462.9757855,177727774.9108404,65.79,7.175398213656237e-09,66.0,BID
968,1712610469.2709205,177727929.85050347,65.79,1.2190380217527134e-08,66.0,BID
969,1712610480.3173263,177727929.85050347,65.79,0.0,66.0,BID
970,1712610485.0456324,177728129.85050347,65.89,1.573562823563589e-08,66.0,BID
971,1712610485.0581093,177766948.2081008,65.9,3.054156219347098e-06,66.0,BID
972,1712610485.0617518,177773204.31366146,65.88,4.922187565272295e-07,66.0,BID
973,1712610496.324887,177773295.51293185,65.8,-7.175389071675543e-09,66.0,ASK
974,1712610510.348643,177773295.51293185,65.8,-0.0,66.0,ASK
975,1712610523.5746958,177780529.52731615,65.8,-5.690249673658933e-07,66.0,ASK
976,1712610527.8245914,177780620.71272647,65.8,7.172611550873998e-09,66.0,BID
977,1712610539.0948508,177781689.68106517,65.78,-8.408466471438834e-08,66.0,ASK
978,1712610539.1047072,177782194.75479576,65.78,-3.97289178314252e-08,66.0,ASK
979,1712610540.0747664,177782689.80011138,65.8,3.894008632033623e-08,66.0,BID
980,1712610540.082208,177786536.086069,65.8,3.0254746883777545e-07,66.0,BID
981,1712610540.4849834,177786536.086069,65.8,0.0,66.0,BID
982,1712610544.6957643,177793861.29972368,65.89,5.761591860284596e-07,66.0,BID
983,1712610544.7006705,177794016.38657233,65.97,1.2198239763632787e-08,66.0,BID
984,1712610544.7060518,177810516.20627704,65.89,1.2977809438482767e-06,66.0,BID
1185,1712610544.7110784,177810767.04946548,65.96,1.972988285150297e-08,66.0,BID
985,1712610544.7110784,177810767.04946548,65.96,1.9729882851502972e-08,66.0,BID
986,1712610544.7146173,177811872.98215884,65.9,8.69863065360938e-08,66.0,BID
987,1712610544.7183466,177826046.7453721,65.99,1.1148267150772148e-06,66.0,BID
988,1712610544.7219722,177831288.23637208,65.9,4.122655434353354e-07,66.0,BID
989,1712610544.7255962,177831488.23637208,65.95,1.5730849998048187e-08,66.0,BID
990,1712610545.0777707,177859114.89192596,65.99,2.1729538723289475e-06,66.0,BID
991,1712610570.5051465,177859114.89192596,65.99,0.0,66.0,BID
992,1712610598.965505,177859206.07733628,65.81,-7.169420923820177e-09,66.0,ASK
993,1712610600.3412263,177859206.07733628,65.81,-0.0,66.0,ASK
994,1712610604.7854817,177886918.27615428,65.99,2.1826775724000048e-06,66.0,BID
995,1712610605.1700954,177891097.16669402,66.0,3.291391895135887e-07,66.0,BID
996,1712610605.1770644,177891859.9432005,66.0,6.007806108745103e-08,66.0,BID
997,1712610605.1830633,177918141.53433248,65.99,2.0699995661663166e-06,66.0,BID
998,1712610605.186788,177918293.1260068,66.0,1.1939714704380353e-08,66.0,BID
999,1712610605.1906023,177931990.28851658,66.0,1.0788205444085728e-06,66.0,BID
1000,1712610616.344933,177946876.10216376,65.99,1.1724414871592808e-06,66.0,BID
1201,1712610623.9896836,177946967.02503085,65.99,7.161297597420874e-09,66.0,BID
1202,1712610630.338041,177946967.02503085,65.99,0.0,66.0,BID
1203,1712610660.4871442,177946967.02503085,65.99,0.0,66.0,BID
1204,1712610663.8906243,177947057.94789797,65.84,-7.158032429863164e-09,66.0,ASK
1205,1712610664.575034,177952057.94789797,66.01,3.936321332932745e-07,66.01,BID
1206,1712610664.5782354,177952557.94789797,65.99,3.9363213329327454e-08,66.01,BID
1207,1712610664.5814176,177990410.16142172,66.01,2.979969511844898e-06,66.01,BID
1208,1712610664.5845726,177990596.30446753,65.99,1.4654376844203598e-08,66.01,BID
1209,1712610664.586809,177992129.81159833,66.01,1.2072753666358258e-07,66.01,BID
1210,1712610690.506094,177992129.81159833,66.01,0.0,66.01,BID
1211,1712610690.9103918,177992220.7069172,66.01,7.1541845916815475e-09,66.01,BID
1212,1712610720.3259866,177992220.7069172,66.01,0.0,66.01,BID
1213,1712610724.585275,177992311.6022361,65.8,-7.154181215481423e-09,66.01,ASK
1214,1712610730.9048057,177995244.66608503,65.8,-2.3085534598342181e-07,66.01,ASK
1215,1712610750.3047426,177995244.66608503,65.8,-0.0,66.01,ASK
1216,1712610758.5447056,177995335.58895212,65.99,7.15623740241655e-09,66.01,BID
1217,1712610780.508164,177995335.58895212,65.99,0.0,66.01,BID
1218,1712610781.6089427,177996093.2795113,65.99,5.963528353245076e-08,66.01,BID
1219,1712610810.494857,177996093.2795113,65.99,0.0,66.01,BID
1220,1712610826.1248906,177996184.2023784,65.8,-7.156205860907334e-09,66.01,ASK
1221,1712610840.338597,177996184.2023784,65.8,-0.0,66.01,ASK
1222,1712610843.6554718,177996436.73924372,65.8,-1.9876242386554083e-08,66.01,ASK
1223,1712610844.3958807,178013936.73924372,65.97,1.3773602571598083e-06,66.01,BID
1224,1712610844.3993952,178014189.276109,65.81,1.987624238420844e-08,66.01,BID
1225,1712610844.4027588,178041653.52143246,65.99,2.161609142937502e-06,66.01,BID
1226,1712610854.8759365,178041744.47186446,65.97,7.1583720235325834e-09,66.01,BID
1227,1712610855.254879,178056898.28304797,65.97,1.1927004153527748e-06,66.01,BID
1228,1712610870.314495,178056898.28304797,65.97,0.0,66.01,BID
1229,1712610891.9052932,178056989.23347998,65.82,-7.156115845905098e-09,66.01,ASK
1230,1712610900.3658762,178056989.23347998,65.82,-0.0,66.01,ASK
1231,1712610921.9553387,178057080.183912,65.97,7.158657620633861e-09,66.01,BID
1232,1712610930.3283482,178057080.183912,65.97,0.0,66.01,BID
1233,1712610960.4954965,178057080.183912,65.97,0.0,66.01,BID
1234,1712610962.4567778,178057171.134344,65.82,-7.158654237566117e-09,66.01,ASK
1235,1712610990.4991317,178057171.134344,65.82,-0.0,66.01,ASK
1236,1712611002.815488,178060210.6506955,65.82,-2.392384057808521e-07,66.01,ASK
1237,1712611018.1257262,178060489.23347998,65.82,-2.1927074418542824e-08,66.01,ASK
1238,1712611018.129519,178072506.4542227,65.82,-9.458678289384328e-07,66.01,ASK
1239,1712611018.2053237,178088792.5170435,65.82,-1.28186568359193e-06,66.01,ASK
1240,1712611019.1552968,178088883.67474633,65.82,7.174965020277402e-09,66.01,BID
1241,1712611020.3499522,178088883.67474633,65.82,0.0,66.01,BID
1242,1712611026.9352612,178091583.67474633,65.82,2.1248038017899573e-07,66.01,BID
1243,1712611035.685675,178093098.36726373,65.89,1.192009044264397e-07,66.01,BID
1244,1712611050.3395104,178093098.36726373,65.89,0.0,66.01,BID
1245,1712611056.96569,178152484.32891247,65.78,-4.673361531334793e-06,66.01,ASK
1246,1712611056.968763,178155190.36726373,65.8,-2.12950926145362e-07,66.01,ASK
1247,1712611069.7456305,178165670.96756768,65.8,8.247678900188598e-07,66.01,BID
1248,1712611080.479365,178165670.96756768,65.8,0.0,66.01,BID
1249,1712611089.196547,178165762.1252705,65.78,-7.170935666800931e-09,66.01,ASK
1250,1712611110.4866636,178165762.1252705,65.78,-0.0,66.01,ASK
1251,1712611116.3758764,178165853.1861295,65.89,7.1633140560442065e-09,66.01,BID
1252,1712611116.475531,178170717.8866463,65.78,-3.8268228483308333e-07,66.01,ASK
1253,1712611140.3156133,178170717.8866463,65.78,-0.0,66.01,ASK
1254,1712611142.4459438,178172999.93186444,65.78,-1.795127737346413e-07,66.01,ASK
1255,1712611142.4488132,178183473.24491906,65.78,-8.238633755727078e-07,66.01,ASK
1256,1712611142.465708,178189863.00478575,65.78,5.0263838246896e-07,66.01,BID
1257,1712611142.5660143,178206672.55260888,65.78,1.3222913073628631e-06,66.01,BID
1258,1712611147.5659204,178209058.68407252,65.74,-1.8770052150145232e-07,66.01,ASK
1259,1712611170.333596,178209058.68407252,65.74,-0.0,66.01,ASK
1260,1712611191.315538,178209149.74493152,65.74,-7.161709577878679e-09,66.01,ASK
1261,1712611200.3553736,178209149.74493152,65.74,-0.0,66.01,ASK
1262,1712611215.6280224,178209240.9719347,65.77,7.1807992876971265e-09,66.01,BID
1263,1712611230.324221,178209240.9719347,65.77,0.0,66.01,BID
1264,1712611241.1953392,178209318.39878097,65.74,-6.094537368423939e-09,66.01,ASK
1265,1712611253.9764533,178209409.62578416,65.74,-7.180795896342445e-09,66.01,ASK
1266,1712611260.5002522,178209409.62578416,65.74,-0.0,66.01,ASK
1267,1712611267.9062908,178210190.8602695,65.74,-6.14936399804018e-08,66.01,ASK
1268,1712611267.9101987,178210495.08904952,65.74,-2.3946888446759256e-08,66.01,ASK
1269,1712611268.7057686,178210573.73013163,65.71,-6.190108708255844e-09,66.01,ASK
1270,1712611279.5859494,178228038.83362418,65.71,-1.3747380672022362e-06,66.01,ASK
1271,1712611286.6264331,178228130.04675886,65.78,7.179697991579181e-09,66.01,BID
1272,1712611290.4999037,178228130.04675886,65.78,0.0,66.01,BID
1273,1712611320.3339057,178228130.04675886,65.78,0.0,66.01,BID
1274,1712611350.3298016,178228130.04675886,65.78,0.0,66.01,BID
1275,1712611358.2858577,178228221.25989357,65.71,-7.1790028515720206e-09,66.01,ASK
1276,1712611380.4885886,178228221.25989357,65.71,-0.0,66.01,ASK
1277,1712611386.631703,178228312.47302824,65.78,7.1789994626606395e-09,66.01,BID
1278,1712611410.5085883,178228312.47302824,65.78,0.0,66.01,BID
1279,1712611440.3239546,178228312.47302824,65.78,0.0,66.01,BID
1280,1712611456.256231,178228403.68616295,65.71,-7.178996074836023e-09,66.01,ASK
1281,1712611470.324364,178228403.68616295,65.71,-0.0,66.01,ASK
1282,1712611478.3060338,178276159.45870653,65.71,-3.7586510212408087e-06,66.01,ASK
1283,1712611487.5759096,178276250.69958243,65.76,7.181176078069036e-09,66.01,BID
1284,1712611491.6560092,178276554.83583546,65.76,2.3937253595909065e-08,66.01,BID
1285,1712611500.4760823,178276554.83583546,65.76,0.0,66.01,BID
1286,1712611521.9766667,178276646.0767114,65.7,-7.187217904521253e-09,66.01,ASK
1287,1712611529.3463066,178281121.04588112,65.7,-3.525018607200216e-07,66.01,ASK
1288,1712611529.3499095,178325870.73758113,65.7,-3.525018607409151e-06,66.01,ASK
1289,1712611530.5162663,178325870.73758113,65.7,-0.0,66.01,ASK
1290,1712611530.93017,178326646.07671112,65.7,6.105935889262458e-08,66.01,BID
1291,1712611531.0307586,178326646.0767114,65.7,2.112288114088329e-17,66.01,BID
1292,1712611542.6662505,178333971.29036608,65.71,-5.768738248981527e-07,66.01,ASK
1293,1712611542.746051,178366646.0767111,65.71,2.5731985256821582e-06,66.01,BID
1294,1712611550.719141,178366758.90043217,65.68,-8.885072106738729e-09,66.01,ASK
1295,1712611560.331035,178366758.90043217,65.68,-0.0,66.01,ASK
1296,1712611571.7661445,178426758.90043217,65.7,4.724108968574992e-06,66.01,BID
1297,1712611579.8561656,178466637.13483042,65.7,-3.139818746194813e-06,66.01,ASK
1298,1712611590.3261416,178466637.13483042,65.7,-0.0,66.01,ASK
1299,1712611612.9688485,178473962.3484851,65.7,-5.764539613150586e-07,66.01,ASK
1300,1712611612.9704826,178496637.13483042,65.7,-1.784380773978028e-06,66.01,ASK
1301,1712611613.0258398,178496728.3618336,65.77,7.1790625973474595e-09,66.01,BID
1302,1712611620.4842727,178496728.3618336,65.77,0.0,66.01,BID
1303,1712611628.036332,178509625.35321614,65.7,-1.01476429853182e-06,66.01,ASK
1304,1712611628.155758,178516340.30858716,65.7,5.283477963684757e-07,66.01,BID
1305,1712611650.4897735,178516340.30858716,65.7,0.0,66.01,BID
1306,1712611653.6062677,178516431.53559035,65.7,-7.177218215571642e-09,66.01,ASK
1307,1712611680.3317556,178516431.53559035,65.7,-0.0,66.01,ASK
1308,1712611682.8460765,178516522.76259354,65.77,7.177214831204531e-09,66.01,BID
1309,1712611683.8159952,178516568.39258042,65.7,-3.589904383108621e-09,66.01,ASK
1310,1712611683.9558823,178527273.3334344,65.7,8.422030493200884e-07,66.01,BID
1311,1712611683.9756658,178527273.33343494,65.7,4.220414931887885e-17,66.01,BID
1312,1712611707.7999487,178532764.20204028,65.68,-4.319898956860863e-07,66.01,ASK
1313,1712611707.8037477,178594044.36097896,65.68,-4.821169721995165e-06,66.01,ASK
1314,1712611707.8759053,178597273.33343494,65.68,2.540369429116189e-07,66.01,BID
1315,1712611710.3370652,178597273.33343494,65.68,0.0,66.01,BID
1316,1712611716.6069615,178597364.56043813,65.69,-7.174217777962614e-09,66.01,ASK
1317,1712611740.511153,178597364.56043813,65.69,-0.0,66.01,ASK
1318,1712611746.8665197,178597407.75387394,65.77,3.396789966491163e-09,66.01,BID
1319,1712611746.8689406,178597455.78013915,65.78,3.776850178355339e-09,66.01,BID
1320,1712611770.5063334,178597455.78013915,65.78,0.0,66.01,BID
1321,1712611800.599055,178597455.78013915,65.78,0.0,66.01,BID
1322,1712611801.8259592,178598972.08023915,65.77,1.193457727437616e-07,66.01,BID
1323,1712611814.446097,178599063.2999402,65.72,-7.179769830181201e-09,66.01,ASK
1324,1712611827.696555,178604063.2999402,65.72,-3.935427187001535e-07,66.01,ASK
1325,1712611827.8394475,178604278.08023915,65.72,-1.690504455426819e-08,66.01,ASK
1326,1712611828.395265,178612208.08023915,65.72,6.241587518584434e-07,66.01,BID
1327,1712611830.4857037,178612208.08023915,65.72,0.0,66.01,BID
1328,1712611836.0539572,178613509.08023915,65.7,-1.023920013022344e-07,66.01,ASK
1329,1712611836.055914,178614594.2117028,65.7,-8.540259972238874e-08,66.01,ASK
1330,1712611838.069373,178618320.08023915,65.7,-2.93235308244598e-07,66.01,ASK
1331,1712611840.4161975,178656383.41763258,65.7,2.9956812390128857e-06,66.01,BID
1332,1712611840.5590937,178674628.83762223,65.7,1.4359608511449609e-06,66.01,BID
1333,1712611841.166014,178674720.05075693,65.78,7.178705155726148e-09,66.01,BID
1334,1712611858.426407,178681648.05075693,65.68,-5.452511798784627e-07,66.01,ASK
1335,1712611858.4308667,178695051.05075693,65.68,-1.054850110264295e-06,66.01,ASK
1336,1712611858.4329226,178695981.87213558,65.69,-7.325800446941001e-08,66.01,ASK
1337,1712611858.4349587,178760427.87213558,65.68,-5.07206373245488e-06,66.01,ASK
1338,1712611858.6661563,178765344.35922152,65.68,3.869400093050183e-07,66.01,BID
1339,1712611860.3566184,178765344.35922152,65.68,0.0,66.01,BID
1340,1712611866.3462586,178811062.1281944,65.68,-3.5952581008629467e-06,66.01,ASK
1341,1712611866.3618495,178844243.78191918,65.68,-2.609414501938248e-06,66.01,ASK
1342,1712611868.596222,178850418.94939786,65.68,4.856168925278238e-07,66.01,BID
1343,1712611876.7859218,178850510.16253254,65.64,-7.1730263465908314e-09,66.01,ASK
1344,1712611888.9062264,178853180.84439763,65.64,-2.100231666162809e-07,66.01,ASK
1345,1712611889.0460336,178859353.5959256,65.64,4.854269014898428e-07,66.01,BID
1346,1712611889.145886,178876154.5959256,65.64,1.3212353251191808e-06,66.01,BID
1347,1712611890.277761,178876357.0367037,65.64,1.5919999242834164e-08,66.01,BID
1348,1712611890.325132,178876357.0367037,65.64,0.0,66.01,BID
1349,1712611895.5175302,178906840.19475886,65.64,2.395830498144376e-06,66.01,BID
1350,1712611905.5258458,178906931.6024371,65.64,7.1842065350077225e-09,66.01,BID
1351,1712611906.0886283,178922166.6024371,65.64,1.1973981689556347e-06,66.01,BID
1352,1712611920.5148396,178922166.6024371,65.64,0.0,66.01,BID
1353,1712611922.48582,178925845.6024371,65.64,2.89083493089654e-07,66.01,BID
1354,1712611927.3268652,178925974.8024371,65.6,-1.0152103099683925e-08,66.01,ASK
1355,1712611927.3385766,178926556.3081428,65.54,-4.5692769953637616e-08,66.01,ASK
1356,1712611937.736279,178926777.3081428,65.56,-1.73654395142195e-08,66.01,ASK
1357,1712611937.7458634,178930807.3081428,65.54,-3.166638970240026e-07,66.01,ASK
1358,1712611937.9370956,178939532.3081428,65.54,6.85581265889435e-07,66.01,BID
1359,1712611937.9561536,178951598.0651727,65.54,9.480867597096884e-07,66.01,BID
1360,1712611937.975839,178965946.0651727,65.54,1.127417765384712e-06,66.01,BID
1361,1712611937.985765,179016608.24702197,65.54,3.980864500280115e-06,66.01,BID
1362,1712611946.2662728,179016699.6547002,65.49,-7.182509082385836e-09,66.01,ASK
1363,1712611949.9868574,179016920.6547002,65.54,-1.73654395142195e-08,66.01,ASK
1364,1712611949.9980092,179018948.6547002,65.5,-1.5935344495401422e-07,66.01,ASK
1365,1712611950.0342183,179031416.15367478,65.5,9.796542956419104e-07,66.01,BID
1366,1712611950.49744,179031416.15367478,65.5,0.0,66.01,BID
1367,1712611957.6259737,179033619.45087478,65.5,-1.730303630164603e-07,66.01,ASK
1368,1712611957.7259254,179045081.8297638,65.5,9.001688833468247e-07,66.01,BID
1369,1712611957.736195,179045081.82976457,65.5,6.085169681091334e-17,66.01,BID
1370,1712611972.288834,179045173.2653025,65.62,7.180658297672491e-09,66.01,BID
1371,1712611973.9059305,179052937.2404578,65.51,-6.097241169165688e-07,66.01,ASK
1372,1712611980.331365,179052937.2404578,65.51,-0.0,66.01,ASK
1373,1712611987.7961423,179066789.8211544,65.51,-1.0877569019192057e-06,66.01,ASK
1374,1712612010.3444948,179066789.8211544,65.51,-0.0,66.01,ASK
1375,1712612011.1847017,179066881.25669235,65.51,-7.179351833040831e-09,66.01,ASK
1376,1712612037.8460543,179066972.69223028,65.62,7.1793518307008066e-09,66.01,BID
1377,1712612040.4913523,179066972.69223028,65.62,0.0,66.01,BID
1378,1712612053.666411,179068261.19346073,65.53,-1.0117067354658413e-07,66.01,ASK
1379,1712612055.510446,179083415.00464422,65.53,-1.1898485216789788e-06,66.01,ASK
1380,1712612059.2862682,179087383.5617195,65.61,3.1160357695241884e-07,66.01,BID
1381,1712612070.4973223,179087383.5617195,65.61,0.0,66.01,BID
1382,1712612073.2659156,179087474.99725744,65.59,-7.178590998216164e-09,66.01,ASK
1383,1712612096.075797,179099436.8313483,65.62,9.391218826589145e-07,66.01,BID
1384,1712612096.0781105,179107356.12648863,65.62,6.217427281655832e-07,66.01,BID
1385,1712612100.3340795,179107356.12648863,65.62,0.0,66.01,BID
1386,1712612107.7557845,179107447.56202656,65.62,7.187386075049086e-09,66.01,BID
1387,1712612112.0211864,179107531.37793633,65.62,6.588437235461662e-09,66.01,BID
1388,1712612130.3514388,179107531.37793633,65.62,0.0,66.01,BID
1389,1712612140.1619108,179107622.81347427,65.51,-7.187379577876977e-09,66.01,ASK
1390,1712612143.2560356,179107927.59860075,65.62,2.3957931928599232e-08,66.01,BID
1391,1712612143.8959165,179109095.59860075,65.59,-9.181177840274797e-08,66.01,ASK
1392,1712612144.355755,179110702.45774487,65.59,1.2630872916481508e-07,66.01,BID
1393,1712612155.5157535,179112089.88731694,65.59,-1.0906025378495289e-07,66.01,ASK
1394,1712612156.2361224,179173121.318504,65.59,-4.797435133346945e-06,66.01,ASK
1395,1712612156.2393506,179266948.76928487,65.59,-7.375398218482743e-06,66.01,ASK
1396,1712612160.4808702,179266948.76928487,65.59,-0.0,66.01,ASK
1397,1712612168.0272658,179267027.08121723,65.51,-6.150730368796969e-09,66.01,ASK
1398,1712612170.7159634,179267118.55857658,65.59,7.1847617000085345e-09,66.01,BID
1399,1712612171.335971,179267194.8049556,65.59,5.988498876631754e-09,66.01,BID
1400,1712612182.3160834,179270535.0740515,65.59,2.6234947791754577e-07,66.01,BID
1401,1712612190.491752,179270535.0740515,65.59,0.0,66.01,BID
1402,1712612192.3462255,179316442.3157296,65.59,3.605553338215772e-06,66.01,BID
1403,1712612192.35123,179323489.21800008,65.59,5.534634858620521e-07,66.01,BID
1404,1712612195.236947,179324182.9327861,65.59,-5.448433778822142e-08,66.01,ASK
1405,1712612195.6158836,179324945.24411404,65.59,-5.98719080633622e-08,66.01,ASK
1406,1712612201.1822574,179325292.10150704,65.59,-2.7242168892940377e-08,66.01,ASK
1407,1712612206.9761548,179325465.53020355,65.59,-1.3621084447640525e-08,66.01,ASK
1408,1712612220.3186646,179325465.53020355,65.59,-0.0,66.01,ASK
1409,1712612241.6561854,179325557.0075629,65.59,-7.182596502996306e-09,66.01,ASK
1410,1712612250.3264785,179325557.0075629,65.59,-0.0,66.01,ASK
1411,1712612256.8661623,179335610.29131022,65.59,-7.893608558300075e-07,66.01,ASK
1412,1712612256.8685997,179337134.9139661,65.59,-1.1970988531737944e-07,66.01,ASK
1413,1712612265.9362106,179337439.83849728,65.58,2.394197706487989e-08,66.01,BID
1414,1712612280.5053458,179337439.83849728,65.58,0.0,66.01,BID
1415,1712612289.7159128,179337635.83849728,65.58,1.5388530183568996e-08,66.01,BID
1416,1712612296.3459897,179337807.83849728,65.58,1.3504220365172792e-08,66.01,BID
1417,1712612305.016713,179352701.16121793,65.58,1.1693180929607555e-06,66.01,BID
1418,1712612307.5456357,179352792.65252623,65.58,7.1832487721159744e-09,66.01,BID
1419,1712612309.9700775,179359087.72830623,65.58,4.942447124920905e-07,66.01,BID
1420,1712612310.509136,179359087.72830623,65.58,0.0,66.01,BID
1421,1712612316.25643,179361508.72830623,65.58,1.9005856856309428e-07,66.01,BID
1422,1712612327.285998,179362171.72830623,65.58,5.20482573140568e-08,66.01,BID
1423,1712612329.2557936,179362303.72830623,65.58,1.036254896750452e-08,66.01,BID
1424,1712612329.675752,179363004.05945778,65.58,5.497890796480596e-08,66.01,BID
1425,1712612329.678081,179372663.09870824,65.58,7.582747516058603e-07,66.01,BID
1426,1712612330.215722,179387663.09870824,65.58,1.1775623826709683e-06,66.01,BID
1427,1712612330.2196922,179415103.59775093,65.58,2.154193295626015e-06,66.01,BID
1428,1712612330.496179,179419291.30050546,65.6,3.28752082235932e-07,66.01,BID
1429,1712612330.5011015,179430352.14913854,65.62,8.683226180488971e-07,66.01,BID
1430,1712612331.2859209,179431612.14913854,65.62,9.891524014436137e-08,66.01,BID
1431,1712612340.3288493,179431612.14913854,65.62,0.0,66.01,BID
1432,1712612343.885796,179431703.64044684,65.56,-7.179767110093573e-09,66.01,ASK
1433,1712612368.9756207,179431795.07598478,65.62,7.175390538625812e-09,66.01,BID
1434,1712612370.329614,179431795.07598478,65.62,0.0,66.01,BID
1435,1712612378.385921,179433009.84097147,65.62,9.532841586679425e-08,66.01,BID
1436,1712612400.3679893,179433009.84097147,65.62,0.0,66.01,BID
1437,1712612406.2158437,179433101.2765094,65.51,-7.181540995914419e-09,66.01,ASK
1438,1712612430.3356729,179433101.2765094,65.51,-0.0,66.01,ASK
1439,1712612439.9958878,179433192.69811538,65.63,7.180443372119042e-09,66.01,BID
1440,1712612444.0176911,179433392.69811538,65.53,-1.57084166168048e-08,66.01,ASK
1441,1712612446.8457966,179433697.43680194,65.63,2.3934811238836323e-08,66.01,BID
1442,1712612448.2065077,179433897.43680194,65.56,1.57084166168048e-08,66.01,BID
1443,1712612460.4876554,179433897.43680194,65.56,0.0,66.01,BID
1444,1712612462.7205408,179433980.27610195,65.59,-6.5063444992039945e-09,66.01,ASK
1445,1712612469.8055785,179436947.14707947,65.59,2.330232711152421e-07,66.01,BID
1446,1712612471.0956883,179439242.63188574,65.58,-1.80291418941038e-07,66.01,ASK
1447,1712612476.755612,179439334.0534917,65.58,-7.180413923012064e-09,66.01,ASK
1448,1712612480.2259,179456514.6219657,65.58,-1.3493921022392676e-06,66.01,ASK
1449,1712612490.475572,179456514.6219657,65.58,-0.0,66.01,ASK
1450,1712612509.0755937,179456606.11327404,65.58,7.185051422714392e-09,66.01,BID
1451,1712612518.2290492,179463931.32692873,65.54,-5.752681620932969e-07,66.01,ASK
1452,1712612518.231166,179466984.76204324,65.5,-2.397942352527729e-07,66.01,ASK
1453,1712612518.2331705,179467595.542315,65.49,-4.7966170127728e-08,66.01,ASK
1454,1712612518.2352116,179467910.05918267,65.51,-2.4699831150231813e-08,66.01,ASK
1455,1712612518.237224,179470094.32958266,65.5,-1.715364599242804e-07,66.01,ASK
1456,1712612518.2392795,179471710.68838167,65.49,-1.269368784887104e-07,66.01,ASK
1457,1712612520.3260112,179471710.68838167,65.49,-0.0,66.01,ASK
1458,1712612544.8576078,179471802.17969,65.52,-7.184489675239279e-09,66.01,ASK
1459,1712612550.3370576,179471802.17969,65.52,-0.0,66.01,ASK
1460,1712612553.217836,179473080.1192697,65.57,1.0035203956997386e-07,66.01,BID
1461,1712612553.297866,179473998.66226968,65.57,7.212990734895783e-08,66.01,BID
1462,1712612555.415594,179478360.75450364,65.57,3.4253955306254e-07,66.01,BID
1463,1712612574.7359624,179478452.25976518,65.57,7.1855819890581985e-09,66.01,BID
1464,1712612577.2058012,179478548.69145975,65.57,7.572437215149446e-09,66.01,BID
1465,1712612577.2859323,179480532.0581017,65.58,1.557467120480202e-07,66.01,BID
1466,1712612577.2903254,179481212.88684282,65.58,5.346305400750359e-08,66.01,BID
1467,1712612580.5074816,179481212.88684282,65.58,0.0,66.01,BID
1468,1712612582.1256108,179482582.3828428,65.58,1.0753642791446085e-07,66.01,BID
1469,1712612583.685412,179497831.3828428,65.58,1.1973915873265198e-06,66.01,BID
1470,1712612590.155603,179513080.3828428,65.58,1.1973915873265198e-06,66.01,BID
1471,1712612593.146005,179529713.04319152,65.58,1.306040237157112e-06,66.01,BID
1472,1712612593.150699,179533064.4740931,65.58,2.63163169195778e-07,66.01,BID
1473,1712612594.1167667,179533619.4740931,65.58,-4.3580059739407074e-08,66.01,ASK
1474,1712612609.815627,179533710.97935465,65.58,-7.185233809732005e-09,66.01,ASK
1475,1712612610.4978485,179533710.97935465,65.58,-0.0,66.01,ASK
1476,1712612635.725446,179533802.40096062,65.63,7.176724801271832e-09,66.01,BID
1477,1712612640.3500626,179533802.40096062,65.63,0.0,66.01,BID
1478,1712612657.3458767,179537038.63427937,65.56,-2.540487528562335e-07,66.01,ASK
1479,1712612657.351493,179553848.59631953,65.49,-1.3196050689932814e-06,66.01,ASK
1480,1712612666.4355147,179558933.69433552,65.56,3.991871666457861e-07,66.01,BID
1481,1712612670.3206036,179558933.69433552,65.56,0.0,66.01,BID
1482,1712612700.3485992,179558933.69433552,65.56,0.0,66.01,BID
1483,1712612709.5058155,179559025.1159415,65.51,-7.203749775946646e-09,66.01,ASK
1484,1712612715.6457405,179559462.25765145,65.61,3.444546244369591e-08,66.01,BID
1485,1712612717.495662,179566919.8994141,65.52,-5.876399195148681e-07,66.01,ASK
1486,1712612718.095851,179567832.31751558,65.63,7.189582401355895e-08,66.01,BID
1487,1712612718.10032,179568165.31751558,65.62,2.6239406427196466e-08,66.01,BID
1488,1712612719.6753805,179568365.31751558,65.64,1.5759403259577454e-08,66.01,BID
1489,1712612719.6853535,179568383.3505156,65.64,1.420946596646961e-09,66.01,BID
1490,1712612721.2469983,179572665.31751558,65.64,3.374062234842683e-07,66.01,BID
1491,1712612725.1756952,179574464.02577722,65.64,1.417328442075033e-07,66.01,BID
1492,1712612725.181424,179622465.31751558,65.64,3.7823585674272825e-06,66.01,BID
1493,1712612725.2552483,179622976.88505003,65.64,4.030999534926791e-08,66.01,BID
1494,1712612725.8055494,179658739.15747005,65.64,2.8179603627297146e-06,66.01,BID
1495,1712612730.306596,179658739.15747005,65.64,0.0,66.01,BID
1496,1712612731.3163464,179890660.46921805,65.64,1.826527987260931e-05,66.01,BID
1497,1712612731.4956322,179936427.05960706,65.64,3.604410375096178e-06,66.01,BID
1498,1712612731.605742,179982193.64999607,65.64,3.604410375096178e-06,66.01,BID
1499,1712612731.7054791,180027960.24038506,65.64,3.604410375093831e-06,66.01,BID
1500,1712612734.2657385,180036521.55791506,65.64,6.742582627928277e-07,66.01,BID
1501,1712612738.326023,180038066.19801393,65.65,1.2165024203971357e-07,66.01,BID
1502,1712612738.3307793,180045681.98162088,65.65,5.997914464249662e-07,66.01,BID
1503,1712612738.3357775,180045681.98163006,65.64,7.229137701488644e-16,66.01,BID
1504,1712612741.515551,180045773.37538484,65.65,7.197840065187875e-09,66.01,BID
1505,1712612743.3657916,180058872.58158782,65.65,1.0316458871468303e-06,66.01,BID
1506,1712612760.5195138,180058872.58158782,65.65,0.0,66.01,BID
1507,1712612776.9756997,180058963.9753426,65.6,-7.182981819396403e-09,66.01,ASK
1508,1712612790.51257,180058963.9753426,65.6,-0.0,66.01,ASK
1509,1712612810.4256525,180061365.30671558,65.65,1.8872965125730135e-07,66.01,BID
1510,1712612820.304809,180061365.30671558,65.65,0.0,66.01,BID
1511,1712612836.1358013,180061456.65872532,65.68,7.179608579444583e-09,66.01,BID
1512,1712612850.350113,180061456.65872532,65.68,0.0,66.01,BID
1513,1712612855.7347894,180069042.6685943,65.68,5.962053381081122e-07,66.01,BID
1514,1712612856.7456234,180097222.3284748,65.62,-2.214716819117299e-06,66.01,ASK
1515,1712612861.88608,180098530.93472,65.6,-1.0284695674757445e-07,66.01,ASK
1516,1712612861.8920171,180102233.8773145,65.6,-2.9102442254597935e-07,66.01,ASK
1517,1712612874.1859388,180102325.22932425,65.61,-7.1796051938537125e-09,66.01,ASK
1518,1712612880.5076356,180102325.22932425,65.61,-0.0,66.01,ASK
1519,1712612899.416252,180102416.59524474,65.67,7.179185122860896e-09,66.01,BID
1520,1712612910.521032,180102416.59524474,65.67,0.0,66.01,BID
1521,1712612940.3460042,180102416.59524474,65.67,0.0,66.01,BID
1522,1712612966.826059,180104245.58472806,65.61,-1.437149412873352e-07,66.01,ASK
1523,1712612969.5565026,180104336.95064858,65.61,-7.179181740526537e-09,66.01,ASK
1524,1712612970.3487468,180104336.95064858,65.61,-0.0,66.01,ASK
