,time,acc_trade_volume,trade_price,dev,high,ask_bid
0,1712689619.1466308,38613.72964262,186250.0,0.0,190400.0,BID
1,1712689620.5230806,38613.72964262,186250.0,0.0,190400.0,BID
2,1712689650.533281,38613.72964262,186250.0,0.0,190400.0,BID
3,1712689680.5429993,38613.72964262,186250.0,0.0,190400.0,BID
4,1712689710.5321257,38613.72964262,186250.0,0.0,190400.0,BID
5,1712689718.3521173,38613.86904009,185700.0,-1.808321074750241e-11,190400.0,ASK
6,1712689724.3322756,38614.00862609,185750.0,-1.810766763042837e-11,190400.0,ASK
7,1712689740.8235102,38614.00862609,185750.0,-0.0,190400.0,ASK
8,1712689770.8034596,38614.00862609,185750.0,-0.0,190400.0,ASK
9,1712689800.5333655,38614.00862609,185750.0,-0.0,190400.0,ASK
10,1712689830.5334654,38614.00862609,185750.0,-0.0,190400.0,ASK
11,1712689860.8021233,38614.00862609,185750.0,-0.0,190400.0,ASK
12,1712689890.7924757,38614.00862609,185750.0,-0.0,190400.0,ASK
13,1712689920.5135784,38614.00862609,185750.0,-0.0,190400.0,ASK
14,1712689932.963153,38614.69878992,186000.0,8.956966444543745e-11,190400.0,BID
15,1712689950.5436604,38614.69878992,186000.0,0.0,190400.0,BID
16,1712689980.7920687,38614.69878992,186000.0,0.0,190400.0,BID
17,1712690010.8522186,38614.69878992,186000.0,0.0,190400.0,BID
18,1712690032.9422588,38615.48291133,185900.0,1.0176181140934052e-10,190400.0,BID
19,1712690033.0020704,38616.29746919,185900.0,1.0571179701848635e-10,190400.0,BID
20,1712690040.5119631,38616.29746919,185900.0,0.0,190400.0,BID
21,1712690070.5136786,38616.29746919,185900.0,0.0,190400.0,BID
22,1712690100.5623455,38616.29746919,185900.0,0.0,190400.0,BID
23,1712690130.4941251,38616.29746919,185900.0,0.0,190400.0,BID
24,1712690160.8034017,38616.29746919,185900.0,0.0,190400.0,BID
25,1712690190.8621292,38616.29746919,185900.0,0.0,190400.0,BID
26,1712690220.5320697,38616.29746919,185900.0,0.0,190400.0,BID
27,1712690250.585838,38616.29746919,185900.0,0.0,190400.0,BID
28,1712690261.9121623,38617.11013312,185900.0,1.0546295094473727e-10,190400.0,BID
29,1712690280.7855818,38617.11013312,185900.0,0.0,190400.0,BID
30,1712690293.0020168,38617.72665159,185900.0,8.000672852879487e-11,190400.0,BID
31,1712690310.804571,38617.72665159,185900.0,0.0,190400.0,BID
32,1712690340.5144165,38617.72665159,185900.0,0.0,190400.0,BID
33,1712690354.8851116,38617.93411359,185850.0,2.692232245151476e-11,190400.0,BID
34,1712690355.0023854,38618.14158429,185850.0,2.692345144877674e-11,190400.0,BID
35,1712690362.8126707,38618.22665159,185850.0,1.1039174790955614e-11,190400.0,BID
36,1712690370.5423164,38618.22665159,185850.0,0.0,190400.0,BID
37,1712690374.0923717,38619.26310314,185900.0,1.34498589385266e-10,190400.0,BID
38,1712690378.9525278,38619.54765179,185900.0,3.6925403832389515e-11,190400.0,BID
39,1712690378.953839,38620.61610314,185900.0,1.3865115007110632e-10,190400.0,BID
40,1712690400.5823689,38620.61610314,185900.0,0.0,190400.0,BID
41,1712690408.6126242,38620.71655482,186200.0,1.3035919133508506e-11,190400.0,BID
42,1712690430.533421,38620.71655482,186200.0,0.0,190400.0,BID
43,1712690460.8022738,38620.71655482,186200.0,0.0,190400.0,BID
44,1712690490.8222923,38620.71655482,186200.0,0.0,190400.0,BID
45,1712690520.5323737,38620.71655482,186200.0,0.0,190400.0,BID
46,1712690535.6428392,38620.73792422,186200.0,2.773165109109036e-12,190400.0,BID
47,1712690535.6444173,38620.77026051,186200.0,4.196368227495406e-12,190400.0,BID
48,1712690550.5242174,38620.77026051,186200.0,0.0,190400.0,BID
49,1712690580.7937222,38620.77026051,186200.0,0.0,190400.0,BID
50,1712690595.383444,38621.07026051,186600.0,3.893176472856786e-11,190400.0,BID
51,1712690595.4521794,38636.67026051,186600.0,2.0244517658657e-09,190400.0,BID
52,1712690595.5122204,38642.12749571,186600.0,7.08199322909741e-10,190400.0,BID
53,1712690595.513935,38644.39490942,186600.0,2.9424805699687047e-10,190400.0,BID
54,1712690595.612278,38645.17288248,186650.0,1.0095954712281384e-10,190400.0,BID
55,1712690595.8421214,38660.74823357,186650.0,2.021253013982259e-09,190400.0,BID
56,1712690610.813454,38660.74823357,186650.0,0.0,190400.0,BID
57,1712690631.522171,38681.42378942,186650.0,2.6805243162887603e-09,190400.0,BID
58,1712690640.533895,38681.42378942,186650.0,0.0,190400.0,BID
59,1712690642.3121035,38683.03573349,186650.0,2.0887924749461559e-10,190400.0,BID
60,1712690644.0656185,38684.72742664,186650.0,2.1921330816482508e-10,190400.0,BID
61,1712690644.2424097,38686.95761594,186650.0,2.8899282017501136e-10,190400.0,BID
62,1712690644.4224756,38690.3896112,186650.0,4.4472547196434975e-10,190400.0,BID
63,1712690644.562022,38692.95547462,186650.0,3.3249020875878686e-10,190400.0,BID
64,1712690644.5822802,38694.886415,186650.0,2.5021548888471317e-10,190400.0,BID
65,1712690644.7222753,38696.58317158,186650.0,2.1986943852881844e-10,190400.0,BID
66,1712690654.212278,38697.1189337,186650.0,6.942523040623176e-11,190400.0,BID
67,1712690670.523996,38697.1189337,186650.0,0.0,190400.0,BID
68,1712690700.804456,38697.1189337,186650.0,0.0,190400.0,BID
69,1712690716.4523246,38703.31596788,186650.0,8.027386402726303e-10,190400.0,BID
70,1712690716.4540122,38707.1189337,186650.0,4.926207477128982e-10,190400.0,BID
71,1712690730.8330142,38707.1189337,186650.0,0.0,190400.0,BID
72,1712690760.492571,38707.1189337,186650.0,0.0,190400.0,BID
73,1712690790.5134425,38707.1189337,186650.0,0.0,190400.0,BID
74,1712690820.7934165,38707.1189337,186650.0,0.0,190400.0,BID
75,1712690850.8217342,38707.1189337,186650.0,0.0,190400.0,BID
76,1712690880.5169077,38707.1189337,186650.0,0.0,190400.0,BID
77,1712690910.5019305,38707.1189337,186650.0,0.0,190400.0,BID
78,1712690911.1218517,38707.6189337,186600.0,6.475231366065482e-11,190400.0,BID
79,1712690917.0825813,38707.88258078,186950.0,3.4143516839611417e-11,190400.0,BID
80,1712690917.0927289,38707.91222313,186950.0,3.838821489253104e-12,190400.0,BID
81,1712690917.094086,38707.93989733,186800.0,3.583936957250657e-12,190400.0,BID
82,1712690940.8015437,38707.93989733,186800.0,0.0,190400.0,BID
83,1712690954.9119413,38708.85916498,186950.0,1.1904705097393908e-10,190400.0,BID
84,1712690954.956004,38709.54948994,186950.0,8.939850184163902e-11,190400.0,BID
85,1712690968.883262,38709.67593991,186900.0,-1.637553113490536e-11,190400.0,ASK
86,1712690970.814333,38709.67593991,186900.0,-0.0,190400.0,ASK
87,1712691000.621719,38709.67593991,186900.0,-0.0,190400.0,ASK
88,1712691030.5133257,38709.67593991,186900.0,-0.0,190400.0,ASK
89,1712691060.7917194,38709.67593991,186900.0,-0.0,190400.0,ASK
90,1712691072.59189,38709.71366559,186900.0,4.885408300759506e-12,190400.0,BID
91,1712691085.521899,38710.11626249,186950.0,5.2135580772075057e-11,190400.0,BID
92,1712691090.8255298,38710.11626249,186950.0,0.0,190400.0,BID
93,1712691093.3321772,38710.29986419,186950.0,2.3775839365034542e-11,190400.0,BID
94,1712691094.2315323,38710.48346589,186950.0,2.377583936597676e-11,190400.0,BID
95,1712691094.3538284,38710.66707329,186950.0,2.377657749791325e-11,190400.0,BID
96,1712691104.4916024,38711.46882126,186950.0,1.0382382595835939e-10,190400.0,BID
97,1712691107.5839984,38712.10125466,186950.0,8.189812473377476e-11,190400.0,BID
98,1712691115.9756567,38715.84979259,186950.0,4.85423804244567e-10,190400.0,BID
99,1712691120.5438936,38715.84979259,186950.0,0.0,190400.0,BID
100,1712691122.0117192,38716.43178847,186950.0,7.535616559004899e-11,190400.0,BID
101,1712691122.013584,38716.48848728,186950.0,7.341297528429466e-12,190400.0,BID
102,1712691129.5217147,38717.55829204,186950.0,1.3851710538463098e-10,190400.0,BID
103,1712691131.7950337,38717.63784337,186950.0,1.0300215865232253e-11,190400.0,BID
104,1712691131.7971811,38718.68577074,186950.0,1.3568444577309088e-10,190400.0,BID
105,1712691132.1322503,38718.72554641,187000.0,5.150108580298002e-12,190400.0,BID
106,1712691132.1345344,38718.83333406,187050.0,1.3956222511181827e-11,190400.0,BID
107,1712691132.1367085,38720.17114471,187100.0,1.7321820365802166e-10,190400.0,BID
108,1712691132.1387875,38720.31898471,187000.0,1.914215530305496e-11,190400.0,BID
109,1712691132.140921,38720.34679881,187050.0,3.601338080730704e-12,190400.0,BID
110,1712691132.1716275,38720.38657448,187100.0,-5.1501085793559195e-12,190400.0,ASK
111,1712691132.4718096,38720.4288863,187150.0,5.4784864012832e-12,190400.0,BID
112,1712691150.5114582,38720.4288863,187150.0,0.0,190400.0,BID
113,1712691158.2918873,38720.47090445,187300.0,5.439859211748664e-12,190400.0,BID
114,1712691172.6617224,38720.53855272,187000.0,-8.75805014518349e-12,190400.0,ASK
115,1712691180.7716682,38720.53855272,187000.0,-0.0,190400.0,ASK
116,1712691210.7929232,38720.53855272,187000.0,-0.0,190400.0,ASK
117,1712691240.4918013,38720.53855272,187000.0,-0.0,190400.0,ASK
118,1712691270.5115936,38720.53855272,187000.0,-0.0,190400.0,ASK
119,1712691300.7716465,38720.53855272,187000.0,-0.0,190400.0,ASK
120,1712691330.841361,38720.53855272,187000.0,-0.0,190400.0,ASK
121,1712691360.5315173,38720.53855272,187000.0,-0.0,190400.0,ASK
122,1712691369.16462,38720.58166828,186500.0,-5.581959262026926e-12,190400.0,ASK
123,1712691386.971645,38722.20819078,186500.0,-2.1057785944134896e-10,190400.0,ASK
124,1712691387.0917027,38729.33051153,186500.0,9.220917987839499e-10,190400.0,BID
125,1712691390.5314982,38729.33051153,186500.0,0.0,190400.0,BID
126,1712691420.7916038,38729.33051153,186500.0,0.0,190400.0,BID
127,1712691450.8015893,38729.33051153,186500.0,0.0,190400.0,BID
128,1712691469.8020544,38750.59278214,186200.0,-2.752137250695977e-09,190400.0,ASK
129,1712691469.8052082,38751.07587214,186300.0,-6.253000955683668e-11,190400.0,ASK
130,1712691480.5019271,38751.07587214,186300.0,-0.0,190400.0,ASK
131,1712691485.5418382,38751.30039518,186600.0,2.9046499958661847e-11,190400.0,BID
132,1712691510.4948545,38751.30039518,186600.0,0.0,190400.0,BID
133,1712691516.732044,38757.63867227,186200.0,-8.19977171945374e-10,190400.0,ASK
134,1712691540.7816875,38757.63867227,186200.0,-0.0,190400.0,ASK
135,1712691570.7912683,38757.63867227,186200.0,-0.0,190400.0,ASK
136,1712691600.521803,38757.63867227,186200.0,-0.0,190400.0,ASK
137,1712691627.991584,38757.67639795,186200.0,-4.879950561671648e-12,190400.0,ASK
138,1712691630.5137668,38757.67639795,186200.0,-0.0,190400.0,ASK
139,1712691660.8015194,38757.67639795,186200.0,-0.0,190400.0,ASK
140,1712691690.801418,38757.67639795,186200.0,-0.0,190400.0,ASK
141,1712691703.89199,38757.93496491,186600.0,3.3446523294956936e-11,190400.0,BID
142,1712691703.8951805,38758.21216007,186600.0,3.585614487029203e-11,190400.0,BID
143,1712691707.261657,38758.47050903,186550.0,-3.341832424790954e-11,190400.0,ASK
144,1712691720.534361,38758.47050903,186550.0,-0.0,190400.0,ASK
145,1712691730.0717702,38758.52414271,186450.0,-6.937567533611652e-12,190400.0,ASK
146,1712691750.5216055,38758.52414271,186450.0,-0.0,190400.0,ASK
147,1712691766.9560854,38760.04326773,186600.0,1.965000124176936e-10,190400.0,BID
148,1712691767.091417,38761.17803836,186600.0,1.4678347071540856e-10,190400.0,BID
149,1712691767.1766956,38762.02679194,186600.0,1.0978694104437404e-10,190400.0,BID
150,1712691780.805284,38762.02679194,186600.0,0.0,190400.0,BID
151,1712691810.8412423,38762.02679194,186600.0,0.0,190400.0,BID
152,1712691840.5013254,38762.02679194,186600.0,0.0,190400.0,BID
153,1712691870.5231748,38762.02679194,186600.0,0.0,190400.0,BID
154,1712691897.1212792,38762.71137568,186650.0,8.854395775549955e-11,190400.0,BID
155,1712691900.5556016,38762.71137568,186650.0,0.0,190400.0,BID
156,1712691930.5212684,38762.71137568,186650.0,0.0,190400.0,BID
157,1712691937.5715282,38764.53048755,186600.0,2.352814083025094e-10,190400.0,BID
158,1712691960.7919328,38764.53048755,186600.0,0.0,190400.0,BID
159,1712691990.791351,38764.53048755,186600.0,0.0,190400.0,BID
160,1712692020.4969091,38764.53048755,186600.0,0.0,190400.0,BID
161,1712692050.531262,38764.53048755,186600.0,0.0,190400.0,BID
162,1712692066.001695,38764.75424692,186600.0,-2.8939456281353002e-11,190400.0,ASK
163,1712692067.121313,38764.92506149,186600.0,2.2091949851667112e-11,190400.0,BID
164,1712692080.774893,38764.92506149,186600.0,0.0,190400.0,BID
165,1712692085.0920303,38764.98964873,186700.0,8.353177834900349e-12,190400.0,BID
166,1712692085.0954669,38765.30908413,186750.0,4.131312474478906e-11,190400.0,BID
167,1712692086.8917952,38765.43825861,186800.0,1.6706355669800698e-11,190400.0,BID
168,1712692086.894162,38774.01882321,186750.0,1.1097390448892795e-09,190400.0,BID
169,1712692086.896515,38781.80617533,186850.0,1.007151522857416e-09,190400.0,BID
170,1712692110.803988,38781.80617533,186850.0,0.0,190400.0,BID
171,1712692130.281662,38790.4977728,186800.0,1.1236408657737612e-09,190400.0,BID
172,1712692140.5343244,38790.4977728,186800.0,0.0,190400.0,BID
173,1712692163.4817386,38791.62240962,186550.0,-1.4536139149932854e-10,190400.0,ASK
174,1712692170.3535242,38791.95929291,186500.0,4.354278904672549e-11,190400.0,BID
175,1712692170.5115194,38791.95929291,186500.0,0.0,190400.0,BID
176,1712692171.2115707,38795.82317568,186400.0,-4.993964051776843e-10,190400.0,ASK
177,1712692171.213912,38795.90777331,186400.0,-1.0934015036662196e-11,190400.0,ASK
178,1712692174.1815343,38797.2764084,186400.0,-1.7689238639806375e-10,190400.0,ASK
179,1712692174.1839757,38799.08610976,186400.0,-2.338990097333458e-10,190400.0,ASK
180,1712692192.451325,38803.38273096,186150.0,-5.553266777016711e-10,190400.0,ASK
181,1712692192.5512931,38808.35488854,186150.0,6.42637929056548e-10,190400.0,BID
182,1712692192.571254,38828.54349501,186150.0,2.609322822874112e-09,190400.0,BID
183,1712692200.5750563,38828.54349501,186150.0,0.0,190400.0,BID
184,1712692230.5133126,38828.54349501,186150.0,0.0,190400.0,BID
185,1712692260.7912128,38828.54349501,186150.0,0.0,190400.0,BID
186,1712692290.7915325,38828.54349501,186150.0,0.0,190400.0,BID
187,1712692320.5373018,38828.54349501,186150.0,0.0,190400.0,BID
188,1712692350.5342233,38828.54349501,186150.0,0.0,190400.0,BID
189,1712692380.7913897,38828.54349501,186150.0,0.0,190400.0,BID
190,1712692410.8154168,38828.54349501,186150.0,0.0,190400.0,BID
191,1712692440.481961,38828.54349501,186150.0,0.0,190400.0,BID
192,1712692470.5314815,38828.54349501,186150.0,0.0,190400.0,BID
193,1712692488.361303,38833.90111622,186650.0,6.919787684126085e-10,190400.0,BID
194,1712692500.783661,38833.90111622,186650.0,0.0,190400.0,BID
195,1712692530.8112576,38833.90111622,186650.0,0.0,190400.0,BID
196,1712692560.5338666,38833.90111622,186650.0,0.0,190400.0,BID
197,1712692590.5013564,38833.90111622,186650.0,0.0,190400.0,BID
198,1712692595.7815578,38834.16899728,186650.0,3.4904388699854856e-11,190400.0,BID
199,1712692620.793723,38834.16899728,186650.0,0.0,190400.0,BID
200,1712692650.8129077,38834.16899728,186650.0,0.0,190400.0,BID
201,1712692680.5631807,38834.16899728,186650.0,0.0,190400.0,BID
202,1712692710.5552418,38834.16899728,186650.0,0.0,190400.0,BID
203,1712692724.6594942,38834.69219675,186650.0,6.81714440506581e-11,190400.0,BID
204,1712692724.779473,38835.08773702,186700.0,5.1537803327925326e-11,190400.0,BID
205,1712692740.7721803,38835.08773702,186700.0,0.0,190400.0,BID
206,1712692752.8390164,38835.23191032,186800.0,1.8784962508487297e-11,190400.0,BID
207,1712692752.848852,38835.30399697,186800.0,9.39248125424365e-12,190400.0,BID
208,1712692752.9590192,38842.08645257,186850.0,-8.83715460251397e-10,190400.0,ASK
209,1712692770.788884,38842.08645257,186850.0,-0.0,190400.0,ASK
210,1712692783.1282854,38842.43545659,186550.0,-4.546549581383009e-11,190400.0,ASK
211,1712692800.660619,38842.43545659,186550.0,-0.0,190400.0,ASK
212,1712692830.4977777,38842.43545659,186550.0,-0.0,190400.0,ASK
213,1712692860.7968502,38842.43545659,186550.0,-0.0,190400.0,ASK
214,1712692890.7864728,38842.43545659,186550.0,-0.0,190400.0,ASK
215,1712692920.510709,38842.43545659,186550.0,-0.0,190400.0,ASK
216,1712692934.265902,38842.92833369,186550.0,6.435102785704559e-11,190400.0,BID
217,1712692934.5461016,38845.07307445,186550.0,2.8002167760267876e-10,190400.0,BID
218,1712692934.5493357,38846.28260258,186550.0,1.5791843116225819e-10,190400.0,BID
219,1712692940.0260253,38850.40790845,186950.0,5.386082513472596e-10,190400.0,BID
220,1712692940.0293858,38851.4997087,186900.0,1.425476418008758e-10,190400.0,BID
221,1712692950.5172515,38851.4997087,186900.0,0.0,190400.0,BID
222,1712692980.8011236,38851.4997087,186900.0,0.0,190400.0,BID
223,1712693010.7847464,38851.4997087,186900.0,0.0,190400.0,BID
224,1712693040.490193,38851.4997087,186900.0,0.0,190400.0,BID
225,1712693069.854608,38852.56884775,186450.0,-1.3955810228439468e-10,190400.0,ASK
226,1712693069.8579462,38861.46884775,186350.0,-1.16174515403934e-09,190400.0,ASK
227,1712693069.8611672,38867.9967999,186200.0,-8.52114244501065e-10,190400.0,ASK
228,1712693070.5240514,38867.9967999,186200.0,-0.0,190400.0,ASK
229,1712693100.783724,38867.9967999,186200.0,-0.0,190400.0,ASK
230,1712693122.0737977,38868.15809022,186200.0,-2.1163276388662187e-11,190400.0,ASK
231,1712693130.816794,38868.15809022,186200.0,-0.0,190400.0,ASK
232,1712693160.5167096,38868.15809022,186200.0,-0.0,190400.0,ASK
233,1712693190.493899,38868.15809022,186200.0,-0.0,190400.0,ASK
234,1712693205.6930752,38868.31938054,186650.0,2.1163192992940207e-11,190400.0,BID
235,1712693205.6960905,38870.83085813,186900.0,3.2953549186666e-10,190400.0,BID
236,1712693220.8056688,38870.83085813,186900.0,0.0,190400.0,BID
237,1712693250.7920246,38870.83085813,186900.0,0.0,190400.0,BID
238,1712693280.5018282,38870.83085813,186900.0,0.0,190400.0,BID
239,1712693301.4119165,38870.93237116,186950.0,1.3318834332977104e-11,190400.0,BID
240,1712693301.415527,38871.11850723,186950.0,2.4421647937194903e-11,190400.0,BID
241,1712693307.8721554,38871.22020949,186900.0,1.3343661914271694e-11,190400.0,BID
242,1712693310.521781,38871.22020949,186900.0,0.0,190400.0,BID
243,1712693340.7912672,38871.22020949,186900.0,0.0,190400.0,BID
244,1712693345.491113,38872.01346517,186750.0,-1.0407668940283587e-10,190400.0,ASK
245,1712693370.7807715,38872.01346517,186750.0,-0.0,190400.0,ASK
246,1712693400.5521708,38872.01346517,186750.0,-0.0,190400.0,ASK
247,1712693430.511467,38872.01346517,186750.0,-0.0,190400.0,ASK
248,1712693460.7822702,38872.01346517,186750.0,-0.0,190400.0,ASK
249,1712693469.8914702,38872.41009301,186750.0,5.204391465714408e-11,190400.0,BID
250,1712693486.800277,38872.8614678,186750.0,5.922758989591164e-11,190400.0,BID
251,1712693490.7936382,38872.8614678,186750.0,0.0,190400.0,BID
252,1712693520.5019484,38872.8614678,186750.0,0.0,190400.0,BID
253,1712693550.526052,38872.8614678,186750.0,0.0,190400.0,BID
254,1712693568.6599755,38873.04760388,186900.0,2.4423522477375104e-11,190400.0,BID
255,1712693568.6637406,38873.8614678,187000.0,1.0678974084013583e-10,190400.0,BID
256,1712693580.762791,38873.8614678,187000.0,0.0,190400.0,BID
257,1712693610.8092024,38873.8614678,187000.0,0.0,190400.0,BID
258,1712693640.5801084,38873.8614678,187000.0,0.0,190400.0,BID
259,1712693670.4965224,38873.8614678,187000.0,0.0,190400.0,BID
260,1712693700.5387146,38873.8614678,187000.0,0.0,190400.0,BID
261,1712693730.52126,38873.8614678,187000.0,0.0,190400.0,BID
262,1712693760.7625284,38873.8614678,187000.0,0.0,190400.0,BID
263,1712693790.7883244,38873.8614678,187000.0,0.0,190400.0,BID
264,1712693794.7380643,38874.05978172,186900.0,2.606138396238192e-11,190400.0,BID
265,1712693820.5016675,38874.05978172,186900.0,0.0,190400.0,BID
266,1712693850.5180278,38874.05978172,186900.0,0.0,190400.0,BID
267,1712693880.76213,38874.05978172,186900.0,0.0,190400.0,BID
268,1712693910.787409,38874.05978172,186900.0,0.0,190400.0,BID
269,1712693940.5116112,38874.05978172,186900.0,0.0,190400.0,BID
270,1712693945.8676145,38874.15873877,187400.0,1.3004357505350922e-11,190400.0,BID
271,1712693946.1072814,38874.1864869,187400.0,3.646497168644627e-12,190400.0,BID
272,1712693960.1572924,38876.85600104,187300.0,-3.5081195573171914e-10,190400.0,ASK
273,1712693970.4904983,38876.85600104,187300.0,-0.0,190400.0,ASK
274,1712693976.9076965,38876.90997861,187050.0,-7.0929287791937215e-12,190400.0,ASK
275,1712693978.9541583,38877.00913557,187250.0,-1.3029731707458012e-11,190400.0,ASK
276,1712693981.6102283,38877.05871405,187250.0,-6.514865853729006e-12,190400.0,ASK
277,1712693992.2219598,38879.72822819,187300.0,3.507878119003632e-10,190400.0,BID
278,1712693993.7476833,38880.76923486,187250.0,-1.3679360093046831e-10,190400.0,ASK
279,1712693993.751525,38883.93416142,187250.0,-4.1588753780053776e-10,190400.0,ASK
280,1712694000.5570946,38883.93416142,187250.0,-0.0,190400.0,ASK
281,1712694005.437279,38885.51541075,187300.0,2.0777394545736966e-10,190400.0,BID
282,1712694024.557573,38885.91052553,187300.0,5.191752824333927e-11,190400.0,BID
283,1712694030.4914138,38885.91052553,187300.0,0.0,190400.0,BID
284,1712694053.9869895,38885.95804288,187300.0,6.243409502376803e-12,190400.0,BID
285,1712694060.7713337,38885.95804288,187300.0,0.0,190400.0,BID
286,1712694074.2566965,38886.01143316,187300.0,7.015058534156567e-12,190400.0,BID
287,1712694079.3567774,38886.09151858,187300.0,1.0522587802190852e-11,190400.0,BID
288,1712694090.7769134,38886.09151858,187300.0,0.0,190400.0,BID
289,1712694120.48299,38886.09151858,187300.0,0.0,190400.0,BID
290,1712694150.531178,38886.09151858,187300.0,0.0,190400.0,BID
291,1712694167.4262087,38895.75971171,187300.0,1.270319577824871e-09,190400.0,BID
292,1712694172.5675735,38896.28021504,187300.0,6.838977682097027e-11,190400.0,BID
293,1712694172.5712936,38897.34457172,187300.0,1.3984755064474255e-10,190400.0,BID
294,1712694172.5748763,38898.59582809,187300.0,1.644046040781338e-10,190400.0,BID
295,1712694172.5771756,38898.62801692,187300.0,4.229342586492181e-12,190400.0,BID
296,1712694172.6483417,38902.98357441,187300.0,-5.722837636239293e-10,190400.0,ASK
297,1712694180.77939,38902.98357441,187300.0,-0.0,190400.0,ASK
298,1712694184.6263337,38923.98881297,187200.0,-2.7587655265549753e-09,190400.0,ASK
299,1712694184.6460764,38931.58645245,187200.0,-9.978513607808704e-10,190400.0,ASK
300,1712694210.8062575,38931.58645245,187200.0,-0.0,190400.0,ASK
301,1712694240.5088408,38931.58645245,187200.0,-0.0,190400.0,ASK
302,1712694270.4838035,38931.58645245,187200.0,-0.0,190400.0,ASK
303,1712694300.76893,38931.58645245,187200.0,-0.0,190400.0,ASK
304,1712694302.013453,38932.1722929,187100.0,-7.688901475350064e-11,190400.0,ASK
305,1712694330.775834,38932.1722929,187100.0,-0.0,190400.0,ASK
306,1712694360.515535,38932.1722929,187100.0,-0.0,190400.0,ASK
307,1712694390.508164,38932.1722929,187100.0,-0.0,190400.0,ASK
308,1712694420.035191,38960.77517094,186900.0,3.753949516166467e-09,190400.0,BID
309,1712694420.7999306,38960.77517094,186900.0,0.0,190400.0,BID
310,1712694439.8812304,39006.86187094,186900.0,6.0443514089484e-09,190400.0,BID
311,1712694445.0752437,39006.89397366,186900.0,4.210327943751257e-12,190400.0,BID
312,1712694448.8470776,39014.49781266,186900.0,9.972568001849875e-10,190400.0,BID
313,1712694450.807845,39014.49781266,186900.0,0.0,190400.0,BID
314,1712694456.8951826,39016.97881266,186900.0,3.2495956717335405e-10,190400.0,BID
315,1712694480.4849112,39016.97881266,186900.0,0.0,190400.0,BID
316,1712694498.1969247,39017.247053,186600.0,-3.5131790006503706e-11,190400.0,ASK
317,1712694510.47497,39017.247053,186600.0,-0.0,190400.0,ASK
318,1712694513.634788,39025.93865047,186600.0,1.1383424856828114e-09,190400.0,BID
319,1712694540.5073872,39025.93865047,186600.0,0.0,190400.0,BID
320,1712694555.505428,39045.87434251,186600.0,-2.6104321867896807e-09,190400.0,ASK
321,1712694555.5082183,39054.77434251,186500.0,-1.1653895142351791e-09,190400.0,ASK
322,1712694555.5109828,39055.80781255,186800.0,-1.3532529751665598e-10,190400.0,ASK
323,1712694555.51363,39057.99636099,186750.0,-2.8657431498518376e-10,190400.0,ASK
324,1712694555.516308,39516.10197999,186500.0,-5.99855600892956e-08,190400.0,ASK
325,1712694570.5445886,39516.10197999,186500.0,-0.0,190400.0,ASK
326,1712694575.4445715,39543.45558961,186900.0,3.5393855034392713e-09,190400.0,BID
327,1712694600.8784354,39543.45558961,186900.0,0.0,190400.0,BID
328,1712694630.7742932,39543.45558961,186900.0,0.0,190400.0,BID
329,1712694632.4244678,39543.53069691,186900.0,9.714575181776558e-12,190400.0,BID
330,1712694660.485049,39543.53069691,186900.0,0.0,190400.0,BID
331,1712694690.5370276,39543.53069691,186900.0,0.0,190400.0,BID
332,1712694720.784784,39543.53069691,186900.0,0.0,190400.0,BID
333,1712694746.785209,39550.71622928,186900.0,-9.293939163007831e-10,190400.0,ASK
334,1712694747.004805,39554.7514179,186900.0,5.219209324297557e-10,190400.0,BID
335,1712694750.764773,39554.7514179,186900.0,0.0,190400.0,BID
336,1712694780.538818,39554.7514179,186900.0,0.0,190400.0,BID
337,1712694804.105707,39554.81906617,186550.0,-8.747416047591129e-12,190400.0,ASK
338,1712694810.4689898,39554.81906617,186550.0,-0.0,190400.0,ASK
339,1712694840.8380756,39554.81906617,186550.0,-0.0,190400.0,ASK
340,1712694870.776024,39554.81906617,186550.0,-0.0,190400.0,ASK
341,1712694900.5197072,39554.81906617,186550.0,-0.0,190400.0,ASK
342,1712694930.5063558,39554.81906617,186550.0,-0.0,190400.0,ASK
343,1712694960.7672117,39554.81906617,186550.0,-0.0,190400.0,ASK
344,1712694990.7865334,39554.81906617,186550.0,-0.0,190400.0,ASK
345,1712695007.636725,39565.41970087,186250.0,-1.3709182032297287e-09,190400.0,ASK
346,1712695020.4868605,39565.41970087,186250.0,-0.0,190400.0,ASK
347,1712695034.9971511,39566.16236503,186550.0,-9.601990331950616e-11,190400.0,ASK
348,1712695050.5168762,39566.16236503,186550.0,-0.0,190400.0,ASK
349,1712695080.8020697,39566.16236503,186550.0,-0.0,190400.0,ASK
350,1712695110.7833714,39566.16236503,186550.0,-0.0,190400.0,ASK
351,1712695140.500421,39566.16236503,186550.0,-0.0,190400.0,ASK
352,1712695170.492308,39566.16236503,186550.0,-0.0,190400.0,ASK
353,1712695176.847422,39566.26957489,186550.0,1.3861037805742799e-11,190400.0,BID
354,1712695200.5834274,39566.26957489,186550.0,0.0,190400.0,BID
355,1712695230.5012062,39566.26957489,186550.0,0.0,190400.0,BID
356,1712695260.7722473,39566.26957489,186550.0,0.0,190400.0,BID
357,1712695290.7876542,39566.26957489,186550.0,0.0,190400.0,BID
358,1712695320.492391,39566.26957489,186550.0,0.0,190400.0,BID
359,1712695350.4800231,39566.26957489,186550.0,0.0,190400.0,BID
360,1712695380.7685506,39566.26957489,186550.0,0.0,190400.0,BID
361,1712695410.780281,39566.26957489,186550.0,0.0,190400.0,BID
362,1712695440.4981823,39566.26957489,186550.0,0.0,190400.0,BID
363,1712695470.5022645,39566.26957489,186550.0,0.0,190400.0,BID
364,1712695500.523107,39566.26957489,186550.0,0.0,190400.0,BID
365,1712695530.5181448,39566.26957489,186550.0,0.0,190400.0,BID
366,1712695560.7888527,39566.26957489,186550.0,0.0,190400.0,BID
367,1712695590.778223,39566.26957489,186550.0,0.0,190400.0,BID
368,1712695620.5482457,39566.26957489,186550.0,0.0,190400.0,BID
369,1712695626.4783993,39566.32333834,186150.0,-6.9683959185947755e-12,190400.0,ASK
370,1712695628.0284407,39566.37710179,186150.0,-6.9683959185947755e-12,190400.0,ASK
371,1712695629.4081068,39566.43086524,186150.0,-6.9683959185947755e-12,190400.0,ASK
372,1712695644.2386143,39566.93086524,186150.0,-6.480607102628698e-11,190400.0,ASK
373,1712695650.4911902,39566.93086524,186150.0,-0.0,190400.0,ASK
374,1712695671.7783158,39576.08806411,186150.0,-1.1868652241286595e-09,190400.0,ASK
375,1712695671.7885125,39583.10337197,186150.0,-9.092545715987535e-10,190400.0,ASK
376,1712695680.807942,39583.10337197,186150.0,-0.0,190400.0,ASK
377,1712695689.6982238,39583.32789501,186150.0,-2.9089097499073528e-11,190400.0,ASK
378,1712695700.6583965,39588.46918568,186150.0,-6.661031561413072e-10,190400.0,ASK
379,1712695710.768762,39588.46918568,186150.0,-0.0,190400.0,ASK
380,1712695740.5016572,39588.46918568,186150.0,-0.0,190400.0,ASK
381,1712695770.5229514,39588.46918568,186150.0,-0.0,190400.0,ASK
382,1712695800.6033864,39588.46918568,186150.0,-0.0,190400.0,ASK
383,1712695830.4927962,39588.46918568,186150.0,-0.0,190400.0,ASK
384,1712695848.2435071,39590.08078923,186150.0,-2.0926955687223856e-10,190400.0,ASK
385,1712695860.783869,39590.08078923,186150.0,-0.0,190400.0,ASK
386,1712695861.068154,39591.63271398,186300.0,2.0151230965779348e-10,190400.0,BID
387,1712695890.7881253,39591.63271398,186300.0,0.0,190400.0,BID
388,1712695920.4784255,39591.63271398,186300.0,0.0,190400.0,BID
389,1712695950.4962263,39591.63271398,186300.0,0.0,190400.0,BID
390,1712695957.578202,39593.16357984,186300.0,1.987704200682252e-10,190400.0,BID
391,1712695980.807969,39593.16357984,186300.0,0.0,190400.0,BID
392,1712695996.1184072,39598.74085241,186300.0,7.241364444047373e-10,190400.0,BID
393,1712695996.123459,39598.79452928,186300.0,6.969244787364806e-12,190400.0,BID
394,1712696010.788533,39598.79452928,186300.0,0.0,190400.0,BID
395,1712696011.010838,39601.40748052,186300.0,-3.3921159737186816e-10,190400.0,ASK
396,1712696040.5316558,39601.40748052,186300.0,-0.0,190400.0,ASK
397,1712696070.5242467,39601.40748052,186300.0,-0.0,190400.0,ASK
398,1712696100.778818,39601.40748052,186300.0,-0.0,190400.0,ASK
399,1712696130.7581809,39601.40748052,186300.0,-0.0,190400.0,ASK
400,1712696160.4717724,39601.40748052,186300.0,-0.0,190400.0,ASK
401,1712696190.502533,39601.40748052,186300.0,-0.0,190400.0,ASK
402,1712696220.767804,39601.40748052,186300.0,-0.0,190400.0,ASK
403,1712696243.7377665,39601.94367354,186500.0,6.98494259408637e-11,190400.0,BID
404,1712696250.7989748,39601.94367354,186500.0,0.0,190400.0,BID
405,1712696270.447786,39602.44700116,186350.0,-6.556722303774401e-11,190400.0,ASK
406,1712696280.507564,39602.44700116,186350.0,-0.0,190400.0,ASK
407,1712696303.6724148,39604.32728436,186150.0,-2.44936770241903e-10,190400.0,ASK
408,1712696303.678649,39607.012549,186250.0,-3.4979839641517984e-10,190400.0,ASK
409,1712696303.682211,39611.59927202,186150.0,-5.97493570390563e-10,190400.0,ASK
410,1712696303.6842086,39741.79276682,186050.0,-1.6959771869905256e-08,190400.0,ASK
411,1712696303.6862123,39746.24723515,186300.0,-5.80265295086568e-10,190400.0,ASK
412,1712696303.6882348,39746.35792008,186150.0,-1.4418471254680364e-11,190400.0,ASK
413,1712696303.6902704,39747.21203881,186300.0,-1.1126253913731842e-10,190400.0,ASK
414,1712696303.6923122,39764.06117769,186150.0,-2.194868123388627e-09,190400.0,ASK
415,1712696303.747501,39765.16669761,186350.0,1.440115396681774e-10,190400.0,BID
416,1712696310.4781802,39765.16669761,186350.0,0.0,190400.0,BID
417,1712696340.800711,39765.16669761,186350.0,0.0,190400.0,BID
418,1712696370.7874317,39765.16669761,186350.0,0.0,190400.0,BID
419,1712696400.669992,39765.16669761,186350.0,0.0,190400.0,BID
420,1712696429.3875134,39765.70289063,186500.0,6.963307137553834e-11,190400.0,BID
421,1712696430.5083294,39765.70289063,186500.0,0.0,190400.0,BID
422,1712696432.237465,39766.42124855,186350.0,-9.328882856171919e-11,190400.0,ASK
423,1712696460.7921667,39766.42124855,186350.0,-0.0,190400.0,ASK
424,1712696490.777661,39766.42124855,186350.0,-0.0,190400.0,ASK
425,1712696503.9273005,39767.71370175,186350.0,1.6784021671933374e-10,190400.0,BID
426,1712696520.487265,39767.71370175,186350.0,0.0,190400.0,BID
427,1712696550.513826,39767.71370175,186350.0,0.0,190400.0,BID
428,1712696580.7573776,39767.71370175,186350.0,0.0,190400.0,BID
429,1712696610.8171144,39767.71370175,186350.0,0.0,190400.0,BID
430,1712696640.468206,39767.71370175,186350.0,0.0,190400.0,BID
431,1712696670.480286,39767.71370175,186350.0,0.0,190400.0,BID
432,1712696700.787107,39767.71370175,186350.0,0.0,190400.0,BID
433,1712696715.857533,39767.81370175,186000.0,1.299622073966185e-11,190400.0,BID
434,1712696730.790137,39767.81370175,186000.0,0.0,190400.0,BID
435,1712696760.5009832,39767.81370175,186000.0,0.0,190400.0,BID
436,1712696783.551866,39768.28720443,186000.0,-6.153730474854383e-11,190400.0,ASK
437,1712696790.5116422,39768.28720443,186000.0,-0.0,190400.0,ASK
438,1712696820.7825956,39768.28720443,186000.0,-0.0,190400.0,ASK
439,1712696824.295225,39768.31829623,185850.0,-4.040702942133514e-12,190400.0,ASK
440,1712696825.3826668,39798.31829623,185800.0,-3.898812171695173e-09,190400.0,ASK
441,1712696826.279807,39798.35039895,185750.0,-4.1720825165803616e-12,190400.0,ASK
442,1712696826.9095926,39810.74829991,185800.0,1.611236238877399e-09,190400.0,BID
443,1712696827.9497075,39811.98810077,185800.0,1.6112502278145714e-10,190400.0,BID
444,1712696828.1095622,39812.14952127,185800.0,2.0978273672106404e-11,190400.0,BID
445,1712696828.934408,39812.27342331,185800.0,1.6102359387718e-11,190400.0,BID
446,1712696830.7909386,39812.45888452,185750.0,-2.4102614097462423e-11,190400.0,ASK
447,1712696832.9994702,39812.54366858,185650.0,-1.1018570836923724e-11,190400.0,ASK
448,1712696850.7540777,39812.54366858,185650.0,-0.0,190400.0,ASK
449,1712696880.4965484,39812.54366858,185650.0,-0.0,190400.0,ASK
450,1712696884.5207405,39813.31848148,185650.0,1.005875067891566e-10,190400.0,BID
451,1712696900.4716847,39816.00685607,185800.0,3.4900928640379916e-10,190400.0,BID
452,1712696906.731201,39816.03914886,185800.0,4.192304017100453e-12,190400.0,BID
453,1712696910.5267117,39816.03914886,185800.0,0.0,190400.0,BID
454,1712696940.7731524,39816.03914886,185800.0,0.0,190400.0,BID
455,1712696970.8026505,39816.03914886,185800.0,0.0,190400.0,BID
456,1712697000.549934,39816.03914886,185800.0,0.0,190400.0,BID
457,1712697030.5336287,39816.03914886,185800.0,0.0,190400.0,BID
458,1712697060.804363,39816.03914886,185800.0,0.0,190400.0,BID
459,1712697065.6544237,39816.14894386,185800.0,-1.4261788782836254e-11,190400.0,ASK
460,1712697068.0442123,39816.14894433,185800.0,-6.105116373268283e-17,190400.0,ASK
461,1712697076.0750704,39816.25673198,185550.0,-1.4001044653431963e-11,190400.0,ASK
462,1712697076.0782504,39816.32873198,185600.0,-9.352418529050072e-12,190400.0,ASK
463,1712697076.0821643,39824.73664108,185550.0,-1.0921428452403004e-09,190400.0,ASK
464,1712697076.0860736,39832.44538635,185300.0,-1.0013251680382846e-09,190400.0,ASK
465,1712697076.0894134,39833.09922152,185350.0,-8.492972442838317e-11,190400.0,ASK
466,1712697076.0916438,39861.01686977,185300.0,-3.6263545941715566e-09,190400.0,ASK
467,1712697078.1845794,39861.58589022,185800.0,7.391274166622884e-11,190400.0,BID
468,1712697090.794728,39861.58589022,185800.0,0.0,190400.0,BID
469,1712697097.43494,39862.04674544,185800.0,5.979707703372992e-11,190400.0,BID
470,1712697120.5273986,39862.04674544,185800.0,0.0,190400.0,BID
471,1712697150.5002012,39862.04674544,185800.0,0.0,190400.0,BID
472,1712697180.810361,39862.04674544,185800.0,0.0,190400.0,BID
473,1712697183.206058,40222.90677227,185350.0,-4.6821939183478286e-08,190400.0,ASK
474,1712697183.216111,40280.47540757,185350.0,-7.469586378327773e-09,190400.0,ASK
475,1712697204.9465463,40280.8283681,185750.0,4.579697179347802e-11,190400.0,BID
476,1712697210.816611,40280.8283681,185750.0,0.0,190400.0,BID
477,1712697240.4873605,40280.8283681,185750.0,0.0,190400.0,BID
478,1712697245.5492845,40281.54903422,186050.0,9.257476812983428e-11,190400.0,BID
479,1712697270.5220635,40281.54903422,186050.0,0.0,190400.0,BID
480,1712697287.7775254,40285.88063353,186050.0,5.56415632933279e-10,190400.0,BID
481,1712697300.511665,40285.88063353,186050.0,0.0,190400.0,BID
482,1712697318.3136914,40285.93063353,186050.0,6.443807657580155e-12,190400.0,BID
483,1712697330.5144231,40285.93063353,186050.0,0.0,190400.0,BID
484,1712697360.8121848,40285.93063353,186050.0,0.0,190400.0,BID
485,1712697390.797739,40285.93063353,186050.0,0.0,190400.0,BID
486,1712697420.5327642,40285.93063353,186050.0,0.0,190400.0,BID
487,1712697438.7288327,40286.0089555,185800.0,1.0093822100865656e-11,190400.0,BID
488,1712697450.5126493,40286.0089555,185800.0,0.0,190400.0,BID
489,1712697478.439259,40286.16667659,185550.0,-2.032642486216761e-11,190400.0,ASK
490,1712697478.443989,40288.00669433,185550.0,-2.371336790609186e-10,190400.0,ASK
491,1712697480.789249,40288.00669433,185550.0,-0.0,190400.0,ASK
492,1712697481.5291634,40288.20040699,185500.0,-2.4963673132779967e-11,190400.0,ASK
493,1712697510.7936668,40288.20040699,185500.0,-0.0,190400.0,ASK
494,1712697540.514462,40288.20040699,185500.0,-0.0,190400.0,ASK
495,1712697545.509355,40288.25431534,185500.0,6.947115364674079e-12,190400.0,BID
496,1712697547.1599002,40288.41621534,185300.0,-2.086389172820993e-11,190400.0,ASK
497,1712697547.165908,40308.79382367,185300.0,-2.626042086843954e-09,190400.0,ASK
498,1712697547.1701272,40309.49151632,185300.0,-8.991095681639247e-11,190400.0,ASK
499,1712697570.53975,40309.49151632,185300.0,-0.0,190400.0,ASK
500,1712697591.1795316,40309.59755394,185550.0,1.3658018441601619e-11,190400.0,BID
501,1712697600.560058,40309.59755394,185550.0,0.0,190400.0,BID
502,1712697630.513968,40309.59755394,185550.0,0.0,190400.0,BID
503,1712697633.1704478,40341.93385143,185300.0,-4.165951984574971e-09,190400.0,ASK
504,1712697634.5603333,40342.13022939,185200.0,-2.529977813417427e-11,190400.0,ASK
505,1712697634.564968,40342.30532928,185200.0,-2.2558480434569128e-11,190400.0,ASK
506,1712697635.5402064,40342.47171464,185150.0,-2.143576953720673e-11,190400.0,ASK
507,1712697638.0523758,40342.58189557,185150.0,1.4194836751012398e-11,190400.0,BID
508,1712697651.060438,40342.88189557,184900.0,-3.8649619541036237e-11,190400.0,ASK
509,1712697660.5612435,40342.88189557,184900.0,-0.0,190400.0,ASK
510,1712697687.3304646,40343.04405773,185000.0,2.0875099492532283e-11,190400.0,BID
511,1712697690.5143895,40343.04405773,185000.0,0.0,190400.0,BID
512,1712697720.7977915,40343.04405773,185000.0,0.0,190400.0,BID
513,1712697725.4107206,40343.07405773,184800.0,-3.861878543151521e-12,190400.0,ASK
514,1712697732.7424116,40343.36240836,184800.0,3.7119170364634794e-11,190400.0,BID
515,1712697737.6707351,40343.44249378,184800.0,-1.0309338837487558e-11,190400.0,ASK
516,1712697739.3607776,40343.47249378,184800.0,-3.861878543151521e-12,190400.0,ASK
517,1712697750.7982726,40343.47249378,184800.0,-0.0,190400.0,ASK
518,1712697780.5268917,40343.47249378,184800.0,-0.0,190400.0,ASK
519,1712697806.1412227,40343.72543317,184800.0,-3.256037490721607e-11,190400.0,ASK
520,1712697806.1459515,40348.88690466,184600.0,-6.644257613833506e-10,190400.0,ASK
521,1712697810.510985,40348.88690466,184600.0,-0.0,190400.0,ASK
522,1712697811.2309136,40349.04806466,184900.0,2.074313106818315e-11,190400.0,BID
523,1712697820.7911992,40353.50789531,184900.0,5.740310977738608e-10,190400.0,BID
524,1712697840.7951517,40353.50789531,184900.0,0.0,190400.0,BID
525,1712697870.786261,40353.50789531,184900.0,0.0,190400.0,BID
526,1712697895.1121645,40362.40789531,185000.0,1.145405597318385e-09,190400.0,BID
527,1712697895.1171803,40363.5824709,185000.0,1.5116465789397187e-10,190400.0,BID
528,1712697895.1219337,40374.20378514,185100.0,1.3669340203789574e-09,190400.0,BID
529,1712697895.1250403,40374.85988742,185000.0,8.443856448617478e-11,190400.0,BID
530,1712697900.495667,40374.85988742,185000.0,0.0,190400.0,BID
531,1712697930.5261352,40374.85988742,185000.0,0.0,190400.0,BID
532,1712697960.662035,40374.94029481,184500.0,-1.0345341776331528e-11,190400.0,ASK
533,1712697960.7821116,40374.94029481,184500.0,-0.0,190400.0,ASK
534,1712697960.8056412,40375.0207022,184500.0,-1.034532203005442e-11,190400.0,ASK
535,1712697990.8025131,40375.0207022,184500.0,-0.0,190400.0,ASK
536,1712698020.547085,40375.0207022,184500.0,-0.0,190400.0,ASK
537,1712698050.488215,40375.0207022,184500.0,-0.0,190400.0,ASK
538,1712698062.792208,40375.07482939,184750.0,6.964063157973217e-12,190400.0,BID
539,1712698080.8304522,40375.07482939,184750.0,0.0,190400.0,BID
540,1712698103.3425322,40375.12029059,184400.0,-5.849079929576947e-12,190400.0,ASK
541,1712698103.6321924,40376.39723087,184400.0,-1.6429231440733955e-10,190400.0,ASK
542,1712698110.7895358,40376.39723087,184400.0,-0.0,190400.0,ASK
543,1712698140.552465,40376.39723087,184400.0,-0.0,190400.0,ASK
544,1712698170.5225158,40376.39723087,184400.0,-0.0,190400.0,ASK
545,1712698200.6526616,40376.39723087,184400.0,-0.0,190400.0,ASK
546,1712698230.5127091,40376.39723087,184400.0,-0.0,190400.0,ASK
547,1712698260.7728508,40376.39723087,184400.0,-0.0,190400.0,ASK
548,1712698285.5532043,40379.39723087,184750.0,3.8633748897545535e-10,190400.0,BID
549,1712698290.7831566,40379.39723087,184750.0,0.0,190400.0,BID
550,1712698320.522997,40379.39723087,184750.0,0.0,190400.0,BID
551,1712698350.5244918,40379.39723087,184750.0,0.0,190400.0,BID
552,1712698380.5552742,40379.39723087,184750.0,0.0,190400.0,BID
553,1712698410.5263495,40379.39723087,184750.0,0.0,190400.0,BID
554,1712698440.8033383,40379.39723087,184750.0,0.0,190400.0,BID
555,1712698470.7746286,40379.39723087,184750.0,0.0,190400.0,BID
556,1712698500.5535417,40379.39723087,184750.0,0.0,190400.0,BID
557,1712698525.4838922,40385.57422057,184800.0,-7.97029602210909e-10,190400.0,ASK
558,1712698525.48789,40386.16166158,184750.0,-7.579871381738452e-11,190400.0,ASK
559,1712698530.526276,40386.16166158,184750.0,-0.0,190400.0,ASK
560,1712698560.7737236,40386.16166158,184750.0,-0.0,190400.0,ASK
561,1712698590.7987945,40386.16166158,184750.0,-0.0,190400.0,ASK
562,1712698614.2940383,40386.18866671,185150.0,3.483965156215989e-12,190400.0,BID
563,1712698620.5425718,40386.18866671,185150.0,0.0,190400.0,BID
564,1712698650.5436876,40386.18866671,185150.0,0.0,190400.0,BID
565,1712698663.8354776,40386.22949846,185150.0,5.26775107324092e-12,190400.0,BID
566,1712698680.7956705,40386.22949846,185150.0,0.0,190400.0,BID
567,1712698710.783865,40386.22949846,185150.0,0.0,190400.0,BID
568,1712698740.494048,40386.22949846,185150.0,0.0,190400.0,BID
569,1712698770.524015,40386.22949846,185150.0,0.0,190400.0,BID
570,1712698776.644156,40386.49954976,185150.0,3.483959511437787e-11,190400.0,BID
571,1712698800.5233843,40386.49954976,185150.0,0.0,190400.0,BID
572,1712698830.5344548,40386.49954976,185150.0,0.0,190400.0,BID
573,1712698848.332815,40386.60973069,185100.0,1.421622170853828e-11,190400.0,BID
574,1712698860.8022103,40386.60973069,185100.0,0.0,190400.0,BID
575,1712698890.7847023,40386.60973069,185100.0,0.0,190400.0,BID
576,1712698920.541098,40386.60973069,185100.0,0.0,190400.0,BID
577,1712698950.522045,40386.60973069,185100.0,0.0,190400.0,BID
578,1712698980.7996118,40386.60973069,185100.0,0.0,190400.0,BID
579,1712698988.079635,40386.88036668,184750.0,-3.491902920257713e-11,190400.0,ASK
580,1712698988.083653,40414.28391278,184750.0,-3.535764871871684e-09,190400.0,ASK
581,1712698988.0993738,40414.44651278,184500.0,-2.0979597532897905e-11,190400.0,ASK
582,1712698988.1997411,40419.87097678,184350.0,-6.99895889019375e-10,190400.0,ASK
583,1712698988.2192929,40419.87097711,184350.0,-4.257771664946506e-17,190400.0,ASK
584,1712698988.2395482,40421.95977711,184350.0,2.6950912255777945e-10,190400.0,BID
585,1712698988.2592263,40423.38317711,184350.0,1.8365534519711707e-10,190400.0,BID
586,1712698988.2994792,40423.92547646,184350.0,6.997061565527302e-11,190400.0,BID
587,1712698988.3197167,40423.95769123,184200.0,-4.156536957949065e-12,190400.0,ASK
588,1712698988.3247128,40423.99569123,184200.0,-4.902980972489322e-12,190400.0,ASK
589,1712698988.3288572,40424.02389923,184250.0,-3.639560192453693e-12,190400.0,ASK
590,1712698988.3328094,40424.12547646,184200.0,-1.3106084895397644e-11,190400.0,ASK
591,1712698988.4197433,40425.91177646,184250.0,-2.3047881349279222e-10,190400.0,ASK
592,1712698988.4248192,40425.98788924,184200.0,-9.820513478119904e-12,190400.0,ASK
593,1712698988.429021,40426.51978924,184250.0,-6.862883104587181e-11,190400.0,ASK
594,1712698988.4329686,40451.82547646,184150.0,-3.265086919937954e-09,190400.0,ASK
595,1712698988.4597046,40455.71663339,184100.0,-5.020596945314803e-10,190400.0,ASK
596,1712698988.464775,40455.78863339,184100.0,-9.289858686396543e-12,190400.0,ASK
597,1712698988.4698873,40462.99840639,184150.0,-9.302468379283734e-10,190400.0,ASK
598,1712698988.4722445,40464.02547646,184100.0,-1.3251855293562667e-10,190400.0,ASK
599,1712698988.4805667,40468.49431953,184100.0,-5.765961196095606e-10,190400.0,ASK
600,1712698988.4849029,40468.52203692,184000.0,-3.576258837278228e-12,190400.0,ASK
601,1712698988.4890687,40468.57638474,184000.0,-7.0122717735230615e-12,190400.0,ASK
602,1712698988.4918983,40475.02019895,184050.0,-8.314183807245832e-10,190400.0,ASK
603,1712698988.4942732,40493.92606921,183800.0,-2.4393453202566118e-09,190400.0,ASK
604,1712698988.4966617,40493.96110509,183750.0,-4.520532974187375e-12,190400.0,ASK
605,1712698988.49905,40493.98887018,183900.0,-3.5824133685822762e-12,190400.0,ASK
606,1712698988.5014846,40495.6206352,183850.0,-2.105398117386022e-10,190400.0,ASK
607,1712698988.503868,40495.69985357,183750.0,-1.0221214758719307e-11,190400.0,ASK
608,1712698988.879891,40495.72755037,184200.0,-3.573602195794359e-12,190400.0,ASK
609,1712698988.88364,40496.78745037,183950.0,-1.3675446141246687e-10,190400.0,ASK
610,1712698988.8872168,40500.34756863,183900.0,-4.5934716030846303e-10,190400.0,ASK
611,1712698988.890728,40502.76784764,183900.0,-3.122784720074882e-10,190400.0,ASK
612,1712698988.8942268,40508.99985357,183750.0,-8.040896447549721e-10,190400.0,ASK
613,1712699010.7821631,40508.99985357,183750.0,-0.0,190400.0,ASK
614,1712699040.4890292,40508.99985357,183750.0,-0.0,190400.0,ASK
615,1712699048.448458,40519.69504073,183950.0,-1.375952845719481e-09,190400.0,ASK
616,1712699070.5307884,40519.69504073,183950.0,-0.0,190400.0,ASK
617,1712699076.4382026,40519.74932954,184200.0,6.982574452064275e-12,190400.0,BID
618,1712699100.5376563,40519.74932954,184200.0,0.0,190400.0,BID
619,1712699102.4476736,40522.04566486,183900.0,-2.9607007920081024e-10,190400.0,ASK
620,1712699102.4577053,40524.2852052,183900.0,-2.8874741422193755e-10,190400.0,ASK
621,1712699106.2481072,40524.51682247,183900.0,-2.986277434143525e-11,190400.0,ASK
622,1712699118.188205,40527.77606486,183900.0,-4.2021918320722304e-10,190400.0,ASK
623,1712699118.197786,40528.37412746,183900.0,-7.710913985739917e-11,190400.0,ASK
624,1712699118.2019582,40556.72413449,183750.0,-3.655210436211309e-09,190400.0,ASK
625,1712699118.247651,40559.9579496,184050.0,4.1694080450606836e-10,190400.0,BID
626,1712699130.5100758,40559.9579496,184050.0,0.0,190400.0,BID
627,1712699160.789165,40559.9579496,184050.0,0.0,190400.0,BID
628,1712699190.821013,40559.9579496,184050.0,0.0,190400.0,BID
629,1712699220.5174654,40559.9579496,184050.0,0.0,190400.0,BID
630,1712699237.9357388,40562.24545568,183750.0,-2.946509442138781e-10,190400.0,ASK
631,1712699250.505661,40562.24545568,183750.0,-0.0,190400.0,ASK
632,1712699253.816511,40562.66455156,183550.0,-5.3980320469461395e-11,190400.0,ASK
633,1712699253.8220167,40597.20710617,183400.0,-4.449144591135745e-09,190400.0,ASK
634,1712699253.8272426,40597.26648594,183700.0,-7.648223633916868e-12,190400.0,ASK
635,1712699253.8309376,40597.33848594,183400.0,-9.273732478072387e-12,190400.0,ASK
636,1712699253.833411,40612.46464184,183550.0,-1.948276711638445e-09,190400.0,ASK
637,1712699253.8358817,40613.46464184,183750.0,-1.288018399730194e-10,190400.0,ASK
638,1712699253.9760227,40618.34533598,183650.0,6.286423855770434e-10,190400.0,BID
639,1712699254.2759686,40619.05210998,183850.0,-9.103379164582242e-11,190400.0,ASK
640,1712699254.3355172,40619.0521106,183850.0,-7.985699912955843e-17,190400.0,ASK
641,1712699254.6557338,40619.75210998,183700.0,-9.016120812373958e-11,190400.0,ASK
642,1712699280.795346,40619.75210998,183700.0,-0.0,190400.0,ASK
643,1712699310.8052485,40619.75210998,183700.0,-0.0,190400.0,ASK
644,1712699340.5177882,40619.75210998,183700.0,-0.0,190400.0,ASK
645,1712699370.5328412,40619.75210998,183700.0,-0.0,190400.0,ASK
646,1712699400.5774932,40619.75210998,183700.0,-0.0,190400.0,ASK
647,1712699430.5070057,40619.75210998,183700.0,-0.0,190400.0,ASK
648,1712699460.7855508,40619.75210998,183700.0,-0.0,190400.0,ASK
649,1712699463.1482098,40620.43224202,184100.0,8.754313190323318e-11,190400.0,BID
650,1712699466.819449,40620.54305136,184100.0,1.4262813832550942e-11,190400.0,BID
651,1712699490.793376,40620.54305136,184100.0,0.0,190400.0,BID
652,1712699520.5438752,40620.54305136,184100.0,0.0,190400.0,BID
653,1712699550.502979,40620.54305136,184100.0,0.0,190400.0,BID
654,1712699556.6460173,40625.56959097,184000.0,-6.469784497011341e-10,190400.0,ASK
655,1712699580.7554755,40625.56959097,184000.0,-0.0,190400.0,ASK
656,1712699610.7757735,40625.56959097,184000.0,-0.0,190400.0,ASK
657,1712699640.5119755,40625.56959097,184000.0,-0.0,190400.0,ASK
658,1712699670.5151856,40625.56959097,184000.0,-0.0,190400.0,ASK
659,1712699700.5160143,40625.56959097,184000.0,-0.0,190400.0,ASK
660,1712699730.5441246,40625.56959097,184000.0,-0.0,190400.0,ASK
661,1712699760.581916,40625.56959097,184000.0,-0.0,190400.0,ASK
662,1712699790.503777,40625.56959097,184000.0,-0.0,190400.0,ASK
663,1712699820.7717383,40625.56959097,184000.0,-0.0,190400.0,ASK
664,1712699826.7415442,40635.37928429,184100.0,1.2633237610759371e-09,190400.0,BID
665,1712699850.773564,40635.37928429,184100.0,0.0,190400.0,BID
666,1712699856.1513076,40635.5422392,184450.0,2.0980976121818523e-11,190400.0,BID
667,1712699858.4312823,40636.94113284,184450.0,1.8011211849097978e-10,190400.0,BID
668,1712699880.5271337,40636.94113284,184450.0,0.0,190400.0,BID
669,1712699910.5163734,40636.94113284,184450.0,0.0,190400.0,BID
670,1712699911.071136,40636.99531869,184550.0,6.976346144806945e-12,190400.0,BID
671,1712699940.7908487,40636.99531869,184550.0,0.0,190400.0,BID
672,1712699969.5107725,40637.52798862,184300.0,-6.858035867652909e-11,190400.0,ASK
673,1712699970.8022866,40637.52798862,184300.0,-0.0,190400.0,ASK
674,1712700000.610858,40637.52798862,184300.0,-0.0,190400.0,ASK
675,1712700030.5706198,40637.52798862,184300.0,-0.0,190400.0,ASK
676,1712700060.7663534,40637.52798862,184300.0,-0.0,190400.0,ASK
677,1712700062.380484,40637.67283143,184500.0,1.866472613587824e-11,190400.0,BID
678,1712700072.8804357,40645.74656042,184500.0,1.040396416613519e-09,190400.0,BID
679,1712700077.4508843,40645.79656042,184500.0,6.44309722287456e-12,190400.0,BID
680,1712700090.790168,40645.79656042,184500.0,0.0,190400.0,BID
681,1712700095.310766,40648.87892276,184600.0,3.971211363617548e-10,190400.0,BID
682,1712700095.3163998,40649.51035096,184500.0,8.135107318880659e-11,190400.0,BID
683,1712700120.4911802,40649.51035096,184500.0,0.0,190400.0,BID
684,1712700134.5902288,40654.93040516,184500.0,6.98239780248605e-10,190400.0,BID
685,1712700147.040116,40654.96265881,184500.0,-4.155084185320171e-12,190400.0,ASK
686,1712700150.5100472,40654.96265881,184500.0,-0.0,190400.0,ASK
687,1712700180.7731073,40654.96265881,184500.0,-0.0,190400.0,ASK
688,1712700210.829632,40654.96265881,184500.0,-0.0,190400.0,ASK
689,1712700240.5301018,40654.96265881,184500.0,-0.0,190400.0,ASK
690,1712700266.5198808,40657.67562666,184300.0,-3.4945344662783603e-10,190400.0,ASK
691,1712700266.5255165,40660.19655381,184300.0,-3.2471696310932404e-10,190400.0,ASK
692,1712700266.541922,40660.19655394,184300.0,-1.6745051165413368e-17,190400.0,ASK
693,1712700270.5045824,40660.19655394,184300.0,-0.0,190400.0,ASK
694,1712700292.8699386,40660.52246377,184100.0,-4.197475628615319e-11,190400.0,ASK
695,1712700292.8768847,40665.19655394,184100.0,-6.019879662501079e-10,190400.0,ASK
696,1712700300.769771,40665.19655394,184100.0,-0.0,190400.0,ASK
697,1712700330.770048,40665.19655394,184100.0,-0.0,190400.0,ASK
698,1712700360.5153124,40665.19655394,184100.0,-0.0,190400.0,ASK
699,1712700390.512175,40665.19655394,184100.0,-0.0,190400.0,ASK
700,1712700390.5392628,40666.72655394,184100.0,-1.9703970940797864e-10,190400.0,ASK
701,1712700401.5193777,40666.82271988,184400.0,1.2384646321640108e-11,190400.0,BID
702,1712700420.76935,40666.82271988,184400.0,0.0,190400.0,BID
703,1712700450.8092306,40666.82271988,184400.0,0.0,190400.0,BID
704,1712700480.5045457,40666.82271988,184400.0,0.0,190400.0,BID
705,1712700510.524273,40666.82271988,184400.0,0.0,190400.0,BID
706,1712700540.799039,40666.82271988,184400.0,0.0,190400.0,BID
707,1712700569.6693492,40668.30742221,184400.0,1.9119871628420926e-10,190400.0,BID
708,1712700569.6754818,40669.5311733,184450.0,1.5759363525777394e-10,190400.0,BID
709,1712700570.813311,40669.5311733,184450.0,0.0,190400.0,BID
710,1712700577.2187982,40670.06693542,184150.0,-6.899055699663329e-11,190400.0,ASK
711,1712700578.0188632,40671.07881871,184150.0,-1.303010966737187e-10,190400.0,ASK
712,1712700593.2988608,40681.9973629,184150.0,-1.405990489320342e-09,190400.0,ASK
713,1712700600.5024743,40681.9973629,184150.0,-0.0,190400.0,ASK
714,1712700621.478807,40697.0973629,184150.0,-1.9443062298636474e-09,190400.0,ASK
715,1712700622.0514548,40699.6392462,184150.0,-3.272979825018209e-10,190400.0,ASK
716,1712700629.0288527,40702.0392462,184150.0,-3.090288047467572e-10,190400.0,ASK
717,1712700630.5026844,40702.0392462,184150.0,-0.0,190400.0,ASK
718,1712700636.6998217,40702.11330742,184150.0,-9.531741247390864e-12,190400.0,ASK
719,1712700636.7060144,40702.1392462,184100.0,-3.3383427829151197e-12,190400.0,ASK
720,1712700637.7188098,40702.2392462,184100.0,-1.2870084030305983e-11,190400.0,ASK
721,1712700641.0486362,40703.6115222,184100.0,-1.7661307433053308e-10,190400.0,ASK
722,1712700646.3490007,40703.61152252,184100.0,-4.1183833357433753e-17,190400.0,ASK
723,1712700653.3190348,40703.72233186,184100.0,1.4261255172081635e-11,190400.0,BID
724,1712700653.4992774,40703.75500966,184050.0,-4.205660319534414e-12,190400.0,ASK
725,1712700653.5389435,40707.99244254,184100.0,5.453611723917107e-10,190400.0,BID
726,1712700653.5416927,40710.65646474,184050.0,3.4286189573083145e-10,190400.0,BID
727,1712700660.7739458,40710.65646474,184050.0,0.0,190400.0,BID
728,1712700672.348685,40715.51270437,184050.0,6.24874547971788e-10,190400.0,BID
729,1712700672.448554,40717.38538337,184050.0,-2.409661657536643e-10,190400.0,ASK
730,1712700672.8487148,40717.41807557,183950.0,-4.20665478951938e-12,190400.0,ASK
731,1712700672.8549757,40719.18538337,183800.0,-2.2740757186506607e-10,190400.0,ASK
732,1712700690.778745,40719.18538337,183800.0,-0.0,190400.0,ASK
733,1712700694.332084,40729.38538337,183800.0,-1.3122156429085034e-09,190400.0,ASK
734,1712700694.3738894,40729.44974948,183800.0,-8.280609452972017e-12,190400.0,ASK
735,1712700694.4287531,40734.90674084,183800.0,7.020342574322743e-10,190400.0,BID
736,1712700709.808635,40734.93856285,183550.0,-4.093856795386863e-12,190400.0,ASK
737,1712700709.8184648,40735.00674084,183550.0,-8.771002448630613e-12,190400.0,ASK
738,1712700710.798796,40735.02146273,183550.0,-1.8939504268394678e-12,190400.0,ASK
739,1712700710.8048863,40735.04709253,183400.0,-3.297237694855106e-12,190400.0,ASK
740,1712700710.809725,40735.10674084,183450.0,-7.673671122322902e-12,190400.0,ASK
741,1712700710.8184428,40735.11076752,183400.0,-5.180267140585658e-13,190400.0,ASK
742,1712700710.9592152,40741.5622448,183400.0,8.29973471244233e-10,190400.0,BID
743,1712700711.4788702,40742.99521561,183400.0,1.8434967771673631e-10,190400.0,BID
744,1712700711.558993,40743.59147678,183400.0,7.670816024854431e-11,190400.0,BID
745,1712700711.5786066,40743.75505367,183400.0,2.104393665473056e-11,190400.0,BID
746,1712700711.598516,40746.25258166,183400.0,3.213034604984629e-10,190400.0,BID
747,1712700711.639143,40748.12624844,183400.0,2.410445939519991e-10,190400.0,BID
748,1712700711.7385905,40749.52917372,183400.0,1.8048436257372707e-10,190400.0,BID
749,1712700711.7859366,40750.93980813,183400.0,1.8147613129682448e-10,190400.0,BID
750,1712700711.827705,40751.9895484,183400.0,1.3504760816503319e-10,190400.0,BID
751,1712700711.8585072,40753.3492638,183400.0,1.7492547233199758e-10,190400.0,BID
752,1712700711.8613722,40754.46918192,183400.0,1.4407588978822189e-10,190400.0,BID
753,1712700711.9621403,40755.81871186,183400.0,1.7361512723965175e-10,190400.0,BID
754,1712700711.9671478,40756.30387692,183400.0,6.241580207051822e-11,190400.0,BID
755,1712700711.9719524,40758.05628894,183550.0,2.2544533975194198e-10,190400.0,BID
756,1712700720.521127,40758.05628894,183550.0,0.0,190400.0,BID
757,1712700726.121238,40764.33666367,183850.0,8.07220363754769e-10,190400.0,BID
758,1712700729.318948,40767.06561172,183850.0,3.5075334391498834e-10,190400.0,BID
759,1712700750.5038576,40767.06561172,183850.0,0.0,190400.0,BID
760,1712700780.798422,40767.06561172,183850.0,0.0,190400.0,BID
761,1712700810.7985184,40767.06561172,183850.0,0.0,190400.0,BID
762,1712700840.538617,40767.06561172,183850.0,0.0,190400.0,BID
763,1712700862.4586627,40767.0926074,183700.0,3.4690325492727346e-12,190400.0,BID
764,1712700864.4685526,40767.11960308,183700.0,3.46903254833775e-12,190400.0,BID
765,1712700870.4911604,40767.11960308,183700.0,0.0,190400.0,BID
766,1712700892.9590285,40767.19160308,183250.0,-9.25222202865398e-12,190400.0,ASK
767,1712700892.965614,40768.36504771,183250.0,-1.5079125354312847e-10,190400.0,ASK
768,1712700892.971677,40768.41960308,183300.0,-7.010533279018315e-12,190400.0,ASK
769,1712700893.0053394,40770.71960308,183250.0,-2.955570925809633e-10,190400.0,ASK
770,1712700895.4287317,40772.51239817,183500.0,-2.3037969756358755e-10,190400.0,ASK
771,1712700895.8689663,40772.6842809,183150.0,-2.2087460845016448e-11,190400.0,ASK
772,1712700895.8755326,40772.71158638,183150.0,-3.5088383825234768e-12,190400.0,ASK
773,1712700900.5538929,40772.71158638,183150.0,-0.0,190400.0,ASK
774,1712700930.5029836,40772.71158638,183150.0,-0.0,190400.0,ASK
775,1712700940.0690527,40772.78879213,183100.0,-9.921438670224908e-12,190400.0,ASK
776,1712700950.0292509,40773.48442456,183500.0,8.939327046654606e-11,190400.0,BID
777,1712700960.7796254,40773.48442456,183500.0,0.0,190400.0,BID
778,1712700963.6795228,40778.94741281,183050.0,-7.020165641103337e-10,190400.0,ASK
779,1712700963.68548,40779.11130281,183050.0,-2.106054222148307e-11,190400.0,ASK
780,1712700963.8366182,40782.35800073,183050.0,4.17214098621289e-10,190400.0,BID
781,1712700963.8399286,40783.98328775,183200.0,2.0885609802981407e-10,190400.0,BID
782,1712700963.8428483,40797.41974317,183200.0,1.726640043163304e-09,190400.0,BID
783,1712700967.9490058,40797.51033736,183450.0,1.1641727765199822e-11,190400.0,BID
784,1712700990.7990248,40797.51033736,183450.0,0.0,190400.0,BID
785,1712701018.2796066,40800.39835129,183450.0,3.7091199199654655e-10,190400.0,BID
786,1712701018.286069,40803.48524456,183450.0,3.964543660820307e-10,190400.0,BID
787,1712701020.529168,40803.48524456,183450.0,0.0,190400.0,BID
788,1712701025.8796225,40803.75779838,183450.0,3.49995718468938e-11,190400.0,BID
789,1712701046.949375,40804.39884456,183450.0,8.231894102139882e-11,190400.0,BID
790,1712701050.4994829,40804.39884456,183450.0,0.0,190400.0,BID
791,1712701055.3194478,40815.29209074,183500.0,-1.3988090389235902e-09,190400.0,ASK
792,1712701055.3392704,40816.91222437,183500.0,-2.0804244469101474e-10,190400.0,ASK
793,1712701080.8195982,40816.91222437,183500.0,-0.0,190400.0,ASK
794,1712701110.7803378,40816.91222437,183500.0,-0.0,190400.0,ASK
795,1712701130.719893,40833.29322279,183450.0,2.1028749321746136e-09,190400.0,BID
796,1712701135.3301525,40833.34785279,183600.0,7.01300705833165e-12,190400.0,BID
797,1712701135.3398497,40833.39706787,183750.0,6.3178785175202796e-12,190400.0,BID
798,1712701140.5240254,40833.39706787,183750.0,0.0,190400.0,BID
799,1712701170.5282936,40833.39706787,183750.0,0.0,190400.0,BID
800,1712701177.6096988,40833.45148963,183750.0,-6.983563537941656e-12,190400.0,ASK
801,1712701177.631354,40833.53216779,183650.0,-1.0352863568252771e-11,190400.0,ASK
802,1712701181.8099964,40833.53216825,183650.0,-5.902865624876089e-17,190400.0,ASK
803,1712701181.8169024,40835.40983525,183650.0,-2.409478634416076e-10,190400.0,ASK
804,1712701200.5538073,40835.40983525,183650.0,-0.0,190400.0,ASK
805,1712701230.519799,40835.40983525,183650.0,-0.0,190400.0,ASK
806,1712701260.780747,40835.40983525,183650.0,-0.0,190400.0,ASK
807,1712701268.860037,40835.52091611,183650.0,-1.4272591291654153e-11,190400.0,ASK
808,1712701285.3200457,40836.41097551,183400.0,-1.1436222263353798e-10,190400.0,ASK
809,1712701290.8100138,40836.41097551,183400.0,-0.0,190400.0,ASK
810,1712701304.490084,40837.71799953,183750.0,1.6793333700442494e-10,190400.0,BID
811,1712701320.5263326,40837.71799953,183750.0,0.0,190400.0,BID
812,1712701350.5341094,40837.71799953,183750.0,0.0,190400.0,BID
813,1712701357.1502285,40844.19335853,183750.0,-8.319625913239255e-10,190400.0,ASK
814,1712701357.170182,40844.19335871,183750.0,-2.312662449583635e-17,190400.0,ASK
815,1712701380.8100934,40844.19335871,183750.0,-0.0,190400.0,ASK
816,1712701383.0303302,40846.65061204,183750.0,3.1566286450638025e-10,190400.0,BID
817,1712701410.8058603,40846.65061204,183750.0,0.0,190400.0,BID
818,1712701440.5231245,40846.65061204,183750.0,0.0,190400.0,BID
819,1712701466.5505717,40848.96860344,183500.0,-2.977557737739034e-10,190400.0,ASK
820,1712701470.5230398,40848.96860344,183500.0,-0.0,190400.0,ASK
821,1712701473.3814,40849.13186874,183750.0,2.0970970703436726e-11,190400.0,BID
822,1712701476.2911687,40849.64247434,183550.0,-6.558585981686789e-11,190400.0,ASK
823,1712701500.7807024,40849.64247434,183550.0,-0.0,190400.0,ASK
824,1712701530.7906225,40849.64247434,183550.0,-0.0,190400.0,ASK
825,1712701555.1104443,40851.85387951,183750.0,2.8484479799487604e-10,190400.0,BID
826,1712701560.535358,40851.85387951,183750.0,0.0,190400.0,BID
827,1712701577.4104197,40858.20934667,183750.0,8.18586768361534e-10,190400.0,BID
828,1712701580.240597,40858.48145551,183750.0,3.504772983167241e-11,190400.0,BID
829,1712701582.710971,40858.75356435,183750.0,3.504772983167241e-11,190400.0,BID
830,1712701590.517999,40858.75356435,183750.0,0.0,190400.0,BID
1031,1712701612.740536,40860.93771673,183750.0,2.812737887338024e-10,190400.0,BID
831,1712701612.740536,40860.93771673,183750.0,2.8127378873380236e-10,190400.0,BID
832,1712701620.7662349,40860.93771673,183750.0,0.0,190400.0,BID
833,1712701622.1004796,40862.77020936,183750.0,2.359750681043319e-10,190400.0,BID
834,1712701630.8809114,40863.84515436,183750.0,-1.384235960516958e-10,190400.0,ASK
835,1712701630.900321,40863.84515501,183750.0,-8.370197115756621e-17,190400.0,ASK
836,1712701644.89142,40871.18827001,183750.0,-9.45592922913567e-10,190400.0,ASK
837,1712701644.898454,40871.18827065,183750.0,-8.241367194290617e-17,190400.0,ASK
838,1712701650.8104346,40871.18827065,183750.0,-0.0,190400.0,ASK
839,1712701660.7907176,40871.24290065,183800.0,7.033148046272101e-12,190400.0,BID
840,1712701660.850499,40872.55701565,183800.0,-1.6918113387917024e-10,190400.0,ASK
841,1712701660.8603597,40872.55701658,183800.0,-1.1972938092511815e-16,190400.0,ASK
842,1712701680.5305278,40872.55701658,183800.0,-0.0,190400.0,ASK
843,1712701710.5505974,40872.55701658,183800.0,-0.0,190400.0,ASK
844,1712701727.3505275,40874.19441184,183800.0,-2.107938916464308e-10,190400.0,ASK
1044,1712701727.3505275,40874.19441184,183800.0,-2.1079389164643077e-10,190400.0,ASK
845,1712701727.3607626,40874.23249671,183800.0,-4.90294442423767e-12,190400.0,ASK
846,1712701731.550609,40874.50453153,183750.0,-3.5021036015234595e-11,190400.0,ASK
847,1712701740.8017657,40874.50453153,183750.0,-0.0,190400.0,ASK
848,1712701761.3007078,40875.04612353,183700.0,-6.971989456906289e-11,190400.0,ASK
849,1712701770.7905712,40875.04612353,183700.0,-0.0,190400.0,ASK
850,1712701800.5756,40875.04612353,183700.0,-0.0,190400.0,ASK
851,1712701810.2111373,40875.14612326,183600.0,-1.2876380458140882e-11,190400.0,ASK
852,1712701810.217025,40875.14612353,183700.0,-3.4766773212198346e-17,190400.0,ASK
853,1712701830.510844,40875.14612353,183700.0,-0.0,190400.0,ASK
854,1712701853.8807666,40875.18901561,183600.0,-5.522949262214313e-12,190400.0,ASK
855,1712701860.830745,40875.18901561,183600.0,-0.0,190400.0,ASK
856,1712701890.7753985,40875.18901561,183600.0,-0.0,190400.0,ASK
857,1712701894.03125,40881.41314722,183600.0,-8.01442322888036e-10,190400.0,ASK
858,1712701894.038133,40895.00353322,183600.0,-1.749948620507126e-09,190400.0,ASK
859,1712701894.0425365,40895.60870013,183600.0,-7.792354090073226e-11,190400.0,ASK
860,1712701894.0455956,40901.00083837,183550.0,-6.94311763821496e-10,190400.0,ASK
861,1712701920.535712,40901.00083837,183550.0,-0.0,190400.0,ASK
862,1712701950.5330634,40901.00083837,183550.0,-0.0,190400.0,ASK
863,1712701980.4906745,40901.00083837,183550.0,-0.0,190400.0,ASK
864,1712702010.5109663,40901.00083837,183550.0,-0.0,190400.0,ASK
865,1712702040.770877,40901.00083837,183550.0,-0.0,190400.0,ASK
866,1712702043.040645,40908.58664304,183550.0,9.76180758834989e-10,190400.0,BID
867,1712702070.8005457,40908.58664304,183550.0,0.0,190400.0,BID
868,1712702100.5305097,40908.58664304,183550.0,0.0,190400.0,BID
869,1712702130.5136986,40908.58664304,183550.0,0.0,190400.0,BID
870,1712702157.310611,40908.64127305,184000.0,7.036464265675502e-12,190400.0,BID
871,1712702157.4307208,40909.40186005,184000.0,-9.796526206212119e-11,190400.0,ASK
872,1712702157.4637754,40909.40186043,184000.0,-4.8945012850273683e-17,190400.0,ASK
873,1712702160.8105245,40909.40186043,184000.0,-0.0,190400.0,ASK
874,1712702190.765904,40909.40186043,184000.0,-0.0,190400.0,ASK
875,1712702211.6212387,40909.51046754,184150.0,1.398856203697474e-11,190400.0,BID
876,1712702220.5379865,40909.51046754,184150.0,0.0,190400.0,BID
877,1712702247.9606893,40914.87401741,183900.0,-6.908217779017266e-10,190400.0,ASK
878,1712702250.5167837,40914.87401741,183900.0,-0.0,190400.0,ASK
879,1712702280.7907343,40914.87401741,183900.0,-0.0,190400.0,ASK
880,1712702310.787577,40914.87401741,183900.0,-0.0,190400.0,ASK
881,1712702314.9109912,40915.1459043,183900.0,3.501440847629515e-11,190400.0,BID
882,1712702321.3710723,40918.12070999,183900.0,3.831043915660041e-10,190400.0,BID
883,1712702338.8407192,40921.01405778,183900.0,3.726139990934521e-10,190400.0,BID
884,1712702339.520609,40922.33144312,183900.0,-1.696568319858853e-10,190400.0,ASK
885,1712702340.5338936,40922.33144312,183900.0,-0.0,190400.0,ASK
886,1712702370.524305,40922.33144312,183900.0,-0.0,190400.0,ASK
887,1712702400.5637364,40922.33144312,183900.0,-0.0,190400.0,ASK
888,1712702430.4840038,40922.33144312,183900.0,-0.0,190400.0,ASK
1089,1712702440.2666678,40922.44237297,183900.0,-1.4284430975649099e-11,190400.0,ASK
889,1712702440.2666678,40922.44237297,183900.0,-1.42844309756491e-11,190400.0,ASK
890,1712702460.7904828,40922.44237297,183900.0,-0.0,190400.0,ASK
891,1712702490.7771902,40922.44237297,183900.0,-0.0,190400.0,ASK
892,1712702520.5304122,40922.44237297,183900.0,-0.0,190400.0,ASK
893,1712702550.530712,40922.44237297,183900.0,-0.0,190400.0,ASK
894,1712702580.8070571,40922.44237297,183900.0,-0.0,190400.0,ASK
895,1712702594.5614102,40923.92977296,183750.0,-1.915319156856624e-10,190400.0,ASK
1095,1712702594.5614102,40923.92977296,183750.0,-1.9153191568566238e-10,190400.0,ASK
896,1712702594.56802,40929.37194897,183750.0,-7.00786878917084e-10,190400.0,ASK
897,1712702594.5811045,40929.37194983,183750.0,-1.1074139560813828e-16,190400.0,ASK
1098,1712702602.891612,40931.16494029,183550.0,-2.3088268113416717e-10,190400.0,ASK
898,1712702602.891612,40931.16494029,183550.0,-2.308826811341672e-10,190400.0,ASK
899,1712702602.8988056,40937.01169545,183500.0,-7.528843780202681e-10,190400.0,ASK
900,1712702602.9034822,40938.93538645,183700.0,-2.4771293861425315e-10,190400.0,ASK
901,1712702602.9067092,40941.29619306,183450.0,-3.040001449617605e-10,190400.0,ASK
902,1712702602.9099424,40944.8525892,183700.0,-4.5795574170441644e-10,190400.0,ASK
903,1712702602.9131925,40945.40525641,183450.0,-7.116674074128361e-11,190400.0,ASK
904,1712702608.7308223,40945.71437131,183450.0,-3.9804604923049045e-11,190400.0,ASK
905,1712702608.7381392,40950.57025932,183450.0,-6.252908021794692e-10,190400.0,ASK
906,1712702610.7906814,40950.57025932,183450.0,-0.0,190400.0,ASK
907,1712702617.03304,40956.15314271,183450.0,-7.184279846343896e-10,190400.0,ASK
908,1712702617.1305285,40977.89266369,183450.0,2.797529368525052e-09,190400.0,BID
909,1712702637.141073,40988.11204019,183450.0,-1.3150706454414067e-09,190400.0,ASK
910,1712702637.2406533,40994.36095802,183450.0,8.041359865754163e-10,190400.0,BID
1110,1712702637.2406533,40994.36095802,183450.0,8.041359865754164e-10,190400.0,BID
911,1712702637.2509525,40995.0466377,183600.0,8.823603077367947e-11,190400.0,BID
912,1712702637.287138,40996.17554675,183600.0,1.4527257636782914e-10,190400.0,BID
913,1712702637.3707037,40996.96300946,183600.0,1.0133388218983668e-10,190400.0,BID
914,1712702640.494616,40996.96300946,183600.0,0.0,190400.0,BID
915,1712702670.540458,40996.96300946,183600.0,0.0,190400.0,BID
916,1712702700.5808182,40996.96300946,183600.0,0.0,190400.0,BID
917,1712702730.5811307,40996.96300946,183600.0,0.0,190400.0,BID
918,1712702760.787581,40996.96300946,183600.0,0.0,190400.0,BID
919,1712702772.380481,40997.13457781,183600.0,-2.222518034098456e-11,190400.0,ASK
920,1712702790.785683,40997.13457781,183600.0,-0.0,190400.0,ASK
921,1712702801.7117162,41002.3503459,184050.0,6.75654416425134e-10,190400.0,BID
922,1712702801.7272084,41006.080117,184000.0,4.831572785610904e-10,190400.0,BID
923,1712702820.4919915,41006.080117,184000.0,0.0,190400.0,BID
924,1712702848.591504,41009.8136178,184000.0,4.83537309815439e-10,190400.0,BID
925,1712702848.6506813,41013.89138527,184000.0,-5.28124357840328e-10,190400.0,ASK
926,1712702850.5031395,41013.89138527,184000.0,-0.0,190400.0,ASK
927,1712702880.798623,41013.89138527,184000.0,-0.0,190400.0,ASK
928,1712702910.7915573,41013.89138527,184000.0,-0.0,190400.0,ASK
1129,1712702940.3358808,41013.94571833,184050.0,7.035534087174277e-12,190400.0,BID
929,1712702940.3358808,41013.94571833,184050.0,7.0355340871742766e-12,190400.0,BID
930,1712702940.5452335,41013.94571833,184050.0,0.0,190400.0,BID
931,1712702970.5318208,41013.94571833,184050.0,0.0,190400.0,BID
932,1712702973.922879,41020.95519396,184150.0,9.076488766202875e-10,190400.0,BID
933,1712702973.9286344,41041.11224916,184100.0,2.610113719483976e-09,190400.0,BID
934,1712703000.568921,41041.11224916,184100.0,0.0,190400.0,BID
935,1712703007.5932295,41047.08192957,183650.0,-7.73065929993352e-10,190400.0,ASK
936,1712703030.5285287,41047.08192957,183650.0,-0.0,190400.0,ASK
937,1712703060.7441096,41047.08192957,183650.0,-0.0,190400.0,ASK
938,1712703088.6950026,41047.47472764,183800.0,-5.0859623804441135e-11,190400.0,ASK
939,1712703090.785091,41047.47472764,183800.0,-0.0,190400.0,ASK
940,1712703120.5352874,41047.47472764,183800.0,-0.0,190400.0,ASK
941,1712703150.5157108,41047.47472764,183800.0,-0.0,190400.0,ASK
942,1712703180.7715497,41047.47472764,183800.0,-0.0,190400.0,ASK
1143,1712703198.8263576,41052.89625108,183850.0,-7.019740831249753e-10,190400.0,ASK
943,1712703198.8263576,41052.89625108,183850.0,-7.019740831249752e-10,190400.0,ASK
944,1712703210.8065956,41052.89625108,183850.0,-0.0,190400.0,ASK
945,1712703240.523069,41052.89625108,183850.0,-0.0,190400.0,ASK
946,1712703262.897112,41053.19019581,183850.0,3.8054793644883306e-11,190400.0,BID
947,1712703270.5414574,41053.19019581,183850.0,0.0,190400.0,BID
948,1712703300.76199,41053.19019581,183850.0,0.0,190400.0,BID
949,1712703330.827984,41053.19019581,183850.0,0.0,190400.0,BID
950,1712703350.0282626,41053.30238747,183650.0,-1.4541621817537844e-11,190400.0,ASK
951,1712703350.0361152,41053.48414054,183650.0,-2.355776185190332e-11,190400.0,ASK
952,1712703359.3782446,41053.53845884,184100.0,7.040417944751821e-12,190400.0,BID
1152,1712703359.3782446,41053.53845884,184100.0,7.0404179447518206e-12,190400.0,BID
953,1712703360.5680225,41053.53845884,184100.0,0.0,190400.0,BID
954,1712703390.5419571,41053.53845884,184100.0,0.0,190400.0,BID
1155,1712703409.958537,41053.58929721,183800.0,-6.5893152801138476e-12,190400.0,ASK
955,1712703409.958537,41053.58929721,183800.0,-6.589315280113848e-12,190400.0,ASK
956,1712703409.9657855,41053.70194658,183700.0,-1.4600826404047355e-11,190400.0,ASK
957,1712703420.502324,41053.70194658,183700.0,-0.0,190400.0,ASK
958,1712703432.028927,41053.72911854,184050.0,3.521826411603417e-12,190400.0,BID
959,1712703450.5046065,41053.72911854,184050.0,0.0,190400.0,BID
960,1712703473.7392237,41053.8378733,183900.0,1.4095970176300197e-11,190400.0,BID
961,1712703473.859038,41054.1189233,183900.0,-3.642757722190697e-11,190400.0,ASK
962,1712703474.0391574,41054.11892363,183900.0,-4.2772243404421866e-17,190400.0,ASK
963,1712703480.8151991,41054.11892363,183900.0,-0.0,190400.0,ASK
964,1712703510.7994306,41054.11892363,183900.0,-0.0,190400.0,ASK
965,1712703540.5597053,41054.11892363,183900.0,-0.0,190400.0,ASK
966,1712703570.4879827,41054.11892363,183900.0,-0.0,190400.0,ASK
967,1712703600.7305672,41054.11892363,183900.0,-0.0,190400.0,ASK
1168,1712703629.7401905,41054.173301,183900.0,-7.062447830956152e-12,190400.0,ASK
968,1712703629.7401905,41054.173301,183900.0,-7.0624478309561516e-12,190400.0,ASK
969,1712703630.534335,41054.173301,183900.0,-0.0,190400.0,ASK
970,1712703660.7560418,41054.173301,183900.0,-0.0,190400.0,ASK
971,1712703678.7607763,41054.32605687,183650.0,-1.9839667888737337e-11,190400.0,ASK
972,1712703686.970511,41054.36894896,183650.0,-5.5707503790151735e-12,190400.0,ASK
973,1712703690.791023,41054.36894896,183650.0,-0.0,190400.0,ASK
974,1712703693.141127,41054.49762523,183650.0,-1.671217314668368e-11,190400.0,ASK
1175,1712703700.932477,41054.55200261,183900.0,7.062406999194137e-12,190400.0,BID
975,1712703700.932477,41054.55200261,183900.0,7.0624069991941365e-12,190400.0,BID
976,1712703720.529137,41054.55200261,183900.0,0.0,190400.0,BID
977,1712703750.532462,41054.55200261,183900.0,0.0,190400.0,BID
978,1712703767.7112591,41055.04592461,183650.0,-6.41491545405651e-11,190400.0,ASK
979,1712703770.3617651,41055.04592531,183650.0,-9.091371381726335e-17,190400.0,ASK
980,1712703770.3680344,41055.54592461,183600.0,-6.493845661036229e-11,190400.0,ASK
981,1712703780.787731,41055.54592461,183600.0,-0.0,190400.0,ASK
982,1712703783.0111296,41056.04592531,183600.0,-6.493709918765104e-11,190400.0,ASK
983,1712703787.3313558,41061.72341394,183600.0,7.37358252308045e-10,190400.0,BID
984,1712703796.361143,41097.65897436,183600.0,4.6670955687985095e-09,190400.0,BID
985,1712703804.493479,41100.48223781,183450.0,-3.666685640367149e-10,190400.0,ASK
986,1712703804.5014515,41100.51338931,183450.0,-4.045770426546931e-12,190400.0,ASK
987,1712703810.8012116,41100.51338931,183450.0,-0.0,190400.0,ASK
988,1712703840.5631423,41100.51338931,183450.0,-0.0,190400.0,ASK
989,1712703846.1715264,41102.14471068,183900.0,2.1163934150649048e-10,190400.0,BID
990,1712703857.951676,41103.77603205,183900.0,2.1163934150743447e-10,190400.0,BID
991,1712703870.5181968,41103.77603205,183900.0,0.0,190400.0,BID
992,1712703877.7116394,41104.86357963,183900.0,1.4108191238759966e-10,190400.0,BID
993,1712703886.4960384,41105.95112721,183900.0,1.4108191238759966e-10,190400.0,BID
994,1712703900.8120062,41105.95112721,183900.0,0.0,190400.0,BID
995,1712703907.5722194,41106.22368103,183450.0,-3.5387632667295806e-11,190400.0,ASK
996,1712703907.8720982,41106.22368152,183300.0,-6.362015969652115e-17,190400.0,ASK
997,1712703907.879284,41111.50934152,183300.0,-6.862754463769736e-10,190400.0,ASK
998,1712703912.8276875,41111.56392667,183200.0,-7.087184605372722e-12,190400.0,ASK
999,1712703912.8336809,41112.03249836,183000.0,-6.083804968788169e-11,190400.0,ASK
1000,1712703923.0421083,41112.07657547,183100.0,-5.722849812114501e-12,190400.0,ASK
1201,1712703925.871849,41114.84206219,183100.0,-3.5906313179802087e-10,190400.0,ASK
1202,1712703930.8005483,41114.84206219,183100.0,-0.0,190400.0,ASK
1203,1712703960.5797884,41114.84206219,183100.0,-0.0,190400.0,ASK
1204,1712703967.2421703,41117.72963959,183200.0,-3.748357657495953e-10,190400.0,ASK
1205,1712703967.352339,41119.05279532,183200.0,1.717585444677207e-10,190400.0,BID
1206,1712703967.362625,41119.26572134,183400.0,2.763987824376706e-11,190400.0,BID
1207,1712703978.9420764,41119.36541434,183300.0,-1.294112566249884e-11,190400.0,ASK
1208,1712703990.492131,41119.36541434,183300.0,-0.0,190400.0,ASK
1209,1712704020.052488,41124.03426159,183100.0,-6.05996808449761e-10,190400.0,ASK
1210,1712704020.0550964,41124.03426222,183300.0,-8.17708493934095e-17,190400.0,ASK
1211,1712704020.7724552,41124.03426222,183300.0,-0.0,190400.0,ASK
1212,1712704050.783308,41124.03426222,183300.0,-0.0,190400.0,ASK
1213,1712704051.4425073,41126.59115616,183300.0,-3.318372988468687e-10,190400.0,ASK
1214,1712704052.6127396,41128.20695866,183300.0,2.0970112552583518e-10,190400.0,BID
1215,1712704080.5343242,41128.20695866,183300.0,0.0,190400.0,BID
1216,1712704110.549533,41128.20695866,183300.0,0.0,190400.0,BID
1217,1712704140.6093793,41128.20695866,183300.0,0.0,190400.0,BID
1218,1712704170.5429518,41128.20695866,183300.0,0.0,190400.0,BID
1219,1712704185.2033613,41140.43876885,182900.0,-1.587304002053106e-09,190400.0,ASK
1220,1712704185.206133,41140.44168757,183000.0,-3.7875799752443947e-13,190400.0,ASK
1221,1712704185.2141929,41174.28729663,182950.0,-4.392094863994662e-09,190400.0,ASK
1222,1712704185.2167852,41174.34722486,182900.0,-7.776798187809823e-12,190400.0,ASK
1223,1712704185.219319,41175.45949925,182950.0,-1.4433821022400628e-10,190400.0,ASK
1224,1712704189.6633067,41178.18454016,183300.0,3.5362454739033597e-10,190400.0,BID
1225,1712704198.3355312,41186.76932086,182950.0,-1.114034353884995e-09,190400.0,ASK
1226,1712704198.3380244,41186.80246279,182850.0,-4.300779468027193e-12,190400.0,ASK
1227,1712704198.3392482,41189.05031162,182900.0,-2.9170003363693005e-10,190400.0,ASK
1228,1712704198.3404536,41189.13248198,182850.0,-1.0663126655355056e-11,190400.0,ASK
1229,1712704198.4780765,41189.13248227,182850.0,3.7632593135499704e-17,190400.0,BID
1230,1712704198.4808426,41191.74268027,182850.0,3.3872155201860315e-10,190400.0,BID
1231,1712704200.5786476,41191.74268027,182850.0,0.0,190400.0,BID
1232,1712704202.7430303,41215.36895056,182950.0,-3.062360844848906e-09,190400.0,ASK
1233,1712704214.5531223,41215.67918139,182850.0,-4.021111817468136e-11,190400.0,ASK
1234,1712704219.7890007,41217.05518368,182850.0,-1.7835297250067686e-10,190400.0,ASK
1235,1712704221.8667748,41218.94618368,182850.0,-2.4510531228656957e-10,190400.0,ASK
1236,1712704224.803553,41218.99026079,182850.0,-5.713132634694453e-12,190400.0,ASK
1237,1712704230.55526,41218.99026079,182850.0,-0.0,190400.0,ASK
1238,1712704239.2938814,41220.21526079,182850.0,-1.5867802381799166e-10,190400.0,ASK
1239,1712704245.4535024,41220.63774082,182850.0,-5.4725139806549675e-11,190400.0,ASK
1240,1712704245.4564512,41220.82826079,182850.0,-2.4678638642557688e-11,190400.0,ASK
1241,1712704250.447034,41221.13426079,182850.0,-3.9637122684913397e-11,190400.0,ASK
1242,1712704255.3735154,41221.18463718,182850.0,-6.525408989347479e-12,190400.0,ASK
1243,1712704255.3763778,41221.2404206,182850.0,-7.225798242896052e-12,190400.0,ASK
1244,1712704255.3792124,41221.28726079,182650.0,-6.0673541097419306e-12,190400.0,ASK
1245,1712704260.7752075,41221.28726079,182650.0,-0.0,190400.0,ASK
1246,1712704263.163154,41221.38726079,182650.0,-1.2952603399436764e-11,190400.0,ASK
1247,1712704264.1634035,41221.43410098,182550.0,-6.0670240423029916e-12,190400.0,ASK
1248,1712704264.1662734,41221.48726079,182650.0,-6.8855793580761955e-12,190400.0,ASK
1249,1712704264.3035984,41222.01692482,182500.0,-6.860528115640789e-11,190400.0,ASK
1250,1712704264.305483,41222.12649404,182500.0,-1.4192066514150815e-11,190400.0,ASK
1251,1712704264.30719,41222.18921287,182500.0,-8.123721306607743e-12,190400.0,ASK
1252,1712704264.3090398,41222.26228856,182500.0,-9.465204307386348e-12,190400.0,ASK
1253,1712704264.3631124,41223.792642,182500.0,1.982206116958396e-10,190400.0,BID
1254,1712704265.4231822,41259.792642,182500.0,4.6629372238650896e-09,190400.0,BID
1255,1712704265.46308,41265.60260903,182500.0,7.525419870448631e-10,190400.0,BID
1256,1712704265.4731932,41277.37822782,182500.0,1.52524919972062e-09,190400.0,BID
1257,1712704285.6435828,41277.88622782,182500.0,-6.579922527030737e-11,190400.0,ASK
1258,1712704290.7864337,41277.88622782,182500.0,-0.0,190400.0,ASK
1259,1712704298.248964,41277.96826227,182850.0,1.0611399771568703e-11,190400.0,BID
1260,1712704320.5208187,41277.96826227,182850.0,0.0,190400.0,BID
1261,1712704350.547146,41277.96826227,182850.0,0.0,190400.0,BID
1262,1712704362.413802,41278.16826227,182450.0,-2.5870543858617967e-11,190400.0,ASK
1263,1712704362.4167695,41278.95265794,182400.0,-1.0146371291328731e-10,190400.0,ASK
1264,1712704380.8337877,41278.95265794,182400.0,-0.0,190400.0,ASK
1265,1712704405.1089022,41282.13039304,182400.0,-4.110391291385191e-10,190400.0,ASK
1266,1712704405.1111722,41282.15856882,182450.0,-3.64452910899046e-12,190400.0,ASK
1267,1712704405.284113,41284.88010894,182400.0,3.5203043854687953e-10,190400.0,BID
1268,1712704410.814129,41284.88010894,182400.0,0.0,190400.0,BID
1269,1712704418.7539585,41284.96234578,182400.0,1.0635824398284734e-11,190400.0,BID
1270,1712704426.9638884,41286.84325561,182400.0,2.432611304340078e-10,190400.0,BID
1271,1712704427.4038987,41297.44325561,182400.0,-1.3709152567904427e-09,190400.0,ASK
1272,1712704440.5639365,41297.44325561,182400.0,-0.0,190400.0,ASK
1273,1712704459.5538418,41297.48710168,182400.0,-5.6690035163189695e-12,190400.0,ASK
1274,1712704463.254006,41298.19982097,182400.0,9.214983602713484e-11,190400.0,BID
1275,1712704464.7540677,41298.39982097,182300.0,-2.585866197776301e-11,190400.0,ASK
1276,1712704470.5362463,41298.39982097,182300.0,-0.0,190400.0,ASK
1277,1712704475.3739903,41298.42945397,182200.0,-3.831262233088764e-12,190400.0,ASK
1278,1712704475.4941945,41298.9486684,182200.0,6.712943801355018e-11,190400.0,BID
1279,1712704475.4972222,41299.29721476,182300.0,4.506369606956273e-11,190400.0,BID
1280,1712704500.574052,41299.29721476,182300.0,0.0,190400.0,BID
1281,1712704505.504248,41305.05921476,182300.0,-7.450254109347183e-10,190400.0,ASK
1282,1712704514.1541908,41305.58237162,182300.0,-6.764407403853447e-11,190400.0,ASK
1283,1712704518.274392,41310.58237162,182300.0,-6.464989681840884e-10,190400.0,ASK
1284,1712704518.3607435,41310.65755338,182300.0,-9.720986052704214e-12,190400.0,ASK
1285,1712704519.4035964,41310.7016305,182200.0,-5.699162520237184e-12,190400.0,ASK
1286,1712704519.654678,41310.82220761,182200.0,-1.5590595440250272e-11,190400.0,ASK
1287,1712704519.790515,41316.20429625,182200.0,6.95902950486929e-10,190400.0,BID
1288,1712704530.5530324,41316.20429625,182200.0,0.0,190400.0,BID
1289,1712704531.694649,41316.75314367,182200.0,7.093759298561656e-11,190400.0,BID
1290,1712704532.744292,41317.8072578,182200.0,1.3624245352890624e-10,190400.0,BID
1291,1712704532.7475276,41317.95367068,182200.0,1.8923615035353057e-11,190400.0,BID
1292,1712704532.7506416,41319.72489713,182300.0,2.2892799786658856e-10,190400.0,BID
1293,1712704536.9147315,41319.92489713,182150.0,-2.584965890309366e-11,190400.0,ASK
1294,1712704537.0575538,41331.85200341,182150.0,1.541558145217616e-09,190400.0,BID
1295,1712704538.4641843,41331.93303446,182150.0,1.047312501569708e-11,190400.0,BID
1296,1712704544.108313,41338.30194087,182150.0,8.231702914326301e-10,190400.0,BID
1297,1712704549.66425,41338.38429058,182150.0,1.0643559571382908e-11,190400.0,BID
1298,1712704560.7820568,41338.38429058,182150.0,0.0,190400.0,BID
1299,1712704571.395259,41341.74136323,182150.0,4.3366944378529336e-10,190400.0,BID
1300,1712704571.398542,41341.81336323,182150.0,9.301020027837644e-12,190400.0,BID
1301,1712704571.4017482,41341.84136323,182150.0,3.617063343950214e-12,190400.0,BID
1302,1712704590.806766,41341.84136323,182150.0,0.0,190400.0,BID
1303,1712704594.724657,41341.84141047,182050.0,-6.102006064398525e-15,190400.0,ASK
1304,1712704606.5645523,41345.71532677,182150.0,5.003950327148174e-10,190400.0,BID
1305,1712704611.6344342,41346.71532677,182000.0,-1.2917032634776656e-10,190400.0,ASK
1306,1712704611.6443655,41347.6662453,182000.0,-1.2283045685086567e-10,190400.0,ASK
1307,1712704611.6469529,41347.94918486,182000.0,-3.6547395301679045e-11,190400.0,ASK
1308,1712704620.527136,41347.94918486,182000.0,-0.0,190400.0,ASK
1309,1712704626.054558,41354.44010638,182000.0,-8.38314015630382e-10,190400.0,ASK
1310,1712704635.2244573,41357.19826633,182000.0,-3.5622124475050403e-10,190400.0,ASK
1311,1712704635.2264462,41357.28310638,182000.0,-1.09572427858646e-11,190400.0,ASK
1312,1712704650.5347471,41357.28310638,182000.0,-0.0,190400.0,ASK
1313,1712704650.998677,41357.31063385,182000.0,-3.554441683900872e-12,190400.0,ASK
1314,1712704651.000245,41358.28310638,182000.0,-1.255690005888932e-10,190400.0,ASK
1315,1712704651.094664,41358.44557885,182000.0,-2.097900460114091e-11,190400.0,ASK
1316,1712704651.1044688,41359.37092122,181950.0,-1.194833920951713e-10,190400.0,ASK
1317,1712704656.5144918,41359.39841093,182150.0,3.549565982610826e-12,190400.0,BID
1318,1712704680.8050294,41359.39841093,182150.0,0.0,190400.0,BID
1319,1712704687.195192,41360.09841093,181950.0,-9.038191713913456e-11,190400.0,ASK
1320,1712704690.5978854,41360.13112192,181950.0,-4.223545697103797e-12,190400.0,ASK
1321,1712704690.6000683,41360.17494868,181850.0,-5.658780844518173e-12,190400.0,ASK
1322,1712704690.6015933,41360.19841093,181950.0,-3.0293759076310653e-12,190400.0,ASK
1323,1712704692.0048888,41360.39841093,181850.0,-2.582340489662717e-11,190400.0,ASK
1324,1712704692.0080318,41360.57454567,181850.0,-2.274199353755848e-11,190400.0,ASK
1325,1712704692.084783,41360.77454567,181700.0,-2.582340489662717e-11,190400.0,ASK
1326,1712704692.0874555,41360.80207114,181650.0,-3.5540067843038968e-12,190400.0,ASK
1327,1712704692.1706924,41361.17454567,181650.0,4.809280300988989e-11,190400.0,BID
1328,1712704692.424638,41362.07454567,181800.0,-1.1620532203670116e-10,190400.0,ASK
1329,1712704693.155173,41362.15316495,181800.0,-1.0151087500827376e-11,190400.0,ASK
1330,1712704693.254755,41362.17454567,181650.0,2.760614947486209e-12,190400.0,BID
1331,1712704710.80502,41362.17454567,181650.0,0.0,190400.0,BID
1332,1712704718.1761577,41362.28284405,182000.0,1.398225332882222e-11,190400.0,BID
1333,1712704721.9347377,41366.36497194,181650.0,-5.270378585372154e-10,190400.0,ASK
1334,1712704734.615445,41366.99847458,182000.0,8.179064540921191e-11,190400.0,BID
1335,1712704734.618893,41372.36202394,182000.0,6.92480403609369e-10,190400.0,BID
1336,1712704734.8950818,41375.56160283,182150.0,4.130931837142939e-10,190400.0,BID
1337,1712704734.904918,41375.56160334,182000.0,6.584551682592111e-17,190400.0,BID
1338,1712704740.4946082,41375.56160334,182000.0,0.0,190400.0,BID
1339,1712704770.5180275,41375.56160334,182000.0,0.0,190400.0,BID
1340,1712704771.6449037,41380.46471878,181700.0,6.32835429145749e-10,190400.0,BID
1341,1712704800.5383992,41380.46471878,181700.0,0.0,190400.0,BID
1342,1712704809.3950026,41380.98787562,181550.0,-6.756145475714289e-11,190400.0,ASK
1343,1712704818.124876,41381.03195273,181550.0,-5.6922005901026295e-12,190400.0,ASK
1344,1712704821.9142325,41382.33872313,181700.0,1.6875877845327003e-10,190400.0,BID
1345,1712704830.5248446,41382.33872313,181700.0,0.0,190400.0,BID
1346,1712704838.535021,41382.39485961,181700.0,7.249251535401396e-12,190400.0,BID
1347,1712704842.3551474,41382.59485961,181500.0,-2.5827239381983808e-11,190400.0,ASK
1348,1712704842.357441,41388.13313648,181500.0,-7.151920124363924e-10,190400.0,ASK
1349,1712704847.0052843,41388.68410066,181500.0,7.114941884005424e-11,190400.0,BID
1350,1712704849.9354136,41389.81156041,181350.0,-1.4559586428631216e-10,190400.0,ASK
1351,1712704849.9393716,41389.91857059,181350.0,-1.3818887675999673e-11,190400.0,ASK
1352,1712704849.9431646,41389.9461547,181300.0,-3.562107060731506e-12,190400.0,ASK
1353,1712704849.9472506,41392.64229921,181450.0,-3.481698483453865e-10,190400.0,ASK
1354,1712704849.950842,41396.00697561,181300.0,-4.3450151413494007e-10,190400.0,ASK
1355,1712704850.0949843,41396.1724472,181300.0,2.1368371829597337e-11,190400.0,BID
1356,1712704856.035005,41396.39478776,181450.0,2.8712214337847683e-11,190400.0,BID
1357,1712704856.9648807,41397.05467228,181500.0,8.521497731360487e-11,190400.0,BID
1358,1712704860.8055537,41397.05467228,181500.0,0.0,190400.0,BID
1359,1712704881.2654154,41397.65899638,181300.0,-7.801321838711834e-11,190400.0,ASK
1360,1712704890.8177202,41397.65899638,181300.0,-0.0,190400.0,ASK
1361,1712704920.5452354,41397.65899638,181300.0,-0.0,190400.0,ASK
1362,1712704938.9548275,41399.78088081,181300.0,2.739137693980346e-10,190400.0,BID
1363,1712704945.855177,41400.55866197,181300.0,1.0040366303121776e-10,190400.0,BID
1364,1712704945.9794006,41401.27194261,181300.0,9.207729977168538e-11,190400.0,BID
1365,1712704946.3158202,41404.98324217,181300.0,4.79091150050498e-10,190400.0,BID
1366,1712704950.5078151,41404.98324217,181300.0,0.0,190400.0,BID
1367,1712704980.8228292,41404.98324217,181300.0,0.0,190400.0,BID
1368,1712704990.3209724,41405.94533996,181300.0,-1.2417578567347928e-10,190400.0,ASK
1369,1712704990.4535673,41406.03122894,181300.0,1.1085496384062498e-11,190400.0,BID
1370,1712704990.4566138,41410.65577472,181450.0,5.968796639799339e-10,190400.0,BID
1371,1712704994.9834416,41410.6943954,181250.0,-4.9846838153548724e-12,190400.0,ASK
1372,1712704994.9933662,41411.19637599,181200.0,-6.478949936668819e-11,190400.0,ASK
1373,1712704995.003413,41422.4812203,181200.0,-1.456509330916566e-09,190400.0,ASK
1374,1712704995.0131962,41422.50940689,181150.0,-3.637979419015222e-12,190400.0,ASK
1375,1712704995.1661618,41423.62718342,181150.0,1.4426888852912698e-10,190400.0,BID
1376,1712704995.173061,41427.63637458,181150.0,5.17457234991763e-10,190400.0,BID
1377,1712704995.1954434,41427.96934837,181500.0,4.297617395257977e-11,190400.0,BID
1378,1712704995.1992476,41429.06609119,181450.0,1.4155411515277614e-10,190400.0,BID
1379,1712705003.7631507,41429.34172514,181400.0,-3.557545049546739e-11,190400.0,ASK
1380,1712705010.7951014,41429.34172514,181400.0,-0.0,190400.0,ASK
1381,1712705031.762531,41429.37418389,181500.0,4.186991453159679e-12,190400.0,BID
1382,1712705040.5322585,41429.37418389,181500.0,0.0,190400.0,BID
1383,1712705070.5147133,41429.37418389,181500.0,0.0,190400.0,BID
1384,1712705087.2913902,41429.53983822,181100.0,-2.136843645528244e-11,190400.0,ASK
1385,1712705087.3013818,41437.78071292,181250.0,-1.063024476120091e-09,190400.0,ASK
1386,1712705087.3031778,41437.80828942,181350.0,-3.5572066715769175e-12,190400.0,ASK
1387,1712705087.304921,41477.3568412,181100.0,-5.1015310956303e-09,190400.0,ASK
1388,1712705087.3066585,41478.00002628,181350.0,-8.296710089708705e-11,190400.0,ASK
1389,1712705087.3084054,41478.81556388,181300.0,-1.0519956455540226e-10,190400.0,ASK
1390,1712705087.3101425,41489.92428834,181100.0,-1.432960265668291e-09,190400.0,ASK
1391,1712705094.5647216,41490.14467401,181500.0,2.842845813392882e-11,190400.0,BID
1392,1712705100.8244393,41490.14467401,181500.0,0.0,190400.0,BID
1393,1712705110.0908842,41490.66783087,181100.0,-6.740219719470246e-11,190400.0,ASK
1394,1712705112.480989,41490.71190799,181100.0,-5.678783862429659e-12,190400.0,ASK
1395,1712705126.251443,41490.82237471,181050.0,-1.423225081051712e-11,190400.0,ASK
1396,1712705126.255436,41491.09597252,181050.0,-3.5249644899743244e-11,190400.0,ASK
1397,1712705126.2592633,41491.36169074,181000.0,-3.423445859540224e-11,190400.0,ASK
1398,1712705126.2629044,41496.22313324,181150.0,-6.263358680530414e-10,190400.0,ASK
1399,1712705126.2646177,41510.60344083,181000.0,-1.852722198659392e-09,190400.0,ASK
1400,1712705127.6706717,41514.58998236,181050.0,-5.13615855730844e-10,190400.0,ASK
1401,1712705130.8204005,41514.58998236,181050.0,-0.0,190400.0,ASK
1402,1712705134.480691,41514.67030364,181000.0,-1.0342491991034148e-11,190400.0,ASK
1403,1712705152.000388,41514.72651747,181450.0,7.238319490890605e-12,190400.0,BID
1404,1712705154.3300352,41514.97670617,181450.0,3.2215306154174366e-11,190400.0,BID
1405,1712705154.4498403,41515.27763347,181450.0,-3.874861294692323e-11,190400.0,ASK
1406,1712705155.490034,41515.57763347,181050.0,-3.862921005728025e-11,190400.0,ASK
1407,1712705160.5199132,41515.57763347,181050.0,-0.0,190400.0,ASK
1408,1712705161.4497952,41516.38230068,181050.0,-1.0360980681931428e-10,190400.0,ASK
1409,1712705161.5403106,41517.18230068,181000.0,-1.0300885188887568e-10,190400.0,ASK
1410,1712705161.9022863,41517.79033617,180950.0,-7.829129716669427e-11,190400.0,ASK
1411,1712705161.9042895,41517.98230068,181000.0,-2.4717554723118286e-11,190400.0,ASK
1412,1712705162.2416534,41518.77101507,181050.0,1.0155570472831012e-10,190400.0,BID
1413,1712705165.133165,41520.32105888,180950.0,-1.9958529155789528e-10,190400.0,ASK
1414,1712705165.135096,41521.77101507,180950.0,-1.8669790302749646e-10,190400.0,ASK
1415,1712705174.346156,41522.6922093,181000.0,1.186139499996761e-10,190400.0,BID
1416,1712705174.4195578,41523.42814794,181000.0,9.476024295914896e-11,190400.0,BID
1417,1712705174.8798163,41527.67758194,181000.0,5.471616468996123e-10,190400.0,BID
1418,1712705190.5494747,41527.67758194,181000.0,0.0,190400.0,BID
1419,1712705193.329275,41527.67758264,181000.0,9.010708597240704e-17,190400.0,BID
1420,1712705196.0390944,41530.67758264,181100.0,-3.8617429905700696e-10,190400.0,ASK
1421,1712705198.2797704,41530.79065675,180950.0,-1.455543839101836e-11,190400.0,ASK
1422,1712705198.2823358,41535.55481272,181100.0,-6.13264864104165e-10,190400.0,ASK
1423,1712705198.2930992,41539.68360739,180950.0,-5.31478129211983e-10,190400.0,ASK
1424,1712705207.5996032,41551.01691262,180950.0,-1.4588770677315056e-09,190400.0,ASK
1425,1712705207.6590405,41587.01691262,180950.0,4.634091588684083e-09,190400.0,BID
1426,1712705207.6791902,41587.98347544,180950.0,1.2442057316959339e-10,190400.0,BID
1427,1712705207.699593,41588.70663793,180950.0,9.308892256020527e-11,190400.0,BID
1428,1712705207.78277,41589.32180344,180950.0,7.9187036542326e-11,190400.0,BID
1429,1712705207.8997126,41590.12992445,180950.0,1.0402518819653644e-10,190400.0,BID
1430,1712705207.9389822,41590.93949389,180950.0,1.0421163701044723e-10,190400.0,BID
1431,1712705207.9408274,41591.74895868,180950.0,1.0419816596316224e-10,190400.0,BID
1432,1712705208.3591137,41592.71452341,180950.0,1.2429209426761115e-10,190400.0,BID
1433,1712705208.3615615,41593.68161681,180950.0,1.2448887195525059e-10,190400.0,BID
1434,1712705208.4190629,41594.72547644,180950.0,1.3437058697650808e-10,190400.0,BID
1435,1712705208.421415,41595.77836036,180950.0,1.3553223659785308e-10,190400.0,BID
1436,1712705208.4446387,41595.89914695,180950.0,1.5548225577133685e-11,190400.0,BID
1437,1712705213.7190876,41596.17500901,181250.0,3.551027921894583e-11,190400.0,BID
1438,1712705220.7688048,41596.17500901,181250.0,0.0,190400.0,BID
1439,1712705230.0188527,41596.97500901,181100.0,-1.0281575473447931e-10,190400.0,ASK
1440,1712705237.7995708,41597.03499689,181100.0,-7.709623946253106e-12,190400.0,ASK
1441,1712705237.803377,41597.07500901,180900.0,-5.142345395439919e-12,190400.0,ASK
1442,1712705241.45867,41598.85743414,181100.0,-2.2907673125013262e-10,190400.0,ASK
1443,1712705241.9795072,41598.95743414,181100.0,-1.2851969341693026e-11,190400.0,ASK
1444,1712705241.998593,41598.99898032,181100.0,-5.339502316360324e-12,190400.0,ASK
1445,1712705250.7921257,41598.99898032,181100.0,-0.0,190400.0,ASK
1446,1712705254.570777,41600.5902298,181150.0,2.044934546489826e-10,190400.0,BID
1447,1712705280.511566,41600.5902298,181150.0,0.0,190400.0,BID
1448,1712705288.6780305,41603.72667386,181000.0,4.0305340597176764e-10,190400.0,BID
1449,1712705290.9277887,41604.74550841,181000.0,1.3092684825335278e-10,190400.0,BID
1450,1712705293.2981038,41610.39439141,181000.0,7.259181064705499e-10,190400.0,BID
1451,1712705293.33787,41611.48676633,181000.0,1.4037726281157287e-10,190400.0,BID
1452,1712705293.4177918,41615.48594933,181000.0,5.139209558399933e-10,190400.0,BID
1453,1712705294.3783216,41616.23993674,181000.0,9.689227285592984e-11,190400.0,BID
1454,1712705295.4720142,41617.23118117,181000.0,1.273813388724957e-10,190400.0,BID
1455,1712705296.2679234,41618.07118116,181000.0,1.0794544729912508e-10,190400.0,BID
1456,1712705301.3275385,41620.18777974,181000.0,2.719966466563268e-10,190400.0,BID
1457,1712705301.5076542,41622.38777974,181050.0,-2.8271427010129736e-10,190400.0,ASK
1458,1712705301.7081993,41622.47637292,181050.0,-1.1384798281716106e-11,190400.0,ASK
1459,1712705301.7123177,41622.48777974,180900.0,-1.465850359081958e-12,190400.0,ASK
1460,1712705302.4389434,41622.71275659,180900.0,-2.8910984517591653e-11,190400.0,ASK
1461,1712705302.4410338,41632.48777974,180900.0,-1.2561538795809151e-09,190400.0,ASK
1462,1712705306.2672677,41633.48777974,180900.0,-1.2850648640985063e-10,190400.0,ASK
1463,1712705310.5003157,41633.48777974,180900.0,-0.0,190400.0,ASK
1464,1712705321.4173136,41634.17765708,180900.0,-8.858593950384501e-11,190400.0,ASK
1465,1712705321.537375,41636.53675251,180900.0,3.0292730740386776e-10,190400.0,BID
1466,1712705321.5471256,41641.07358442,180900.0,5.825666300577765e-10,190400.0,BID
1467,1712705322.1960304,41642.07358442,181100.0,-1.2840824646235708e-10,190400.0,ASK
1468,1712705330.9490883,41642.17358442,181100.0,-1.284082464604885e-11,190400.0,ASK
1469,1712705340.78537,41642.17358442,181100.0,-0.0,190400.0,ASK
1470,1712705370.777942,41642.17358442,181100.0,-0.0,190400.0,ASK
1471,1712705400.610373,41642.17358442,181100.0,-0.0,190400.0,ASK
1472,1712705407.8363457,41642.24028441,181100.0,-8.574940538942884e-12,190400.0,ASK
1473,1712705407.8468845,41642.39033874,181050.0,-1.929096177344429e-11,190400.0,ASK
1474,1712705408.6707516,41642.43441585,181050.0,-5.666546538004722e-12,190400.0,ASK
1475,1712705430.5664854,41642.43441585,181050.0,-0.0,190400.0,ASK
1476,1712705433.3961797,41645.38769964,181050.0,-3.7967140834317214e-10,190400.0,ASK
1477,1712705439.3263774,41645.44403766,181050.0,-7.2427632828715715e-12,190400.0,ASK
1478,1712705439.3308325,41646.59451385,180850.0,-1.4790414548101802e-10,190400.0,ASK
1479,1712705439.3349743,41652.09713932,181050.0,-7.074123959423506e-10,190400.0,ASK
1480,1712705442.2061274,41652.12527725,181250.0,3.617386025331404e-12,190400.0,BID
1481,1712705445.036657,41652.28643725,181250.0,2.0718579221652355e-11,190400.0,BID
1482,1712705451.9659915,41652.32206179,181050.0,-4.579857621713299e-12,190400.0,ASK
1483,1712705451.970729,41652.94536967,181050.0,-8.013187944633732e-11,190400.0,ASK
1484,1712705457.9257767,41653.97906261,181050.0,1.3289059983111756e-10,190400.0,BID
1485,1712705460.8106723,41653.97906261,181050.0,0.0,190400.0,BID
1486,1712705461.0558035,41654.47326193,180900.0,-6.351673750658486e-11,190400.0,ASK
1487,1712705461.3656046,41655.20699152,181050.0,9.43022539348748e-11,190400.0,BID
1488,1712705461.4455817,41655.94936081,181050.0,9.541266735542867e-11,190400.0,BID
1489,1712705481.6582508,41656.50169441,181050.0,7.098841877658814e-11,190400.0,BID
1490,1712705484.747153,41657.31196941,181050.0,1.0414021711654939e-10,190400.0,BID
1491,1712705489.6054168,41659.76145874,181050.0,3.14819475671543e-10,190400.0,BID
1492,1712705490.788657,41659.76145874,181050.0,0.0,190400.0,BID
1493,1712705497.2186248,41659.7938474,181050.0,4.1621774532861496e-12,190400.0,BID
1494,1712705499.9461648,41660.34663899,180900.0,-7.103772408817263e-11,190400.0,ASK
1495,1712705499.9508522,41663.05480997,180850.0,-3.4801959063889444e-10,190400.0,ASK
1496,1712705499.954364,41663.14856724,180900.0,-1.2048488431954815e-11,190400.0,ASK
1497,1712705519.201251,41663.19571373,180850.0,-6.058665523631527e-12,190400.0,ASK
1498,1712705519.2049477,41664.34993198,180850.0,-1.4832540701479354e-10,190400.0,ASK
1499,1712705519.2085755,41664.42193198,180750.0,-9.252521613684544e-12,190400.0,ASK
