,time,acc_trade_volume,trade_price,dev,high,ask_bid
0,1712689619.131238,35462926.09771535,98.5,0.0,102.7,BID
1,1712689620.3332336,35462926.09771535,98.5,0.0,102.7,BID
2,1712689650.3437634,35462926.09771535,98.5,0.0,102.7,BID
3,1712689680.3519156,35462926.09771535,98.5,0.0,102.7,BID
4,1712689686.8619492,35464142.39192226,98.59,-3.016472885646087e-07,102.7,ASK
5,1712689686.9618664,35468306.4352076,98.5,-1.032704389573411e-06,102.7,ASK
6,1712689697.0622125,35530131.3425426,98.5,-1.5332898535087035e-05,102.7,ASK
7,1712689697.083522,35535208.38176997,98.5,-1.2591321311660036e-06,102.7,ASK
8,1712689710.3425186,35535208.38176997,98.5,-0.0,102.7,ASK
9,1712689740.5318315,35535208.38176997,98.5,-0.0,102.7,ASK
10,1712689770.5119152,35535208.38176997,98.5,-0.0,102.7,ASK
11,1712689800.345707,35535208.38176997,98.5,-0.0,102.7,ASK
12,1712689821.7619593,35536223.61019636,98.5,2.514174416486403e-07,102.7,BID
13,1712689830.343723,35536223.61019636,98.5,0.0,102.7,BID
14,1712689860.5037663,35536223.61019636,98.5,0.0,102.7,BID
15,1712689890.503482,35536223.61019636,98.5,0.0,102.7,BID
16,1712689920.3323402,35536223.61019636,98.5,0.0,102.7,BID
17,1712689941.2722695,35536324.61677662,98.2,-2.5013274315481456e-08,102.7,ASK
18,1712689950.3521268,35536324.61677662,98.2,-0.0,102.7,ASK
19,1712689980.4932437,35536324.61677662,98.2,-0.0,102.7,ASK
20,1712690010.512267,35536324.61677662,98.2,-0.0,102.7,ASK
21,1712690040.323721,35536324.61677662,98.2,-0.0,102.7,ASK
22,1712690048.0926485,35536420.1193475,98.2,-2.3650203078045227e-08,102.7,ASK
23,1712690070.3238485,35536420.1193475,98.2,-0.0,102.7,ASK
24,1712690100.3632903,35536420.1193475,98.2,-0.0,102.7,ASK
25,1712690130.3223934,35536420.1193475,98.2,-0.0,102.7,ASK
26,1712690156.692301,35536499.63919117,98.27,-1.969630309776088e-08,102.7,ASK
27,1712690160.5022168,35536499.63919117,98.27,-0.0,102.7,ASK
28,1712690190.553385,35536499.63919117,98.27,-0.0,102.7,ASK
29,1712690220.333537,35536499.63919117,98.27,-0.0,102.7,ASK
30,1712690250.3843317,35536499.63919117,98.27,-0.0,102.7,ASK
31,1712690280.4937024,35536499.63919117,98.27,-0.0,102.7,ASK
32,1712690310.5135398,35536499.63919117,98.27,-0.0,102.7,ASK
33,1712690340.3324883,35536499.63919117,98.27,-0.0,102.7,ASK
34,1712690370.3437912,35536499.63919117,98.27,-0.0,102.7,ASK
35,1712690400.3632157,35536499.63919117,98.27,-0.0,102.7,ASK
36,1712690430.333499,35536499.63919117,98.27,-0.0,102.7,ASK
37,1712690460.5030704,35536499.63919117,98.27,-0.0,102.7,ASK
38,1712690485.5321317,35537514.86761756,98.5,2.519619890699106e-07,102.7,BID
39,1712690490.511978,35537514.86761756,98.5,0.0,102.7,BID
40,1712690520.3423111,35537514.86761756,98.5,0.0,102.7,BID
41,1712690545.111736,35545636.69502856,98.5,2.015645887714207e-06,102.7,BID
42,1712690545.2222786,35545636.69502873,98.5,4.2528340208465136e-17,102.7,BID
43,1712690550.3525531,35545636.69502873,98.5,0.0,102.7,BID
44,1712690580.492107,35545636.69502873,98.5,0.0,102.7,BID
45,1712690596.7024126,35545718.53543011,98.55,-2.0306824443962666e-08,102.7,ASK
46,1712690596.7036123,35546606.10334319,98.5,-2.202296847128245e-07,102.7,ASK
47,1712690610.5045235,35546606.10334319,98.5,-0.0,102.7,ASK
48,1712690640.323414,35546606.10334319,98.5,-0.0,102.7,ASK
49,1712690670.3356075,35546606.10334319,98.5,-0.0,102.7,ASK
50,1712690700.5036883,35546606.10334319,98.5,-0.0,102.7,ASK
51,1712690730.5133004,35546606.10334319,98.5,-0.0,102.7,ASK
52,1712690760.302319,35546606.10334319,98.5,-0.0,102.7,ASK
53,1712690790.3319888,35546606.10334319,98.5,-0.0,102.7,ASK
54,1712690820.5034916,35546606.10334319,98.5,-0.0,102.7,ASK
55,1712690850.523741,35546606.10334319,98.5,-0.0,102.7,ASK
56,1712690880.3417857,35546606.10334319,98.5,-0.0,102.7,ASK
57,1712690910.3218286,35546606.10334319,98.5,-0.0,102.7,ASK
58,1712690940.5017087,35546606.10334319,98.5,-0.0,102.7,ASK
59,1712690970.5056112,35546606.10334319,98.5,-0.0,102.7,ASK
60,1712691000.4032085,35546606.10334319,98.5,-0.0,102.7,ASK
61,1712691030.3233645,35546606.10334319,98.5,-0.0,102.7,ASK
62,1712691060.49378,35546606.10334319,98.5,-0.0,102.7,ASK
63,1712691090.5228453,35546606.10334319,98.5,-0.0,102.7,ASK
64,1712691120.351679,35546606.10334319,98.5,-0.0,102.7,ASK
65,1712691150.3230748,35546606.10334319,98.5,-0.0,102.7,ASK
66,1712691180.4826567,35546606.10334319,98.5,-0.0,102.7,ASK
67,1712691210.501454,35546606.10334319,98.5,-0.0,102.7,ASK
68,1712691240.321721,35546606.10334319,98.5,-0.0,102.7,ASK
69,1712691249.3825471,35546672.59617239,98.81,-1.6562046164652774e-08,102.7,ASK
70,1712691256.732281,35546856.06144444,98.8,-4.569756380710636e-08,102.7,ASK
71,1712691256.734816,35546890.71225453,98.81,-8.630830170279303e-09,102.7,ASK
72,1712691257.3315413,35547509.37657722,98.8,-1.5409702362681458e-07,102.7,ASK
73,1712691257.9133215,35548172.58371596,98.8,-1.651917564659091e-07,102.7,ASK
74,1712691270.3320637,35548172.58371596,98.8,-0.0,102.7,ASK
75,1712691300.4919078,35548172.58371596,98.8,-0.0,102.7,ASK
76,1712691330.5015817,35548172.58371596,98.8,-0.0,102.7,ASK
77,1712691344.3717036,35559281.58371596,98.8,-2.766965480956536e-06,102.7,ASK
78,1712691344.3732522,35567590.13265572,98.8,-2.069445324794832e-06,102.7,ASK
79,1712691360.3432798,35567590.13265572,98.8,-0.0,102.7,ASK
80,1712691390.3515265,35567590.13265572,98.8,-0.0,102.7,ASK
81,1712691420.4914956,35567590.13265572,98.8,-0.0,102.7,ASK
82,1712691450.5026698,35567590.13265572,98.8,-0.0,102.7,ASK
83,1712691480.3130498,35567590.13265572,98.8,-0.0,102.7,ASK
84,1712691510.321408,35567590.13265572,98.8,-0.0,102.7,ASK
85,1712691540.491637,35567590.13265572,98.8,-0.0,102.7,ASK
86,1712691570.5015552,35567590.13265572,98.8,-0.0,102.7,ASK
87,1712691575.5363705,35568095.08115097,99.02,1.2570958253779424e-07,102.7,BID
88,1712691600.3317988,35568095.08115097,99.02,0.0,102.7,BID
89,1712691630.333851,35568095.08115097,99.02,0.0,102.7,BID
90,1712691660.4939227,35568095.08115097,99.02,0.0,102.7,BID
91,1712691690.5033803,35568095.08115097,99.02,0.0,102.7,BID
92,1712691720.3445845,35568095.08115097,99.02,0.0,102.7,BID
93,1712691750.3236277,35568095.08115097,99.02,0.0,102.7,BID
94,1712691780.5014358,35568095.08115097,99.02,0.0,102.7,BID
95,1712691810.5436494,35568095.08115097,99.02,0.0,102.7,BID
96,1712691840.3215623,35568095.08115097,99.02,0.0,102.7,BID
97,1712691870.322919,35568095.08115097,99.02,0.0,102.7,BID
98,1712691900.363515,35568095.08115097,99.02,0.0,102.7,BID
99,1712691930.332751,35568095.08115097,99.02,0.0,102.7,BID
100,1712691960.4837997,35568095.08115097,99.02,0.0,102.7,BID
101,1712691990.4928768,35568095.08115097,99.02,0.0,102.7,BID
102,1712692020.3213131,35568095.08115097,99.02,0.0,102.7,BID
103,1712692050.3128126,35568095.08115097,99.02,0.0,102.7,BID
104,1712692080.4824336,35568095.08115097,99.02,0.0,102.7,BID
105,1712692110.5025384,35568095.08115097,99.02,0.0,102.7,BID
106,1712692140.341313,35568095.08115097,99.02,0.0,102.7,BID
107,1712692170.323026,35568095.08115097,99.02,0.0,102.7,BID
108,1712692200.35841,35568095.08115097,99.02,0.0,102.7,BID
109,1712692230.33319,35568095.08115097,99.02,0.0,102.7,BID
110,1712692260.4930544,35568095.08115097,99.02,0.0,102.7,BID
111,1712692290.5013225,35568095.08115097,99.02,0.0,102.7,BID
112,1712692320.3329356,35568095.08115097,99.02,0.0,102.7,BID
113,1712692350.341314,35568095.08115097,99.02,0.0,102.7,BID
114,1712692380.4831586,35568095.08115097,99.02,0.0,102.7,BID
115,1712692388.0713575,35568297.06054907,99.02,5.0339751656337584e-08,102.7,BID
116,1712692410.49324,35568297.06054907,99.02,0.0,102.7,BID
117,1712692440.3119493,35568297.06054907,99.02,0.0,102.7,BID
118,1712692470.3316436,35568297.06054907,99.02,0.0,102.7,BID
119,1712692500.4945743,35568297.06054907,99.02,0.0,102.7,BID
120,1712692511.2013752,35580335.00736307,99.02,3.00101101133783e-06,102.7,BID
121,1712692530.5032103,35580335.00736307,99.02,0.0,102.7,BID
122,1712692560.3413265,35580335.00736307,99.02,0.0,102.7,BID
123,1712692590.3112528,35580335.00736307,99.02,0.0,102.7,BID
124,1712692620.5012465,35580335.00736307,99.02,0.0,102.7,BID
125,1712692650.5031674,35580335.00736307,99.02,0.0,102.7,BID
126,1712692680.3845837,35580335.00736307,99.02,0.0,102.7,BID
127,1712692710.339743,35580335.00736307,99.02,0.0,102.7,BID
128,1712692720.5494835,35584632.00736307,99.02,1.0709063323954425e-06,102.7,BID
129,1712692720.5693953,35589281.00736307,99.02,1.1586324271134304e-06,102.7,BID
130,1712692722.2594252,35591473.00736307,99.02,5.462943171074725e-07,102.7,BID
131,1712692722.2796907,35593408.00736307,99.02,4.822442990889413e-07,102.7,BID
132,1712692722.2812765,35597255.00736307,99.02,9.58756495398014e-07,102.7,BID
133,1712692723.209448,35601308.00736307,99.02,1.0100961985568368e-06,102.7,BID
134,1712692723.2906098,35619547.85937611,99.02,4.545769844709485e-06,102.7,BID
135,1712692723.2926197,35637678.03301507,99.02,4.518435596321515e-06,102.7,BID
136,1712692723.2945747,35638958.00736307,99.02,3.189975877538267e-07,102.7,BID
137,1712692723.3896952,35638958.85431734,99.02,2.1107951694105227e-10,102.7,BID
138,1712692740.481951,35638958.85431734,99.02,0.0,102.7,BID
139,1712692746.6795847,35639019.36258681,99.16,1.5058198522366008e-08,102.7,BID
140,1712692770.4903758,35639019.36258681,99.16,0.0,102.7,BID
141,1712692800.4183738,35639019.36258681,99.16,0.0,102.7,BID
142,1712692830.318535,35639019.36258681,99.16,0.0,102.7,BID
143,1712692860.4891236,35639019.36258681,99.16,0.0,102.7,BID
144,1712692890.4865658,35639019.36258681,99.16,0.0,102.7,BID
145,1712692920.3262136,35639019.36258681,99.16,0.0,102.7,BID
146,1712692950.32762,35639019.36258681,99.16,0.0,102.7,BID
147,1712692970.465528,35639079.83426591,99.22,1.5060605767145073e-08,102.7,BID
148,1712692970.4765277,35653902.04819281,99.26,3.6915052446975982e-06,102.7,BID
149,1712692980.4976456,35653902.04819281,99.26,0.0,102.7,BID
150,1712692986.415207,35669792.04819275,99.32,3.9559842753239365e-06,102.7,BID
151,1712692986.4177575,35669852.81267581,99.32,1.5127963467709722e-08,102.7,BID
152,1712692992.8754532,35669852.81267587,99.32,1.4839209406456816e-17,102.7,BID
153,1712693010.4852183,35669852.81267587,99.32,0.0,102.7,BID
154,1712693040.2962327,35669852.81267587,99.32,0.0,102.7,BID
155,1712693070.3362815,35669852.81267587,99.32,0.0,102.7,BID
156,1712693100.489097,35669852.81267587,99.32,0.0,102.7,BID
157,1712693130.5155573,35669852.81267587,99.32,0.0,102.7,BID
158,1712693160.3249557,35669852.81267587,99.32,0.0,102.7,BID
159,1712693183.5627306,35669913.20522746,99.35,1.5030763418796536e-08,102.7,BID
160,1712693183.668818,35671076.02687781,99.43,2.894081582206054e-07,102.7,BID
161,1712693183.6710763,35672267.59413746,99.43,2.9656249168116705e-07,102.7,BID
162,1712693183.7429905,35674217.45022059,99.43,4.852887436708639e-07,102.7,BID
163,1712693183.7545877,35677477.77816417,99.43,8.114447345018639e-07,102.7,BID
164,1712693190.313859,35677477.77816417,99.43,0.0,102.7,BID
165,1712693206.633011,35677538.75377393,99.48,1.5173014491690593e-08,102.7,BID
166,1712693220.514691,35677538.75377393,99.48,0.0,102.7,BID
167,1712693250.5026731,35677538.75377393,99.48,0.0,102.7,BID
168,1712693280.323208,35677538.75377393,99.48,0.0,102.7,BID
169,1712693289.3318326,35677599.70460692,99.52,1.516682621218844e-08,102.7,BID
170,1712693296.9416883,35677660.64305908,99.54,1.5163745402590545e-08,102.7,BID
171,1712693310.33434,35677660.64305908,99.54,0.0,102.7,BID
172,1712693318.1554012,35677721.57532271,99.55,1.5162159694367297e-08,102.7,BID
173,1712693340.492172,35677721.57532271,99.55,0.0,102.7,BID
174,1712693370.4831955,35677721.57532271,99.55,0.0,102.7,BID
175,1712693400.3534207,35677721.57532271,99.55,0.0,102.7,BID
176,1712693430.3228483,35677721.57532271,99.55,0.0,102.7,BID
177,1712693460.490393,35677721.57532271,99.55,0.0,102.7,BID
178,1712693490.5003078,35677721.57532271,99.55,0.0,102.7,BID
179,1712693520.3198557,35677721.57532271,99.55,0.0,102.7,BID
180,1712693550.319723,35677721.57532271,99.55,0.0,102.7,BID
181,1712693580.4798217,35677721.57532271,99.55,0.0,102.7,BID
182,1712693610.489293,35677721.57532271,99.55,0.0,102.7,BID
183,1712693640.3510566,35677721.57532271,99.55,0.0,102.7,BID
184,1712693670.3101892,35677721.57532271,99.55,0.0,102.7,BID
185,1712693696.3187225,35677773.52892466,99.76,1.2928116057321863e-08,102.7,BID
186,1712693700.331308,35677773.52892466,99.76,0.0,102.7,BID
187,1712693730.3187568,35677773.52892466,99.76,0.0,102.7,BID
188,1712693760.471418,35677773.52892466,99.76,0.0,102.7,BID
189,1712693781.348549,35689375.94366991,99.9,2.8926455118039152e-06,102.7,BID
190,1712693781.351501,35689436.03982376,99.84,1.4982818106676068e-08,102.7,BID
191,1712693790.5005212,35689436.03982376,99.84,0.0,102.7,BID
192,1712693820.3101575,35689436.03982376,99.84,0.0,102.7,BID
193,1712693835.258161,35693271.83982376,99.9,9.56041296479546e-07,102.7,BID
194,1712693850.3314002,35693271.83982376,99.9,0.0,102.7,BID
195,1712693851.917873,35693472.04002396,99.9,4.9893472131353284e-08,102.7,BID
196,1712693880.474511,35693472.04002396,99.9,0.0,102.7,BID
197,1712693901.4277153,35693597.16514908,99.9,3.1183264651688535e-08,102.7,BID
198,1712693910.4876173,35693597.16514908,99.9,0.0,102.7,BID
199,1712693940.319328,35693597.16514908,99.9,0.0,102.7,BID
200,1712693970.3194375,35693597.16514908,99.9,0.0,102.7,BID
201,1712694000.3693752,35693597.16514908,99.9,0.0,102.7,BID
202,1712694030.307028,35693597.16514908,99.9,0.0,102.7,BID
203,1712694060.4793096,35693597.16514908,99.9,0.0,102.7,BID
204,1712694090.4807713,35693597.16514908,99.9,0.0,102.7,BID
205,1712694120.3088942,35693597.16514908,99.9,0.0,102.7,BID
206,1712694150.3401933,35693597.16514908,99.9,0.0,102.7,BID
207,1712694180.4862576,35693597.16514908,99.9,0.0,102.7,BID
208,1712694209.3662815,35693854.29074908,99.89,6.421535946103048e-08,102.7,BID
209,1712694209.43216,35699677.43377052,99.89,-1.4542901302357816e-06,102.7,ASK
210,1712694209.5459194,35705679.97123577,99.89,-1.499092665238015e-06,102.7,ASK
211,1712694210.496025,35705679.97123577,99.89,-0.0,102.7,ASK
212,1712694234.8160946,35719916.4311652,99.9,3.554387076453696e-06,102.7,BID
213,1712694234.998854,35720791.4311652,99.9,-2.184594138790301e-07,102.7,ASK
214,1712694235.076376,35720791.43116524,99.9,-9.300854115785448e-18,102.7,ASK
215,1712694235.079009,35723811.44270724,99.9,-7.539999444265129e-07,102.7,ASK
216,1712694240.307558,35723811.44270724,99.9,-0.0,102.7,ASK
217,1712694255.956153,35733821.45271725,99.9,2.4980484965897948e-06,102.7,BID
218,1712694263.2760634,35738823.95647037,99.9,1.2484000482680255e-06,102.7,BID
219,1712694270.3077092,35738823.95647037,99.9,0.0,102.7,BID
220,1712694300.481494,35738823.95647037,99.9,0.0,102.7,BID
221,1712694330.4723015,35738823.95647037,99.9,0.0,102.7,BID
222,1712694360.328055,35738823.95647037,99.9,0.0,102.7,BID
223,1712694390.3177185,35738823.95647037,99.9,0.0,102.7,BID
224,1712694420.5055816,35738823.95647037,99.9,0.0,102.7,BID
225,1712694450.510595,35738823.95647037,99.9,0.0,102.7,BID
226,1712694480.2950122,35738823.95647037,99.9,0.0,102.7,BID
227,1712694510.2868154,35738823.95647037,99.9,0.0,102.7,BID
228,1712694540.3268716,35738823.95647037,99.9,0.0,102.7,BID
229,1712694570.355614,35738823.95647037,99.9,0.0,102.7,BID
230,1712694573.7545452,35739324.45697087,99.86,1.2488541930158188e-07,102.7,BID
231,1712694600.5869489,35739324.45697087,99.86,0.0,102.7,BID
232,1712694630.4772246,35739324.45697087,99.86,0.0,102.7,BID
233,1712694660.302554,35739324.45697087,99.86,0.0,102.7,BID
234,1712694690.374356,35739324.45697087,99.86,0.0,102.7,BID
235,1712694704.7545502,35739374.50702092,99.9,1.2522283199583229e-08,102.7,BID
236,1712694720.4770193,35739374.50702092,99.9,0.0,102.7,BID
237,1712694750.4781387,35739374.50702092,99.9,0.0,102.7,BID
238,1712694780.337198,35739374.50702092,99.9,0.0,102.7,BID
239,1712694810.2869663,35739374.50702092,99.9,0.0,102.7,BID
240,1712694840.4956434,35739374.50702092,99.9,0.0,102.7,BID
241,1712694860.7661388,35744384.527061,99.8,1.253481489679192e-06,102.7,BID
242,1712694870.4762044,35744384.527061,99.8,0.0,102.7,BID
243,1712694900.3162067,35744384.527061,99.8,0.0,102.7,BID
244,1712694930.3079193,35744384.527061,99.8,0.0,102.7,BID
245,1712694960.4791954,35744384.527061,99.8,0.0,102.7,BID
246,1712694990.486578,35744384.527061,99.8,0.0,102.7,BID
247,1712695020.2922697,35744384.527061,99.8,0.0,102.7,BID
248,1712695050.3278852,35744384.527061,99.8,0.0,102.7,BID
249,1712695080.4971175,35744384.527061,99.8,0.0,102.7,BID
250,1712695110.4801514,35744384.527061,99.8,0.0,102.7,BID
251,1712695140.3176906,35744384.527061,99.8,0.0,102.7,BID
252,1712695170.299049,35744384.527061,99.8,0.0,102.7,BID
253,1712695200.3478692,35744384.527061,99.8,0.0,102.7,BID
254,1712695230.3201306,35744384.527061,99.8,0.0,102.7,BID
255,1712695260.46953,35744384.527061,99.8,0.0,102.7,BID
256,1712695290.4801574,35744384.527061,99.8,0.0,102.7,BID
257,1712695296.108173,35745884.13553405,99.6,-3.7576176993575974e-07,102.7,ASK
258,1712695296.1111574,35745984.527061,99.61,-2.5155431255678362e-08,102.7,ASK
259,1712695296.1141129,35748154.527061,99.6,-5.437439541158879e-07,102.7,ASK
260,1712695296.1274903,35760699.527061,99.6,-3.1434414305916195e-06,102.7,ASK
261,1712695296.1680355,35764484.527061,99.6,-9.484197540684958e-07,102.7,ASK
262,1712695320.3098042,35764484.527061,99.6,-0.0,102.7,ASK
263,1712695327.0278578,35764484.91858795,99.6,-9.805699211217048e-11,102.7,ASK
264,1712695327.030549,35766266.527061,99.55,-4.461995960278528e-07,102.7,ASK
265,1712695342.538001,35766327.89557895,99.55,-1.5369599063118783e-08,102.7,ASK
266,1712695348.037843,35847335.56259971,99.55,-2.0288177142529865e-05,102.7,ASK
267,1712695350.309986,35847335.56259971,99.55,-0.0,102.7,ASK
268,1712695380.471391,35847335.56259971,99.55,-0.0,102.7,ASK
269,1712695409.9981506,35847484.91858795,99.55,-3.7328743292957314e-08,102.7,ASK
270,1712695410.0013602,35883113.56259971,99.55,-8.904714982291364e-06,102.7,ASK
271,1712695410.1620383,35885926.21955591,99.55,-7.029711411306398e-07,102.7,ASK
272,1712695410.4779444,35885926.21955591,99.55,-0.0,102.7,ASK
273,1712695440.3096144,35885926.21955591,99.55,-0.0,102.7,ASK
274,1712695451.7181883,35887746.53218457,99.55,-4.545167774794466e-07,102.7,ASK
275,1712695470.3196547,35887746.53218457,99.55,-0.0,102.7,ASK
276,1712695500.330618,35887746.53218457,99.55,-0.0,102.7,ASK
277,1712695530.3283548,35887746.53218457,99.55,-0.0,102.7,ASK
278,1712695560.4780214,35887746.53218457,99.55,-0.0,102.7,ASK
279,1712695590.4782405,35887746.53218457,99.55,-0.0,102.7,ASK
280,1712695620.308064,35887746.53218457,99.55,-0.0,102.7,ASK
281,1712695650.309955,35887746.53218457,99.55,-0.0,102.7,ASK
282,1712695680.5191567,35887746.53218457,99.55,-0.0,102.7,ASK
283,1712695710.4716926,35887746.53218457,99.55,-0.0,102.7,ASK
284,1712695740.3106506,35887746.53218457,99.55,-0.0,102.7,ASK
285,1712695746.5280714,35887796.68263592,99.7,1.252576984304141e-08,102.7,BID
286,1712695770.321068,35887796.68263592,99.7,0.0,102.7,BID
287,1712695800.4131362,35887796.68263592,99.7,0.0,102.7,BID
288,1712695830.30967,35887796.68263592,99.7,0.0,102.7,BID
289,1712695860.4817305,35887796.68263592,99.7,0.0,102.7,BID
290,1712695890.4806333,35887796.68263592,99.7,0.0,102.7,BID
291,1712695920.3013887,35887796.68263592,99.7,0.0,102.7,BID
292,1712695950.3111184,35887796.68263592,99.7,0.0,102.7,BID
293,1712695980.4977438,35887796.68263592,99.7,0.0,102.7,BID
294,1712696010.4881828,35887796.68263592,99.7,0.0,102.7,BID
295,1712696040.3482597,35887796.68263592,99.7,0.0,102.7,BID
296,1712696070.328123,35887796.68263592,99.7,0.0,102.7,BID
297,1712696100.4780428,35887796.68263592,99.7,0.0,102.7,BID
298,1712696130.4714172,35887796.68263592,99.7,0.0,102.7,BID
299,1712696160.2909937,35887796.68263592,99.7,0.0,102.7,BID
300,1712696190.3129444,35887796.68263592,99.7,0.0,102.7,BID
301,1712696220.4776738,35887796.68263592,99.7,0.0,102.7,BID
302,1712696250.4898975,35887796.68263592,99.7,0.0,102.7,BID
303,1712696280.3091602,35887796.68263592,99.7,0.0,102.7,BID
304,1712696310.3016098,35887796.68263592,99.7,0.0,102.7,BID
305,1712696340.4975705,35887796.68263592,99.7,0.0,102.7,BID
306,1712696370.491275,35887796.68263592,99.7,0.0,102.7,BID
307,1712696400.4375312,35887796.68263592,99.7,0.0,102.7,BID
308,1712696430.317307,35887796.68263592,99.7,0.0,102.7,BID
309,1712696460.487378,35887796.68263592,99.7,0.0,102.7,BID
310,1712696462.8774123,35887846.80292461,99.76,1.2541641182358422e-08,102.7,BID
311,1712696490.4874194,35887846.80292461,99.76,0.0,102.7,BID
312,1712696520.308345,35887846.80292461,99.76,0.0,102.7,BID
313,1712696550.3172271,35887846.80292461,99.76,0.0,102.7,BID
314,1712696580.4589913,35887846.80292461,99.76,0.0,102.7,BID
315,1712696610.510144,35887846.80292461,99.76,0.0,102.7,BID
316,1712696640.295294,35887846.80292461,99.76,0.0,102.7,BID
317,1712696670.2971632,35887846.80292461,99.76,0.0,102.7,BID
318,1712696700.4798827,35887846.80292461,99.76,0.0,102.7,BID
319,1712696730.4898152,35887846.80292461,99.76,0.0,102.7,BID
320,1712696760.3178558,35887846.80292461,99.76,0.0,102.7,BID
321,1712696781.6811156,35889401.85145684,99.62,-3.896893656851235e-07,102.7,ASK
322,1712696781.6852603,35889452.03710661,99.65,-1.2576336763150033e-08,102.7,ASK
323,1712696781.7526293,35889452.03710769,99.62,-2.707277201707181e-16,102.7,ASK
324,1712696790.3215964,35889452.03710769,99.62,-0.0,102.7,ASK
325,1712696790.92881,35889953.94435523,99.62,1.2577104519766461e-07,102.7,BID
326,1712696820.4756732,35889953.94435523,99.62,0.0,102.7,BID
327,1712696825.3994849,35890054.43676805,99.51,-2.5181699408570293e-08,102.7,ASK
328,1712696825.4021146,35924468.64295223,99.51,-8.62361815377079e-06,102.7,ASK
329,1712696825.4195735,35924468.64295262,99.51,-9.708345474802904e-17,102.7,ASK
330,1712696830.7929184,35924569.25669645,99.39,-2.5212102907138445e-08,102.7,ASK
331,1712696830.7946813,35924669.77941458,99.41,-2.518929340708997e-08,102.7,ASK
332,1712696830.7961986,35924770.38303631,99.4,-2.520956648052884e-08,102.7,ASK
333,1712696830.797706,35924870.99677862,99.39,-2.521210252813957e-08,102.7,ASK
334,1712696850.4702728,35924870.99677862,99.39,-0.0,102.7,ASK
335,1712696880.3124094,35924870.99677862,99.39,-0.0,102.7,ASK
336,1712696908.2314217,35924931.34680879,99.42,1.510954176230227e-08,102.7,BID
337,1712696910.331345,35924931.34680879,99.42,0.0,102.7,BID
338,1712696940.4744334,35924931.34680879,99.42,0.0,102.7,BID
339,1712696945.9224818,35925032.02132606,99.33,-2.520534842704368e-08,102.7,ASK
340,1712696945.9263146,35925032.02132758,99.39,-3.8053397171172943e-16,102.7,ASK
341,1712696945.9290774,35925132.69584685,99.33,-2.5205348928826225e-08,102.7,ASK
342,1712696945.932053,35925233.36023179,99.34,-2.5202811649551418e-08,102.7,ASK
343,1712696946.00218,35925233.36023379,99.33,-5.017825411296824e-16,102.7,ASK
344,1712696946.005653,35925434.04488944,99.32,-5.024435981419565e-08,102.7,ASK
345,1712696970.4927826,35925434.04488944,99.32,-0.0,102.7,ASK
346,1712697000.3465424,35925434.04488944,99.32,-0.0,102.7,ASK
347,1712697023.5737162,35928033.11914985,99.31,6.508756609031961e-07,102.7,BID
348,1712697030.3339226,35928033.11914985,99.31,0.0,102.7,BID
349,1712697053.8846595,35928135.82783981,99.31,2.5719259597677853e-08,102.7,BID
350,1712697060.5044456,35928135.82783981,99.31,0.0,102.7,BID
351,1712697090.4982717,35928135.82783981,99.31,0.0,102.7,BID
352,1712697120.3368363,35928135.82783981,99.31,0.0,102.7,BID
353,1712697150.3177276,35928135.82783981,99.31,0.0,102.7,BID
354,1712697165.165894,35929337.9697623,99.2,-3.0102731541199025e-07,102.7,ASK
355,1712697165.1687038,35929438.69498389,99.28,-2.522251531359549e-08,102.7,ASK
356,1712697171.8058245,35930090.12855593,99.1,-1.6312491536186005e-07,102.7,ASK
357,1712697180.5093644,35930090.12855593,99.1,-0.0,102.7,ASK
358,1712697207.4809582,35931646.54038439,99.1,-3.897208212687893e-07,102.7,ASK
359,1712697210.509286,35931646.54038439,99.1,-0.0,102.7,ASK
360,1712697240.300506,35931646.54038439,99.1,-0.0,102.7,ASK
361,1712697270.3272867,35931646.54038439,99.1,-0.0,102.7,ASK
362,1712697300.3273528,35931646.54038439,99.1,-0.0,102.7,ASK
363,1712697330.3197422,35931646.54038439,99.1,-0.0,102.7,ASK
364,1712697360.500725,35931646.54038439,99.1,-0.0,102.7,ASK
365,1712697361.017897,35931717.37574721,99.08,-1.7748110753616648e-08,102.7,ASK
366,1712697390.5053284,35931717.37574721,99.08,-0.0,102.7,ASK
367,1712697420.338669,35931717.37574721,99.08,-0.0,102.7,ASK
368,1712697450.3331838,35931717.37574721,99.08,-0.0,102.7,ASK
369,1712697480.4898791,35931717.37574721,99.08,-0.0,102.7,ASK
370,1712697510.4923842,35931717.37574721,99.08,-0.0,102.7,ASK
371,1712697540.3309417,35931717.37574721,99.08,-0.0,102.7,ASK
372,1712697570.32164,35931717.37574721,99.08,-0.0,102.7,ASK
373,1712697600.3624876,35931717.37574721,99.08,-0.0,102.7,ASK
374,1712697629.320397,35931747.46892698,99.08,-7.544704733931211e-09,102.7,ASK
375,1712697629.32345,35931850.41604021,99.08,-2.5810020027071213e-08,102.7,ASK
376,1712697630.3304794,35931850.41604021,99.08,-0.0,102.7,ASK
377,1712697660.3740733,35931850.41604021,99.08,-0.0,102.7,ASK
378,1712697676.358411,35931850.41604042,99.08,-5.230231135755197e-17,102.7,ASK
379,1712697676.4907684,35931850.41604055,99.0,-3.175497475279942e-17,102.7,ASK
380,1712697676.494424,35954315.46634355,99.0,-5.632226721536775e-06,102.7,ASK
381,1712697690.323764,35954315.46634355,99.0,-0.0,102.7,ASK
382,1712697720.4927783,35954315.46634355,99.0,-0.0,102.7,ASK
383,1712697727.020706,35985454.09079575,98.9,-7.802433324078106e-06,102.7,ASK
384,1712697727.023661,35986465.21314155,98.9,-2.533578417293857e-07,102.7,ASK
385,1712697727.0405126,35990790.68236355,98.9,-1.08383673953787e-06,102.7,ASK
386,1712697727.060463,35996000.86638955,98.9,-1.3055205290610491e-06,102.7,ASK
387,1712697750.575296,35996000.86638955,98.9,-0.0,102.7,ASK
388,1712697780.3412304,35996000.86638955,98.9,-0.0,102.7,ASK
389,1712697783.5609825,35996102.06047981,98.82,-2.53301281649684e-08,102.7,ASK
390,1712697783.5711296,35997114.20622879,98.8,-2.533525572185849e-07,102.7,ASK
391,1712697783.574054,35997215.36960764,98.85,-2.5322440719871952e-08,102.7,ASK
392,1712697783.5770037,36010020.18099055,98.8,-3.205202128081595e-06,102.7,ASK
393,1712697783.5808454,36010020.18099175,98.8,-3.002605182822414e-16,102.7,ASK
394,1712697783.640912,36010121.41605957,98.78,-2.5340385353343603e-08,102.7,ASK
395,1712697810.3383172,36010121.41605957,98.78,-0.0,102.7,ASK
396,1712697840.4936116,36010121.41605957,98.78,-0.0,102.7,ASK
397,1712697853.2015393,36010222.64087989,98.79,2.5328975030896986e-08,102.7,BID
398,1712697870.4951222,36010222.64087989,98.79,0.0,102.7,BID
399,1712697900.3165305,36010222.64087989,98.79,0.0,102.7,BID
400,1712697928.9118326,36011235.81210582,98.7,-2.539729078070763e-07,102.7,ASK
401,1712697928.9158082,36011438.446351,98.7,-5.0794581559921145e-08,102.7,ASK
402,1712697930.334149,36011438.446351,98.7,-0.0,102.7,ASK
403,1712697960.486478,36011438.446351,98.7,-0.0,102.7,ASK
404,1712697990.5021458,36011438.446351,98.7,-0.0,102.7,ASK
405,1712697999.9927611,36011539.76347359,98.64,2.5396526839368484e-08,102.7,BID
406,1712698020.356029,36011539.76347359,98.64,0.0,102.7,BID
407,1712698044.4238253,36011641.18335188,98.6,-2.542222027871949e-08,102.7,ASK
408,1712698044.4260335,36012655.38213484,98.6,-2.542222028040032e-07,102.7,ASK
409,1712698044.51208,36015065.45257638,98.54,6.041157087304164e-07,102.7,BID
410,1712698050.322263,36015065.45257638,98.54,0.0,102.7,BID
411,1712698080.532385,36015065.45257638,98.54,0.0,102.7,BID
412,1712698105.1725729,36015116.19339229,98.54,1.2717742058998342e-08,102.7,BID
413,1712698110.4927824,36015116.19339229,98.54,0.0,102.7,BID
414,1712698120.6939206,36029341.93345329,98.54,3.565552951842928e-06,102.7,BID
415,1712698120.832276,36033745.02200574,98.54,1.103594281779187e-06,102.7,BID
416,1712698140.3333848,36033745.02200574,98.54,0.0,102.7,BID
417,1712698170.3378556,36033745.02200574,98.54,0.0,102.7,BID
418,1712698200.433151,36033745.02200574,98.54,0.0,102.7,BID
419,1712698230.322786,36033745.02200574,98.54,0.0,102.7,BID
420,1712698260.4921827,36033745.02200574,98.54,0.0,102.7,BID
421,1712698290.4835663,36033745.02200574,98.54,0.0,102.7,BID
422,1712698320.3316011,36033745.02200574,98.54,0.0,102.7,BID
423,1712698350.3355205,36033745.02200574,98.54,0.0,102.7,BID
424,1712698380.3334794,36033745.02200574,98.54,0.0,102.7,BID
425,1712698381.4631464,36033947.20558843,98.92,5.088170205726553e-08,102.7,BID
426,1712698410.343926,36033947.20558843,98.92,0.0,102.7,BID
427,1712698440.4967723,36033947.20558843,98.92,0.0,102.7,BID
428,1712698470.4935243,36033947.20558843,98.92,0.0,102.7,BID
429,1712698500.3556218,36033947.20558843,98.92,0.0,102.7,BID
430,1712698530.344771,36033947.20558843,98.92,0.0,102.7,BID
431,1712698560.4870005,36033947.20558843,98.92,0.0,102.7,BID
432,1712698590.4936085,36033947.20558843,98.92,0.0,102.7,BID
433,1712698593.3338,36033999.59318843,98.81,-1.3293482374894336e-08,102.7,ASK
434,1712698593.473627,36039993.81302323,98.81,1.5210480291030883e-06,102.7,BID
435,1712698620.339399,36039993.81302323,98.81,0.0,102.7,BID
436,1712698650.3478656,36039993.81302323,98.81,0.0,102.7,BID
437,1712698680.5110502,36039993.81302323,98.81,0.0,102.7,BID
438,1712698710.4874375,36039993.81302323,98.81,0.0,102.7,BID
439,1712698740.3077793,36039993.81302323,98.81,0.0,102.7,BID
440,1712698770.3340447,36039993.81302323,98.81,0.0,102.7,BID
441,1712698800.336019,36039993.81302323,98.81,0.0,102.7,BID
442,1712698830.3425844,36039993.81302323,98.81,0.0,102.7,BID
443,1712698857.5121722,36040235.65377406,99.09,6.13592072084707e-08,102.7,BID
444,1712698860.5021095,36040235.65377406,99.09,0.0,102.7,BID
445,1712698890.4918025,36040235.65377406,99.09,0.0,102.7,BID
446,1712698899.4012537,36046737.99348118,99.09,1.6497467124753046e-06,102.7,BID
447,1712698906.5309684,36051102.81302323,99.09,1.1074239449777289e-06,102.7,BID
448,1712698906.6570508,36057097.03285803,99.09,-1.5208286419549178e-06,102.7,ASK
449,1712698906.7510104,36061537.44056823,99.09,-1.12660186208558e-06,102.7,ASK
450,1712698916.801262,36065868.30116923,99.09,-1.0988080230358445e-06,102.7,ASK
451,1712698920.3407872,36065868.30116923,99.09,-0.0,102.7,ASK
452,1712698950.330262,36065868.30116923,99.09,-0.0,102.7,ASK
453,1712698980.4997523,36065868.30116923,99.09,-0.0,102.7,ASK
454,1712699010.482952,36065868.30116923,99.09,-0.0,102.7,ASK
455,1712699040.3113067,36065868.30116923,99.09,-0.0,102.7,ASK
456,1712699070.3520975,36065868.30116923,99.09,-0.0,102.7,ASK
457,1712699100.3496478,36065868.30116923,99.09,-0.0,102.7,ASK
458,1712699130.3235462,36065868.30116923,99.09,-0.0,102.7,ASK
459,1712699160.4892368,36065868.30116923,99.09,-0.0,102.7,ASK
460,1712699190.5097334,36065868.30116923,99.09,-0.0,102.7,ASK
461,1712699220.3421106,36065868.30116923,99.09,-0.0,102.7,ASK
462,1712699250.3260682,36065868.30116923,99.09,-0.0,102.7,ASK
463,1712699280.4888518,36065868.30116923,99.09,-0.0,102.7,ASK
464,1712699310.4949358,36065868.30116923,99.09,-0.0,102.7,ASK
465,1712699340.3283174,36065868.30116923,99.09,-0.0,102.7,ASK
466,1712699370.3395872,36065868.30116923,99.09,-0.0,102.7,ASK
467,1712699400.3885036,36065868.30116923,99.09,-0.0,102.7,ASK
468,1712699430.3238027,36065868.30116923,99.09,-0.0,102.7,ASK
469,1712699460.4873762,36065868.30116923,99.09,-0.0,102.7,ASK
470,1712699490.504333,36065868.30116923,99.09,-0.0,102.7,ASK
471,1712699520.3368204,36065868.30116923,99.09,-0.0,102.7,ASK
472,1712699550.3168051,36065868.30116923,99.09,-0.0,102.7,ASK
473,1712699552.0834472,36065971.23789342,99.09,-2.6129143567513373e-08,102.7,ASK
474,1712699552.0899937,36108024.30116923,99.09,-1.0674621098322424e-05,102.7,ASK
475,1712699580.467365,36108024.30116923,99.09,-0.0,102.7,ASK
476,1712699610.482487,36108024.30116923,99.09,-0.0,102.7,ASK
477,1712699612.1227655,36108125.06698946,99.24,2.5550995265032285e-08,102.7,BID
478,1712699631.2531006,36108225.83280969,99.24,2.5550995265032285e-08,102.7,BID
479,1712699640.3160264,36108225.83280969,99.24,0.0,102.7,BID
480,1712699670.3245442,36108225.83280969,99.24,0.0,102.7,BID
481,1712699700.3419166,36108225.83280969,99.24,0.0,102.7,BID
482,1712699730.34774,36108225.83280969,99.24,0.0,102.7,BID
483,1712699760.3918958,36108225.83280969,99.24,0.0,102.7,BID
484,1712699774.0177894,36108326.6392613,99.2,2.5604531473448685e-08,102.7,BID
485,1712699790.321396,36108326.6392613,99.2,0.0,102.7,BID
486,1712699820.4813895,36108326.6392613,99.2,0.0,102.7,BID
487,1712699850.483487,36108326.6392613,99.2,0.0,102.7,BID
488,1712699880.3344586,36108326.6392613,99.2,0.0,102.7,BID
489,1712699910.341184,36108326.6392613,99.2,0.0,102.7,BID
490,1712699940.4818597,36108326.6392613,99.2,0.0,102.7,BID
491,1712699970.5038352,36108326.6392613,99.2,0.0,102.7,BID
492,1712700000.4136086,36108326.6392613,99.2,0.0,102.7,BID
493,1712700016.0605948,36109174.78614101,99.1,-2.1543047295703765e-07,102.7,ASK
494,1712700016.5781112,36110403.99487787,99.1,-3.122207083223336e-07,102.7,ASK
495,1712700029.7107878,36110404.32178952,99.09,-8.303600848895728e-11,102.7,ASK
496,1712700029.715256,36111421.07423679,99.09,-2.582565188124004e-07,102.7,ASK
497,1712700029.719576,36113493.15784647,98.98,-5.263120842860677e-07,102.7,ASK
498,1712700030.3576298,36113493.15784647,98.98,-0.0,102.7,ASK
499,1712700060.48292,36113493.15784647,98.98,-0.0,102.7,ASK
500,1712700090.4903514,36113493.15784647,98.98,-0.0,102.7,ASK
501,1712700120.3079782,36113493.15784647,98.98,-0.0,102.7,ASK
502,1712700150.32451,36113493.15784647,98.98,-0.0,102.7,ASK
503,1712700180.4802814,36113493.15784647,98.98,-0.0,102.7,ASK
504,1712700210.483606,36113493.15784647,98.98,-0.0,102.7,ASK
505,1712700240.3298626,36113493.15784647,98.98,-0.0,102.7,ASK
506,1712700270.3124387,36113493.15784647,98.98,-0.0,102.7,ASK
507,1712700273.999617,36113593.15784647,99.46,2.539683624962109e-08,102.7,BID
508,1712700300.4700437,36113593.15784647,99.46,0.0,102.7,BID
509,1712700321.8799376,36114143.7849669,99.4,1.4007986835979854e-07,102.7,BID
510,1712700321.8896425,36114553.66156655,99.46,1.0427285179437162e-07,102.7,BID
511,1712700326.599945,36115418.18645342,99.4,2.1993564765258699e-07,102.7,BID
512,1712700330.4757757,36115418.18645342,99.4,0.0,102.7,BID
513,1712700347.0096166,36115618.88880801,99.38,5.1056442312964254e-08,102.7,BID
514,1712700360.334747,36115618.88880801,99.38,0.0,102.7,BID
515,1712700390.3193202,36115618.88880801,99.38,0.0,102.7,BID
516,1712700420.477659,36115618.88880801,99.38,0.0,102.7,BID
517,1712700432.4093657,36115870.44847796,99.38,6.399365186453179e-08,102.7,BID
518,1712700450.4991431,36115870.44847796,99.38,0.0,102.7,BID
519,1712700480.310106,36115870.44847796,99.38,0.0,102.7,BID
520,1712700510.332622,36115870.44847796,99.38,0.0,102.7,BID
521,1712700540.4988866,36115870.44847796,99.38,0.0,102.7,BID
522,1712700570.508995,36115870.44847796,99.38,0.0,102.7,BID
523,1712700600.332643,36115870.44847796,99.38,0.0,102.7,BID
524,1712700616.2891076,36116880.54948806,99.0,-2.572261647647169e-07,102.7,ASK
525,1712700616.2939334,36117074.38334489,99.1,-4.9360548197711184e-08,102.7,ASK
526,1712700616.2985077,36157943.44847796,99.0,-1.04074669529028e-05,102.7,ASK
527,1712700630.3116243,36157943.44847796,99.0,-0.0,102.7,ASK
528,1712700649.8489983,36158245.56328158,99.3,7.685319603459263e-08,102.7,BID
529,1712700660.4885116,36158245.56328158,99.3,0.0,102.7,BID
530,1712700679.459718,36158500.08759661,98.91,-6.474643931723367e-08,102.7,ASK
531,1712700679.4646592,36169146.17397869,99.0,-2.708174210481805e-06,102.7,ASK
532,1712700679.4682302,36189869.20304811,98.98,-5.271568431321841e-06,102.7,ASK
533,1712700679.471822,36196384.77119581,98.9,-1.6574441528049503e-06,102.7,ASK
534,1712700679.4753785,36196687.52626695,98.94,-7.70154821528203e-08,102.7,ASK
535,1712700679.4774652,36196990.83230274,98.91,-7.715563771909357e-08,102.7,ASK
536,1712700679.4797306,36204012.56328158,98.87,-1.7862029357425518e-06,102.7,ASK
537,1712700680.318668,36250302.56328158,98.86,-1.1775349147482254e-05,102.7,ASK
538,1712700690.4826624,36250302.56328158,98.86,-0.0,102.7,ASK
539,1712700699.2036903,36254589.13621299,98.86,-1.0879077962566695e-06,102.7,ASK
540,1712700699.2485409,36255360.22057473,98.86,1.9569681937786125e-07,102.7,BID
541,1712700715.1286612,36301606.22057473,98.91,-1.17369714106672e-05,102.7,ASK
542,1712700720.3285675,36301606.22057473,98.91,-0.0,102.7,ASK
543,1712700726.018863,36301657.22057473,98.85,-1.2926862308612346e-08,102.7,ASK
544,1712700726.0243552,36312141.85984733,98.86,-2.6575193771053928e-06,102.7,ASK
545,1712700726.0290425,36342943.22057473,98.85,-7.807155863548908e-06,102.7,ASK
546,1712700730.248708,36349875.80725683,98.9,-1.75718810749162e-06,102.7,ASK
547,1712700730.2516346,36362341.22057473,98.88,-3.1595819917723464e-06,102.7,ASK
548,1712700750.3211794,36362341.22057473,98.88,-0.0,102.7,ASK
549,1712700780.4917035,36362341.22057473,98.88,-0.0,102.7,ASK
550,1712700810.492513,36362341.22057473,98.88,-0.0,102.7,ASK
551,1712700840.3487184,36362341.22057473,98.88,-0.0,102.7,ASK
552,1712700870.3085015,36362341.22057473,98.88,-0.0,102.7,ASK
553,1712700900.3612766,36362341.22057473,98.88,-0.0,102.7,ASK
554,1712700930.3282552,36362341.22057473,98.88,-0.0,102.7,ASK
555,1712700960.4838974,36362341.22057473,98.88,-0.0,102.7,ASK
556,1712700990.4917347,36362341.22057473,98.88,-0.0,102.7,ASK
557,1712701020.3334422,36362341.22057473,98.88,-0.0,102.7,ASK
558,1712701050.3136666,36362341.22057473,98.88,-0.0,102.7,ASK
559,1712701080.5194824,36362341.22057473,98.88,-0.0,102.7,ASK
560,1712701110.4821832,36362341.22057473,98.88,-0.0,102.7,ASK
561,1712701140.3424006,36362341.22057473,98.88,-0.0,102.7,ASK
562,1712701170.3225484,36362341.22057473,98.88,-0.0,102.7,ASK
563,1712701200.358308,36362341.22057473,98.88,-0.0,102.7,ASK
564,1712701230.3299582,36362341.22057473,98.88,-0.0,102.7,ASK
565,1712701244.595637,36362541.92292932,98.9,-5.152264274223592e-08,102.7,ASK
566,1712701260.481833,36362541.92292932,98.9,-0.0,102.7,ASK
567,1712701290.499874,36362541.92292932,98.9,-0.0,102.7,ASK
568,1712701320.3226068,36362541.92292932,98.9,-0.0,102.7,ASK
569,1712701350.3201554,36362541.92292932,98.9,-0.0,102.7,ASK
570,1712701380.5144577,36362541.92292932,98.9,-0.0,102.7,ASK
571,1712701410.5253837,36362541.92292932,98.9,-0.0,102.7,ASK
572,1712701440.3404002,36362541.92292932,98.9,-0.0,102.7,ASK
573,1712701465.1608655,36365289.06377558,99.25,7.05219604670073e-07,102.7,BID
574,1712701465.1655269,36366757.38303978,99.2,3.769328145081022e-07,102.7,BID
575,1712701470.3230472,36366757.38303978,99.2,0.0,102.7,BID
576,1712701500.4804163,36366757.38303978,99.2,0.0,102.7,BID
577,1712701530.4904866,36366757.38303978,99.2,0.0,102.7,BID
578,1712701536.0604162,36367664.18404733,99.25,2.330733606676868e-07,102.7,BID
579,1712701560.335333,36367664.18404733,99.25,0.0,102.7,BID
580,1712701590.3210082,36367664.18404733,99.25,0.0,102.7,BID
581,1712701620.4704404,36367664.18404733,99.25,0.0,102.7,BID
582,1712701628.200474,36374346.73064682,99.25,1.717562676012828e-06,102.7,BID
583,1712701648.8305936,36376346.73064682,99.17,5.140443543314115e-07,102.7,BID
584,1712701650.510435,36376346.73064682,99.17,0.0,102.7,BID
585,1712701663.0406196,36377346.73064682,99.17,2.5696527326612484e-07,102.7,BID
586,1712701680.3348503,36377346.73064682,99.17,0.0,102.7,BID
587,1712701710.322772,36377346.73064682,99.17,0.0,102.7,BID
588,1712701729.590664,36378350.77637025,99.17,2.579983090586668e-07,102.7,BID
589,1712701740.4906788,36378350.77637025,99.17,0.0,102.7,BID
590,1712701770.4849927,36378350.77637025,99.17,0.0,102.7,BID
591,1712701800.4010546,36378350.77637025,99.17,0.0,102.7,BID
592,1712701830.3232143,36378350.77637025,99.17,0.0,102.7,BID
593,1712701860.538941,36378350.77637025,99.17,0.0,102.7,BID
594,1712701890.4764082,36378350.77637025,99.17,0.0,102.7,BID
595,1712701920.3342466,36378350.77637025,99.17,0.0,102.7,BID
596,1712701937.650793,36378451.48130479,99.3,2.59207835236544e-08,102.7,BID
597,1712701950.3232348,36378451.48130479,99.3,0.0,102.7,BID
598,1712701980.303201,36378451.48130479,99.3,0.0,102.7,BID
599,1712702010.3249805,36378451.48130479,99.3,0.0,102.7,BID
600,1712702040.4751232,36378451.48130479,99.3,0.0,102.7,BID
601,1712702070.503247,36378451.48130479,99.3,0.0,102.7,BID
602,1712702100.343276,36378451.48130479,99.3,0.0,102.7,BID
603,1712702130.3238592,36378451.48130479,99.3,0.0,102.7,BID
604,1712702160.5003076,36378451.48130479,99.3,0.0,102.7,BID
605,1712702190.4747915,36378451.48130479,99.3,0.0,102.7,BID
606,1712702198.7807734,36383646.94368014,99.49,1.3385817211713485e-06,102.7,BID
607,1712702220.3363256,36383646.94368014,99.49,0.0,102.7,BID
608,1712702226.4609334,36388425.71717674,99.49,1.2310602231983994e-06,102.7,BID
609,1712702250.323445,36388425.71717674,99.49,0.0,102.7,BID
610,1712702280.4906723,36388425.71717674,99.49,0.0,102.7,BID
611,1712702310.4836488,36388425.71717674,99.49,0.0,102.7,BID
612,1712702312.7410111,36399534.71717674,99.62,2.861439915775864e-06,102.7,BID
613,1712702312.7506013,36415886.2818531,99.65,4.211812030815117e-06,102.7,BID
614,1712702340.3445528,36415886.2818531,99.65,0.0,102.7,BID
615,1712702370.3417618,36415886.2818531,99.65,0.0,102.7,BID
616,1712702377.0808349,36416388.28988522,99.6,1.2921542579375078e-07,102.7,BID
617,1712702390.59115,36416488.69149164,99.6,2.5843085157215945e-08,102.7,BID
618,1712702400.369621,36416488.69149164,99.6,0.0,102.7,BID
619,1712702409.9406126,36421508.77181292,99.6,1.294250052183652e-06,102.7,BID
620,1712702430.3176975,36421508.77181292,99.6,0.0,102.7,BID
621,1712702460.4956725,36421508.77181292,99.6,0.0,102.7,BID
622,1712702490.4834173,36421508.77181292,99.6,0.0,102.7,BID
623,1712702520.323964,36421508.77181292,99.6,0.0,102.7,BID
624,1712702530.5506444,36422017.93678237,99.6,-1.3125324872153656e-07,102.7,ASK
625,1712702550.32533,36422017.93678237,99.6,-0.0,102.7,ASK
626,1712702580.4957798,36422017.93678237,99.6,-0.0,102.7,ASK
627,1712702591.8808236,36422068.08723372,99.7,1.2927683581182672e-08,102.7,BID
628,1712702610.4917598,36422068.08723372,99.7,0.0,102.7,BID
629,1712702621.1305778,36432093.16496566,99.7,2.5842412631023487e-06,102.7,BID
630,1712702640.3034914,36432093.16496566,99.7,0.0,102.7,BID
631,1712702670.3437345,36432093.16496566,99.7,0.0,102.7,BID
632,1712702700.3705523,36432093.16496566,99.7,0.0,102.7,BID
633,1712702730.340564,36432093.16496566,99.7,0.0,102.7,BID
634,1712702760.4904096,36432093.16496566,99.7,0.0,102.7,BID
635,1712702790.49053,36432093.16496566,99.7,0.0,102.7,BID
636,1712702797.8007154,36432193.46586836,99.67,2.5938322003282362e-08,102.7,BID
637,1712702820.3149848,36432193.46586836,99.67,0.0,102.7,BID
638,1712702850.3136914,36432193.46586836,99.67,0.0,102.7,BID
639,1712702880.4905946,36432193.46586836,99.67,0.0,102.7,BID
640,1712702910.4915805,36432193.46586836,99.67,0.0,102.7,BID
641,1712702940.3566947,36432193.46586836,99.67,0.0,102.7,BID
642,1712702970.346829,36432193.46586836,99.67,0.0,102.7,BID
643,1712703000.4256525,36432193.46586836,99.67,0.0,102.7,BID
644,1712703017.093048,36432193.74647652,99.67,7.332722826226752e-11,102.7,BID
645,1712703017.0973072,36434049.99226666,99.7,4.850655720651314e-07,102.7,BID
646,1712703029.4634905,36435686.01509956,99.7,4.275179265419571e-07,102.7,BID
647,1712703029.5233274,36437761.97487356,99.7,5.424802150160075e-07,102.7,BID
648,1712703029.5434537,36448049.99226666,99.7,2.6884171636715778e-06,102.7,BID
649,1712703030.3338082,36448049.99226666,99.7,0.0,102.7,BID
650,1712703060.4688108,36448049.99226666,99.7,0.0,102.7,BID
651,1712703090.4946132,36448049.99226666,99.7,0.0,102.7,BID
652,1712703120.3379228,36448049.99226666,99.7,0.0,102.7,BID
653,1712703128.3951454,36463049.99977041,99.9,3.918114023719538e-06,102.7,BID
654,1712703150.319125,36463049.99977041,99.9,0.0,102.7,BID
655,1712703180.4871948,36463049.99977041,99.9,0.0,102.7,BID
656,1712703210.5083203,36463049.99977041,99.9,0.0,102.7,BID
657,1712703240.3304155,36463049.99977041,99.9,0.0,102.7,BID
658,1712703270.3517904,36463049.99977041,99.9,0.0,102.7,BID
659,1712703288.9684198,36466518.52329393,99.8,9.056497683158104e-07,102.7,BID
660,1712703300.472595,36466518.52329393,99.8,0.0,102.7,BID
661,1712703329.9654102,36469524.53531797,99.79,7.867153985687783e-07,102.7,BID
662,1712703330.5077112,36469524.53531797,99.79,0.0,102.7,BID
663,1712703342.9880097,36469574.6455605,99.78,1.3113521980891313e-08,102.7,BID
664,1712703360.338192,36469574.6455605,99.78,0.0,102.7,BID
665,1712703390.3383727,36469574.6455605,99.78,0.0,102.7,BID
666,1712703420.328437,36469574.6455605,99.78,0.0,102.7,BID
667,1712703434.9893763,36471081.26011251,99.77,3.942706360076841e-07,102.7,BID
668,1712703434.995839,36472581.26011251,99.77,3.92539653373215e-07,102.7,BID
669,1712703450.3222024,36472581.26011251,99.77,0.0,102.7,BID
670,1712703480.484195,36472581.26011251,99.77,0.0,102.7,BID
671,1712703510.4992688,36472581.26011251,99.77,0.0,102.7,BID
672,1712703515.8594086,36482604.31313446,99.77,2.6227579526556688e-06,102.7,BID
673,1712703540.3647945,36482604.31313446,99.77,0.0,102.7,BID
674,1712703570.3149245,36482604.31313446,99.77,0.0,102.7,BID
675,1712703593.2098975,36482824.31313446,99.77,5.7552903390389225e-08,102.7,BID
676,1712703600.5719714,36482824.31313446,99.77,0.0,102.7,BID
677,1712703630.330315,36482824.31313446,99.77,0.0,102.7,BID
678,1712703634.0003543,36483315.14816501,99.6,-1.2869845564412566e-07,102.7,ASK
679,1712703634.003903,36483326.32116658,99.41,-2.929595399257861e-09,102.7,ASK
680,1712703660.4704783,36483326.32116658,99.41,-0.0,102.7,ASK
681,1712703674.2737586,36486893.71701356,99.4,9.353699080664562e-07,102.7,BID
682,1712703690.5046074,36486893.71701356,99.4,0.0,102.7,BID
683,1712703698.8408508,36487893.71701269,99.39,-2.621752641754534e-07,102.7,ASK
684,1712703698.8465226,36492924.40420456,99.39,-1.3189217446633082e-06,102.7,ASK
685,1712703698.9405785,36492924.40420543,99.39,-2.2658952080356753e-16,102.7,ASK
686,1712703700.7107198,36502989.82946943,99.35,-2.638905529928098e-06,102.7,ASK
687,1712703720.3408604,36502989.82946943,99.35,-0.0,102.7,ASK
688,1712703750.3360004,36502989.82946943,99.35,-0.0,102.7,ASK
689,1712703756.8512237,36503364.16461711,99.4,9.810028085997141e-08,102.7,BID
690,1712703780.494417,36503364.16461711,99.4,0.0,102.7,BID
691,1712703810.5014734,36503364.16461711,99.4,0.0,102.7,BID
692,1712703840.365697,36503364.16461711,99.4,0.0,102.7,BID
693,1712703870.3382876,36503364.16461711,99.4,0.0,102.7,BID
694,1712703874.0840323,36503364.16461732,99.35,-5.662308460823143e-17,102.7,ASK
695,1712703874.0885384,36507621.49482011,99.35,-1.115687956920963e-06,102.7,ASK
696,1712703874.201888,36512352.24469419,99.35,-1.2397536508343465e-06,102.7,ASK
697,1712703874.3617337,36514473.16461719,99.35,-5.558142551722214e-07,102.7,ASK
698,1712703874.3817694,36514473.16461732,99.35,-3.514536286028158e-17,102.7,ASK
699,1712703900.5116131,36514473.16461732,99.35,-0.0,102.7,ASK
700,1712703930.4975674,36514473.16461732,99.35,-0.0,102.7,ASK
701,1712703960.3427217,36514473.16461732,99.35,-0.0,102.7,ASK
702,1712703990.305622,36514473.16461732,99.35,-0.0,102.7,ASK
703,1712704020.4727836,36514473.16461732,99.35,-0.0,102.7,ASK
704,1712704044.93412,36525582.16461691,99.2,-2.916713306468244e-06,102.7,ASK
705,1712704044.9369607,36526589.21396232,99.3,-2.6440491728491013e-07,102.7,ASK
706,1712704046.9538949,36530595.97288632,99.1,-1.051990914562262e-06,102.7,ASK
707,1712704046.9646814,36530595.97288672,99.1,-1.0563373919463734e-16,102.7,ASK
708,1712704050.5910318,36530595.97288672,99.1,-0.0,102.7,ASK
709,1712704056.8828852,36531504.14644877,99.1,2.3834460871713178e-07,102.7,BID
710,1712704056.96242,36543548.57958577,99.16,-3.1609879688395976e-06,102.7,ASK
711,1712704080.346887,36543548.57958577,99.16,-0.0,102.7,ASK
712,1712704110.353781,36543548.57958577,99.16,-0.0,102.7,ASK
713,1712704130.3228278,36543598.98281157,99.2,1.3223561817246731e-08,102.7,BID
714,1712704140.4061327,36543598.98281157,99.2,0.0,102.7,BID
715,1712704170.3469567,36543598.98281157,99.2,0.0,102.7,BID
716,1712704200.3732762,36543598.98281157,99.2,0.0,102.7,BID
717,1712704200.7633364,36545615.11184382,99.2,5.321173048194229e-07,102.7,BID
718,1712704214.173129,36546119.14410188,99.2,1.3302932620534732e-07,102.7,BID
719,1712704229.82321,36546221.96668252,99.2,2.713798254537172e-08,102.7,BID
720,1712704230.359739,36546221.96668252,99.2,0.0,102.7,BID
721,1712704260.4932823,36546221.96668252,99.2,0.0,102.7,BID
722,1712704290.4932032,36546221.96668252,99.2,0.0,102.7,BID
723,1712704320.3388436,36546221.96668252,99.2,0.0,102.7,BID
724,1712704322.6036134,36546290.11489738,99.19,1.7985135708091028e-08,102.7,BID
725,1712704350.3468556,36546290.11489738,99.19,0.0,102.7,BID
726,1712704361.5141375,36547290.11489738,99.04,-2.6391158832401215e-07,102.7,ASK
727,1712704361.516903,36547391.08420271,99.04,-2.6646969741355082e-08,102.7,ASK
728,1712704380.5093002,36547391.08420271,99.04,-0.0,102.7,ASK
729,1712704410.5044956,36547391.08420271,99.04,-0.0,102.7,ASK
730,1712704440.3601694,36547391.08420271,99.04,-0.0,102.7,ASK
731,1712704470.3424227,36547391.08420271,99.04,-0.0,102.7,ASK
732,1712704500.371455,36547391.08420271,99.04,-0.0,102.7,ASK
733,1712704516.5042698,36548402.20654851,98.9,-2.671514159509943e-07,102.7,ASK
734,1712704516.514988,36549412.71584519,98.96,-2.669894405549918e-07,102.7,ASK
735,1712704516.520211,36552730.20548223,98.91,-8.765230613434135e-07,102.7,ASK
736,1712704516.52468,36553730.20548223,98.92,-2.642127503751869e-07,102.7,ASK
737,1712704516.5291612,36563843.47409064,98.88,-2.6720545143120056e-06,102.7,ASK
738,1712704516.532345,36565848.26191499,98.96,-5.296905049895704e-07,102.7,ASK
739,1712704516.5349867,36580970.79314007,98.85,-3.995565567612451e-06,102.7,ASK
740,1712704516.5376384,36581577.46654755,98.9,-1.6029084956980917e-07,102.7,ASK
741,1712704516.540311,36586685.10085175,98.88,-1.3495021074241529e-06,102.7,ASK
742,1712704516.5430143,36590372.89694763,98.87,-9.743627493147725e-07,102.7,ASK
743,1712704530.3441834,36590372.89694763,98.87,-0.0,102.7,ASK
744,1712704560.4980135,36590372.89694763,98.87,-0.0,102.7,ASK
745,1712704590.5041034,36590372.89694763,98.87,-0.0,102.7,ASK
746,1712704618.93445,36590438.28614763,98.86,-1.7257282266058433e-08,102.7,ASK
747,1712704618.93812,36595147.08362263,98.85,-1.2427288781215667e-06,102.7,ASK
748,1712704618.9642496,36595147.08362357,98.85,-2.49723961987876e-16,102.7,ASK
749,1712704620.335711,36595147.08362357,98.85,-0.0,102.7,ASK
750,1712704630.0950236,36595596.87615469,98.81,-1.1869284240748768e-07,102.7,ASK
751,1712704630.1010978,36596102.89781241,98.81,-1.3353078301522712e-07,102.7,ASK
752,1712704636.194675,36600133.13974789,98.75,-1.063514482383214e-06,102.7,ASK
753,1712704650.3545833,36600133.13974789,98.75,-0.0,102.7,ASK
754,1712704650.814861,36600133.13974838,98.75,-1.297447856381108e-16,102.7,ASK
755,1712704650.8243344,36607699.34085038,98.75,-1.996336468709865e-06,102.7,ASK
756,1712704652.5490186,36608712.10163531,98.74,-2.6721617120217884e-07,102.7,ASK
757,1712704652.5534606,36639094.92521238,98.74,-8.016485143810735e-06,102.7,ASK
758,1712704652.5578644,36639094.92521335,98.74,-2.555579111053697e-16,102.7,ASK
759,1712704652.654714,36651308.20000035,98.7,-3.222463364502612e-06,102.7,ASK
760,1712704652.674347,36651308.20000131,98.7,-2.516262509345179e-16,102.7,ASK
761,1712704680.5006063,36651308.20000131,98.7,-0.0,102.7,ASK
762,1712704710.508869,36651308.20000131,98.7,-0.0,102.7,ASK
763,1712704710.694646,36651814.78561427,98.7,1.3348428123848516e-07,102.7,BID
764,1712704740.3049643,36651814.78561427,98.7,0.0,102.7,BID
765,1712704770.3798738,36651814.78561427,98.7,0.0,102.7,BID
766,1712704770.4906795,36655633.95809312,98.69,1.0063309414152072e-06,102.7,BID
767,1712704800.3570104,36655633.95809312,98.69,0.0,102.7,BID
768,1712704817.482385,36656279.64337169,98.52,-1.7067133381676793e-07,102.7,ASK
769,1712704817.4873953,36656350.66609896,98.56,-1.8773145365806943e-08,102.7,ASK
770,1712704817.491901,36656460.08219896,98.55,-2.892150765775911e-08,102.7,ASK
771,1712704817.4946656,36657474.8985172,98.54,-2.682422232041899e-07,102.7,ASK
772,1712704817.4974592,36657840.3807507,98.52,-9.6606415461063e-08,102.7,ASK
773,1712704817.5002675,36658510.43151274,98.52,-1.771117618430588e-07,102.7,ASK
774,1712704817.563635,36658581.49750258,98.5,-1.8784580781305623e-08,102.7,ASK
775,1712704817.5684817,36659596.72592897,98.5,-2.6835115405719537e-07,102.7,ASK
776,1712704828.3148503,36672153.60219671,98.6,3.3191074542554468e-06,102.7,BID
777,1712704829.615122,36672257.05047257,98.6,2.7344057250340625e-08,102.7,BID
778,1712704830.328733,36672257.05047257,98.6,0.0,102.7,BID
779,1712704860.5221574,36672257.05047257,98.6,0.0,102.7,BID
780,1712704890.5097132,36672257.05047257,98.6,0.0,102.7,BID
781,1712704920.3937128,36672257.05047257,98.6,0.0,102.7,BID
782,1712704949.0846765,36672339.01563065,98.4,-2.1656132578119992e-08,102.7,ASK
783,1712704950.3303823,36672339.01563065,98.4,-0.0,102.7,ASK
784,1712704960.4492671,36672390.9692326,98.28,-1.3726706817473944e-08,102.7,ASK
785,1712704960.624078,36673661.76695341,98.28,3.357585823415208e-07,102.7,BID
786,1712704980.519639,36673661.76695341,98.28,0.0,102.7,BID
787,1712705010.6626086,36673661.76695341,98.28,0.0,102.7,BID
788,1712705013.2888308,36679208.16412684,98.34,-1.46536813866362e-06,102.7,ASK
789,1712705040.34912,36679208.16412684,98.34,-0.0,102.7,ASK
790,1712705070.331725,36679208.16412684,98.34,-0.0,102.7,ASK
791,1712705100.5110507,36679208.16412684,98.34,-0.0,102.7,ASK
792,1712705113.0208757,36684292.04821428,98.35,-1.343250368932696e-06,102.7,ASK
793,1712705113.0268528,36689793.09893216,98.35,-1.4534730295238514e-06,102.7,ASK
794,1712705130.514126,36689793.09893216,98.35,-0.0,102.7,ASK
795,1712705135.1407626,36689876.44133216,98.36,-2.201445262221442e-08,102.7,ASK
796,1712705135.1502995,36696074.39417216,98.35,-1.637156347210155e-06,102.7,ASK
797,1712705135.2404928,36696074.39417299,98.35,-2.1845147662120366e-16,102.7,ASK
798,1712705135.304999,36706243.19628799,98.34,-2.686035108020688e-06,102.7,ASK
799,1712705135.3101327,36706243.1962881,98.34,-2.9520469813676174e-17,102.7,ASK
800,1712705135.4604218,36708796.63703274,98.43,-6.744778203748945e-07,102.7,ASK
801,1712705135.4707994,36710296.63703274,98.32,-3.962170387884199e-07,102.7,ASK
802,1712705135.476618,36715994.72113294,98.3,-1.5051186726328708e-06,102.7,ASK
803,1712705135.4816191,36726163.52324805,98.32,-2.6860351080482407e-06,102.7,ASK
804,1712705135.4866662,36726662.27501432,98.3,-1.317426319484947e-07,102.7,ASK
805,1712705135.489654,36727679.4655341,98.31,-2.686854770872359e-07,102.7,ASK
806,1712705135.510455,36728696.9665516,98.28,-2.687674934129449e-07,102.7,ASK
807,1712705135.5163846,36729215.50878329,98.3,-1.3697017835035297e-07,102.7,ASK
808,1712705135.5214124,36730232.90628049,98.29,-2.68740149074084e-07,102.7,ASK
809,1712705135.6312003,36740211.90501503,98.37,-2.63589955244888e-06,102.7,ASK
810,1712705135.6408744,36750258.8538934,98.37,-2.6538482222976585e-06,102.7,ASK
811,1712705135.6489604,36761367.8538934,98.22,-2.9343833892670377e-06,102.7,ASK
812,1712705135.652465,36762060.14659949,98.14,-1.8286544398713657e-07,102.7,ASK
813,1712705135.6553922,36779490.14659949,98.16,-4.60404199072144e-06,102.7,ASK
814,1712705153.3100264,36779591.71068642,98.46,2.68276145154638e-08,102.7,BID
815,1712705160.355296,36779591.71068642,98.46,0.0,102.7,BID
816,1712705175.5197842,36783110.97482034,98.46,9.274326708261716e-07,102.7,BID
817,1712705184.049426,36783313.83905955,98.46,5.3460870234497124e-08,102.7,BID
818,1712705190.360891,36783313.83905955,98.46,0.0,102.7,BID
819,1712705193.88957,36784329.47992893,98.46,2.676262780426431e-07,102.7,BID
820,1712705220.4877558,36784329.47992893,98.46,0.0,102.7,BID
821,1712705250.4984431,36784329.47992893,98.46,0.0,102.7,BID
822,1712705280.324121,36784329.47992893,98.46,0.0,102.7,BID
823,1712705310.3274727,36784329.47992893,98.46,0.0,102.7,BID
824,1712705336.5140882,36785345.12079831,98.22,-2.6761922614472093e-07,102.7,ASK
825,1712705336.5172002,36789647.11534911,98.3,-1.1335664872035811e-06,102.7,ASK
826,1712705336.5201883,36845015.7857879,98.22,-1.4589527836303209e-05,102.7,ASK
827,1712705340.4833696,36845015.7857879,98.22,-0.0,102.7,ASK
828,1712705357.6067955,36848611.27240868,98.22,9.459173872423146e-07,102.7,BID
829,1712705370.490496,36848611.27240868,98.22,0.0,102.7,BID
830,1712705376.5336988,36850647.5175726,98.22,5.356551068199071e-07,102.7,BID
831,1712705400.4262106,36850647.5175726,98.22,0.0,102.7,BID
832,1712705416.5660737,36854527.4300113,98.3,-1.0252253421804449e-06,102.7,ASK
833,1712705430.376582,36854527.4300113,98.3,-0.0,102.7,ASK
834,1712705460.5074103,36854527.4300113,98.3,-0.0,102.7,ASK
835,1712705490.4886713,36854527.4300113,98.3,-0.0,102.7,ASK
836,1712705502.5454988,36864527.4300113,98.3,-2.642126715317888e-06,102.7,ASK
837,1712705502.5507522,36865544.7240083,98.3,-2.6878196467987585e-07,102.7,ASK
838,1712705502.5650568,36865544.72400926,98.3,-2.5394137671292393e-16,102.7,ASK
839,1712705520.410051,36865544.72400926,98.3,-0.0,102.7,ASK
840,1712705550.3390207,36865544.72400926,98.3,-0.0,102.7,ASK
841,1712705570.8248951,36866561.50082674,98.35,2.685684704914125e-07,102.7,BID
842,1712705580.4845345,36866561.50082674,98.35,0.0,102.7,BID
843,1712705610.4948409,36866561.50082674,98.35,0.0,102.7,BID
844,1712705622.054673,36866663.17850848,98.35,-2.685613767794981e-08,102.7,ASK
845,1712705640.3245523,36866663.17850848,98.35,-0.0,102.7,ASK
846,1712705670.3305004,36866663.17850848,98.35,-0.0,102.7,ASK
847,1712705700.4915862,36866663.17850848,98.35,-0.0,102.7,ASK
848,1712705730.5037525,36866663.17850848,98.35,-0.0,102.7,ASK
849,1712705733.2035742,36866714.0070131,98.37,1.3638937066797032e-08,102.7,BID
850,1712705741.4938755,36869033.83095924,98.37,6.224840381870277e-07,102.7,BID
851,1712705741.5533464,36871313.56834819,98.37,-6.11727514168738e-07,102.7,ASK
852,1712705744.243255,36877714.00701219,98.37,-1.717445374404903e-06,102.7,ASK
853,1712705758.4737828,36877815.66402144,98.37,-2.7277874139591765e-08,102.7,ASK
854,1712705758.478054,36882898.51448488,98.37,-1.3638937072134984e-06,102.7,ASK
855,1712705760.3132024,36882898.51448488,98.37,-0.0,102.7,ASK
856,1712705771.803135,36886961.93658011,98.39,1.089880933910549e-06,102.7,BID
857,1712705790.304978,36886961.93658011,98.39,0.0,102.7,BID
858,1712705817.9430206,36887470.16996087,98.38,1.363024728916503e-07,102.7,BID
859,1712705818.7232697,36894245.07347591,98.38,1.8169528756905728e-06,102.7,BID
860,1712705818.863592,36900675.27591485,98.39,-1.724507926461024e-06,102.7,ASK
861,1712705820.493374,36900675.27591485,98.39,-0.0,102.7,ASK
862,1712705834.0627315,36900776.91226,98.34,2.724786467373782e-08,102.7,BID
863,1712705835.4030657,36900876.76069943,98.34,2.6768541914598306e-08,102.7,BID
864,1712705850.494649,36900876.76069943,98.34,0.0,102.7,BID
865,1712705880.3225086,36900876.76069943,98.34,0.0,102.7,BID
866,1712705881.7725973,36911080.03338943,98.29,-2.735398604187288e-06,102.7,ASK
867,1712705881.8323853,36911080.03338974,98.29,-8.389199741548698e-17,102.7,ASK
868,1712705910.3155837,36911080.03338974,98.29,-0.0,102.7,ASK
869,1712705940.4923222,36911080.03338974,98.29,-0.0,102.7,ASK
870,1712705970.48406,36911080.03338974,98.29,-0.0,102.7,ASK
871,1712706000.3847842,36911080.03338974,98.29,-0.0,102.7,ASK
872,1712706011.1622183,36918732.86033317,98.34,2.052242614357161e-06,102.7,BID
873,1712706011.1696649,36919076.93338974,98.34,9.22693527983102e-08,102.7,BID
874,1712706013.212385,36928634.71807827,98.3,-2.5630911533290126e-06,102.7,ASK
875,1712706013.218918,36929652.01207623,98.31,-2.7280560626460506e-07,102.7,ASK
876,1712706013.2241662,37031391.76179644,98.29,-2.728333614405957e-05,102.7,ASK
877,1712706013.2294197,37032062.14753514,98.3,-1.7977594308471114e-07,102.7,ASK
878,1712706013.2326343,37033079.54503234,98.29,-2.7283336143989645e-07,102.7,ASK
879,1712706013.391868,37043895.54503234,98.2,2.900504124943153e-06,102.7,BID
880,1712706013.4318004,37072511.54503234,98.2,7.673892940030813e-06,102.7,BID
881,1712706013.5748508,37077700.54503234,98.2,1.391523289971341e-06,102.7,BID
882,1712706013.751763,37078371.61344484,98.2,1.7995901429272077e-07,102.7,BID
883,1712706014.5521736,37088777.61344484,98.2,2.7905552814495614e-06,102.7,BID
884,1712706014.572676,37090535.14794794,98.2,4.713143561350346e-07,102.7,BID
885,1712706014.77195,37092292.68245104,98.2,4.713143561370326e-07,102.7,BID
886,1712706014.8820243,37094620.68245104,98.2,6.242948967148356e-07,102.7,BID
887,1712706015.302861,37096378.21695414,98.2,4.713143561370326e-07,102.7,BID
888,1712706015.3618495,37097735.1142825,98.2,3.638763219339816e-07,102.7,BID
889,1712706015.3672614,37099079.64885542,98.2,3.605610276318826e-07,102.7,BID
890,1712706015.8817194,37100837.18335852,98.2,4.713143561370326e-07,102.7,BID
891,1712706016.6219482,37103389.45608579,98.2,6.84437645473042e-07,102.7,BID
892,1712706017.5318246,37105146.99058889,98.2,4.713143561350346e-07,102.7,BID
893,1712706018.3315475,37106904.52509199,98.2,4.713143561370326e-07,102.7,BID
894,1712706018.8770893,37108662.05959509,98.2,4.713143561370326e-07,102.7,BID
895,1712706030.3241544,37108662.05959509,98.2,0.0,102.7,BID
896,1712706060.4855576,37108662.05959509,98.2,0.0,102.7,BID
897,1712706066.1946335,37110628.05959509,98.2,5.244875117886027e-07,102.7,BID
898,1712706066.611535,37111803.87945379,98.2,3.136840447615508e-07,102.7,BID
899,1712706067.079905,37112980.64654129,98.2,3.139367455116616e-07,102.7,BID
900,1712706067.8615708,37114157.41362879,98.2,3.139367455116616e-07,102.7,BID
901,1712706079.5819504,37120258.92172855,98.2,1.6277542224839945e-06,102.7,BID
902,1712706090.5014825,37120258.92172855,98.2,0.0,102.7,BID
903,1712706100.4021263,37223938.79258741,98.2,2.765121140660257e-05,102.7,BID
904,1712706112.85192,37231641.12006304,98.2,2.054195125700532e-06,102.7,BID
905,1712706112.8716173,37232711.45581004,98.2,2.854563742342019e-07,102.7,BID
906,1712706113.2312503,37233781.79155704,98.2,2.854563742322148e-07,102.7,BID
907,1712706117.0817173,37236410.65253082,98.2,7.011118932005075e-07,102.7,BID
908,1712706120.3145828,37236410.65253082,98.2,0.0,102.7,BID
909,1712706126.2414966,37238966.65253082,98.2,6.796126485491892e-07,102.7,BID
910,1712706126.247294,37239587.65253082,98.2,1.6511715757004954e-07,102.7,BID
911,1712706130.7415037,37241594.94026382,98.2,5.337160143297358e-07,102.7,BID
912,1712706150.364225,37241594.94026382,98.2,0.0,102.7,BID
913,1712706156.17127,37261452.37407237,98.2,5.279161444951224e-06,102.7,BID
914,1712706169.581878,37261552.37407237,98.13,-2.6585315584323466e-08,102.7,ASK
915,1712706169.5875432,37262061.95417836,98.12,-1.354734793324171e-07,102.7,ASK
916,1712706169.5930214,37262149.96317836,98.11,-2.3397470391513864e-08,102.7,ASK
917,1712706169.5982294,37264501.6733142,98.05,-6.25209561241554e-07,102.7,ASK
918,1712706170.6018436,37265501.6733142,98.01,-2.6585315584323466e-07,102.7,ASK
919,1712706170.6095085,37301447.92114512,98.1,-9.55642342657309e-06,102.7,ASK
920,1712706170.616638,37310205.21100928,98.05,-2.32815314702094e-06,102.7,ASK
921,1712706170.620476,37420748.20481848,98.0,-2.938820376053519e-05,102.7,ASK
922,1712706170.6411412,37427397.74525711,98.0,1.767801310516909e-06,102.7,BID
923,1712706170.6614892,37450382.73160203,98.0,6.110631156810267e-06,102.7,BID
924,1712706170.6669943,37483226.77739365,98.0,8.731693224361495e-06,102.7,BID
925,1712706170.672481,37576568.18541707,98.0,2.481510789387841e-05,102.7,BID
926,1712706171.061328,37627146.8042779,98.2,1.3446485442342714e-05,102.7,BID
927,1712706171.0646951,37693750.01699805,98.2,1.7706674290951667e-05,102.7,BID
928,1712706171.0692406,37709780.01699805,98.26,4.261626088167052e-06,102.7,BID
929,1712706171.20803,37710013.86418184,98.34,6.216901179464943e-08,102.7,BID
930,1712706171.2144976,37725763.86418184,98.33,4.187187204530946e-06,102.7,BID
931,1712706171.2176988,37726280.01699805,98.29,1.3722085508777658e-07,102.7,BID
932,1712706180.4843223,37726280.01699805,98.29,0.0,102.7,BID
933,1712706210.467552,37726280.01699805,98.29,0.0,102.7,BID
934,1712706221.2513542,37733411.79549724,98.29,-1.8723417409060613e-06,102.7,ASK
935,1712706221.2593167,37733462.68572005,98.29,-1.3360466590828445e-08,102.7,ASK
936,1712706240.3438468,37733462.68572005,98.29,-0.0,102.7,ASK
937,1712706270.3308823,37733462.68572005,98.29,-0.0,102.7,ASK
938,1712706289.190931,37734663.00645612,98.34,3.150678538663982e-07,102.7,BID
939,1712706300.3425848,37734663.00645612,98.34,0.0,102.7,BID
940,1712706306.5011368,37734779.36768397,98.33,3.0680646082474217e-08,102.7,BID
941,1712706306.5084305,37735209.17487514,98.34,1.1332608429741757e-07,102.7,BID
942,1712706306.5606935,37737697.17487514,98.34,6.560041421455903e-07,102.7,BID
943,1712706323.440693,37741385.47999063,98.34,9.72485302756819e-07,102.7,BID
944,1712706330.3306868,37741385.47999063,98.34,0.0,102.7,BID
945,1712706360.5025744,37741385.47999063,98.34,0.0,102.7,BID
946,1712706390.499585,37741385.47999063,98.34,0.0,102.7,BID
947,1712706420.3406963,37741385.47999063,98.34,0.0,102.7,BID
948,1712706431.2713175,37741970.84584429,98.33,1.5431491239490064e-07,102.7,BID
949,1712706431.2775714,37751970.84584429,98.33,2.6362130867404903e-06,102.7,BID
950,1712706438.8806193,37752768.22828535,98.33,-2.1020700262561682e-07,102.7,ASK
951,1712706441.020676,37752955.22828535,98.34,4.9297184722047175e-08,102.7,BID
952,1712706450.3404312,37752955.22828535,98.34,0.0,102.7,BID
953,1712706480.5004745,37752955.22828535,98.34,0.0,102.7,BID
954,1712706495.2907796,37766467.98293135,98.34,3.5611820289062235e-06,102.7,BID
955,1712706510.4704783,37766467.98293135,98.34,0.0,102.7,BID
956,1712706540.344036,37766467.98293135,98.34,0.0,102.7,BID
957,1712706564.850636,37766467.98293141,98.34,1.5702844126709836e-17,102.7,BID
958,1712706570.3037856,37766467.98293141,98.34,0.0,102.7,BID
959,1712706571.910087,37783526.34388754,98.29,-4.494025325720555e-06,102.7,ASK
960,1712706571.9206567,37831562.09435485,98.33,-1.2655018831841314e-05,102.7,ASK
961,1712706571.9264188,37856979.52596845,98.34,-6.696222555030935e-06,102.7,ASK
962,1712706571.9304874,37872622.7325792,98.27,-4.121202902496096e-06,102.7,ASK
963,1712706571.9338343,37872622.73257981,98.29,-1.6095415229877556e-16,102.7,ASK
964,1712706600.3717296,37872622.73257981,98.29,-0.0,102.7,ASK
965,1712706630.3351345,37872622.73257981,98.29,-0.0,102.7,ASK
966,1712706641.8399434,37872726.50712452,98.29,-2.7294299350933147e-08,102.7,ASK
967,1712706660.5031784,37872726.50712452,98.29,-0.0,102.7,ASK
968,1712706690.502505,37872726.50712452,98.29,-0.0,102.7,ASK
969,1712706720.3441062,37872726.50712452,98.29,-0.0,102.7,ASK
970,1712706726.4398286,37873699.26977043,98.2,-2.5585083220613405e-07,102.7,ASK
971,1712706742.9745605,37874699.26977043,98.15,-2.630146555097165e-07,102.7,ASK
972,1712706742.98062,37882719.93845019,98.2,-2.109553409764361e-06,102.7,ASK
973,1712706742.9864292,37882807.92545019,98.12,-2.3141870495242692e-08,102.7,ASK
1173,1712706742.9864292,37882807.92545019,98.12,-2.314187049524269e-08,102.7,ASK
974,1712706742.990579,37886877.37793664,98.09,-1.0703256438362772e-06,102.7,ASK
975,1712706742.9940078,37887386.6466268,98.18,-1.3394512910468704e-07,102.7,ASK
976,1712706742.9974203,37890428.87107845,98.09,-8.001496161329638e-07,102.7,ASK
977,1712706743.000838,37894088.92416255,98.1,-9.626476010632186e-07,102.7,ASK
978,1712706743.0042937,37910258.92416255,98.11,-4.252946979592116e-06,102.7,ASK
979,1712706743.007711,37912334.13071131,98.09,-5.458097355330539e-07,102.7,ASK
980,1712706743.0111551,37919957.56133183,98.06,-2.005073978458636e-06,102.7,ASK
981,1712706743.014635,37924005.49304658,98.09,-1.0646653654820443e-06,102.7,ASK
982,1712706749.209749,37927357.51504078,98.1,-8.816309100644219e-07,102.7,ASK
983,1712706749.217003,37930208.96699198,98.04,-7.499736526488841e-07,102.7,ASK
984,1712706750.3198652,37930208.96699198,98.04,-0.0,102.7,ASK
985,1712706772.5196395,37933419.38775588,98.1,-8.431370938129553e-07,102.7,ASK
986,1712706772.5233989,37935595.94780929,98.1,-5.716193150063938e-07,102.7,ASK
987,1712706772.659728,37947385.15691429,98.1,3.0961422922905704e-06,102.7,BID
988,1712706772.6644075,37947385.15691521,98.1,2.426319804719158e-16,102.7,BID
989,1712706772.9999344,37959174.15691521,98.3,3.096087376067781e-06,102.7,BID
990,1712706780.4995391,37959174.15691521,98.3,0.0,102.7,BID
1191,1712706804.4197872,37959275.886315,98.28,2.6696755555916652e-08,102.7,BID
991,1712706804.4197872,37959275.886315,98.28,2.669675555591665e-08,102.7,BID
992,1712706810.4825437,37959275.886315,98.28,0.0,102.7,BID
993,1712706819.859493,37969469.56623346,98.1,-2.675111300468949e-06,102.7,ASK
994,1712706831.829465,37979837.84929946,98.1,-2.720932128355305e-06,102.7,ASK
995,1712706840.3237953,37979837.84929946,98.1,-0.0,102.7,ASK
996,1712706870.302041,37979837.84929946,98.1,-0.0,102.7,ASK
997,1712706900.499709,37979837.84929946,98.1,-0.0,102.7,ASK
998,1712706920.499813,37980959.15409048,98.1,-2.9517438544603605e-07,102.7,ASK
999,1712706920.50674,38029888.81769903,98.1,-1.2880336819588917e-05,102.7,ASK
1000,1712706927.1794655,38030837.84929946,98.1,2.498248662360208e-07,102.7,BID
1201,1712706927.2796557,38033580.87232154,98.1,-7.220785475025526e-07,102.7,ASK
1202,1712706930.5044866,38033580.87232154,98.1,-0.0,102.7,ASK
1203,1712706934.1897264,38040082.49761748,98.1,-1.7091280575293197e-06,102.7,ASK
1204,1712706934.191907,38044261.90638354,98.1,-1.098670634003143e-06,102.7,ASK
1205,1712706940.1500373,38044261.90638404,98.1,-1.3318389047581348e-16,102.7,ASK
1206,1712706960.3593216,38044261.90638404,98.1,-0.0,102.7,ASK
1207,1712706990.3423514,38044261.90638404,98.1,-0.0,102.7,ASK
1208,1712707018.7970338,38044669.65358077,98.1,1.0715786283415217e-07,102.7,BID
1209,1712707020.5063572,38044669.65358077,98.1,0.0,102.7,BID
1210,1712707050.5094693,38044669.65358077,98.1,0.0,102.7,BID
1211,1712707078.4199517,38044771.59037995,98.03,2.6789184096132332e-08,102.7,BID
1212,1712707080.3192277,38044771.59037995,98.03,0.0,102.7,BID
1213,1712707083.272812,38046378.37937595,98.0,-4.222660856652824e-07,102.7,ASK
1214,1712707083.291816,38046878.37937595,98.0,-1.314006029159732e-07,102.7,ASK
1215,1712707098.0298066,38046878.37937623,98.0,-7.440481947074804e-17,102.7,ASK
1216,1712707100.8406827,38046931.28497623,97.99,-1.3903655474329041e-08,102.7,ASK
1217,1712707100.8494766,38046966.36312552,97.98,-9.218579931474048e-09,102.7,ASK
1218,1712707100.9203851,38054808.18955313,97.98,-2.0608414411003985e-06,102.7,ASK
1219,1712707110.349882,38054808.18955313,97.98,-0.0,102.7,ASK
1220,1712707140.479858,38054808.18955313,97.98,-0.0,102.7,ASK
1221,1712707149.5635624,38054859.24599898,97.97,-1.3414228678473844e-08,102.7,ASK
1222,1712707149.6622057,38082350.38771847,97.95,7.2228384781643165e-06,102.7,BID
1223,1712707149.6997044,38104808.18955313,97.95,5.900412463093692e-06,102.7,BID
1224,1712707169.0698197,38115917.18955313,97.98,2.918704267456488e-06,102.7,BID
1225,1712707170.461637,38115917.18955313,97.98,0.0,102.7,BID
1226,1712707197.1036804,38116261.93064925,98.0,-9.043274240918685e-08,102.7,ASK
1227,1712707197.1058366,38117283.48545566,97.89,-2.679750215559264e-07,102.7,ASK
1228,1712707197.1079628,38127734.93421269,97.81,-2.741631861921124e-06,102.7,ASK
1229,1712707200.460719,38127734.93421269,97.81,-0.0,102.7,ASK
1230,1712707206.1944194,303.37294821,97.97,8.03735252073698e-08,97.97,BID
1231,1712707206.195828,10303.37294821,97.9,2.6493306565928168e-06,97.97,BID
1232,1712707211.696918,27867.69484821,97.9,-4.65336964719346e-06,97.97,ASK
1233,1712707217.2973824,30091.7062441,97.9,-5.892141571743161e-07,97.97,ASK
1234,1712707217.3704574,35096.22013757,97.9,-1.325861207931475e-06,97.97,ASK
1235,1712707227.3303409,36117.67059722,97.9,2.706160016941562e-07,97.97,BID
1236,1712707228.9161916,36169.88452502,97.79,-1.3833195962167229e-08,97.97,ASK
1237,1712707228.9175498,36424.85880119,97.77,-6.755111664997345e-08,97.97,ASK
1238,1712707230.4063656,36424.85880119,97.77,-0.0,97.97,ASK
1239,1712707231.3997765,47533.85880119,97.78,2.940363532781611e-06,97.97,BID
1240,1712707235.600833,58642.85880119,97.78,2.940363532781611e-06,97.97,BID
1241,1712707252.194924,65564.85880119,97.8,1.832135779450384e-06,97.97,BID
1242,1712707260.559214,65564.85880119,97.8,0.0,97.97,BID
1243,1712707260.8992891,65564.85880119,97.8,0.0,97.97,BID
1244,1712707290.5189662,65564.85880119,97.8,0.0,97.97,BID
1245,1712707292.4748774,73409.83417746,97.9,2.0748668127732743e-06,97.97,BID
1246,1712707292.4762838,75779.36339771,97.9,6.267014624245837e-07,97.97,BID
1247,1712707298.6715386,76143.93906233,97.8,-9.642426024088625e-08,97.97,ASK
1248,1712707298.6750128,85752.47544658,97.77,-2.541299660838949e-06,97.97,ASK
1249,1712707307.002023,86084.44684596,97.9,8.780096894210442e-08,97.97,BID
1250,1712707319.53977,86135.59750567,97.77,-1.3528507253796813e-08,97.97,ASK
1251,1712707319.543981,86500.17317029,97.77,-9.642426024088625e-08,97.97,ASK
1252,1712707319.545305,89497.06491577,97.75,-7.926285202856965e-07,97.97,ASK
1253,1712707320.495108,89497.06491577,97.75,-0.0,97.97,ASK
1254,1712707320.7041454,89497.06491577,97.75,-0.0,97.97,ASK
1255,1712707345.5917027,96730.35219842,97.75,-1.911901530863256e-06,97.97,ASK
1256,1712707345.5940163,96781.51332373,97.75,-1.352290182577078e-08,97.97,ASK
1257,1712707348.7810287,110258.49233251,97.75,3.5622332960703974e-06,97.97,BID
1258,1712707350.4415095,110258.49233251,97.75,0.0,97.97,BID
1259,1712707351.590591,112348.49657316,97.74,-5.521334678081833e-07,97.97,ASK
1260,1712707353.151966,120917.61166267,97.75,2.2637730289710494e-06,97.97,BID
1261,1712707380.5571856,120917.61166267,97.75,0.0,97.97,BID
1262,1712707380.815223,120917.61166267,97.75,0.0,97.97,BID
1263,1712707382.1270869,139290.05882367,97.74,-4.852263642861073e-06,97.97,ASK
1264,1712707382.1398497,139290.05882369,97.74,-5.280612161567319e-18,97.97,ASK
1265,1712707392.2648158,139341.26684989,97.68,-1.3524319410232381e-08,97.97,ASK
1266,1712707392.267249,144713.25742945,97.66,-1.4187720530949863e-06,97.97,ASK
1267,1712707392.2695704,147212.22273213,97.52,-6.599903854237307e-07,97.97,ASK
1268,1712707392.2718978,147462.22273213,97.66,-6.602636546373072e-08,97.97,ASK
1269,1712707398.170019,157558.10949926,97.74,2.666378837467872e-06,97.97,BID
1270,1712707410.489328,157558.10949926,97.74,0.0,97.97,BID
1271,1712707439.8872635,158428.38696419,97.67,2.2962790466112946e-07,97.97,BID
1272,1712707440.554313,158428.38696419,97.67,0.0,97.97,BID
1273,1712707440.6900797,158428.38696419,97.67,0.0,97.97,BID
1274,1712707443.1925883,158479.54832712,97.73,1.3498928290720752e-08,97.97,BID
1275,1712707446.7808025,201817.52118812,97.67,-1.1434726410950066e-05,97.97,ASK
1276,1712707446.8595943,206196.38998212,97.67,-1.155364760816855e-06,97.97,ASK
1277,1712707446.8805048,208802.06291706,97.67,-6.87506940461189e-07,97.97,ASK
1278,1712707470.443003,208802.06291706,97.67,-0.0,97.97,ASK
1279,1712707480.485062,219040.62132803,97.52,-2.697941861052966e-06,97.97,ASK
1280,1712707480.487537,220093.92252703,97.51,-2.775532729328924e-07,97.97,ASK
1281,1712707480.4921534,227169.68761453,97.5,-1.8645205762648712e-06,97.97,ASK
1282,1712707480.49622,227374.81581965,97.5,-5.40529192940771e-08,97.97,ASK
1283,1712707480.497641,227426.18490999,97.51,-1.353616531054218e-08,97.97,ASK
1284,1712707480.4990764,227710.12499123,97.5,-7.482047769414375e-08,97.97,ASK
1285,1712707480.508546,237904.47385701,97.48,-2.686292293033847e-06,97.97,ASK
1286,1712707480.510387,248159.83228178,97.51,-2.702368798779732e-06,97.97,ASK
1287,1712707480.5118442,248262.41742745,97.48,-2.7032004674487884e-08,97.97,ASK
1288,1712707480.5132782,299544.4687095,97.5,-1.3513229824060684e-05,97.97,ASK
1289,1712707480.514717,320061.49784368,97.48,-5.406400934944036e-06,97.97,ASK
1290,1712707480.516176,430355.61702858,97.47,-2.9063380725364683e-05,97.97,ASK
1291,1712707480.5203333,431003.57460989,97.48,-1.7074199439345486e-07,97.97,ASK
1292,1712707480.9381778,444846.57460989,97.52,3.6477409888622976e-06,97.97,BID
1293,1712707481.5002697,449372.26041774,97.52,1.1925543324428773e-06,97.97,BID
1294,1712707481.501851,449372.57460989,97.52,8.279213927691045e-11,97.97,BID
1295,1712707482.3170562,450796.57460989,97.52,3.752353657545266e-07,97.97,BID
1296,1712707482.5618353,452264.57460989,97.52,3.86829716943571e-07,97.97,BID
1297,1712707488.2705956,453290.00529077,97.52,2.7020916895780213e-07,97.97,BID
1298,1712707492.9928606,453397.00529077,97.52,2.819535402790333e-08,97.97,BID
1299,1712707493.3978844,463941.22602077,97.52,2.778486321782312e-06,97.97,BID
1300,1712707493.4004867,508197.00529077,97.52,1.1661751068209302e-05,97.97,BID
1301,1712707493.5398526,508197.36381381,97.52,9.447368262181836e-11,97.97,BID
1302,1712707500.8577442,508197.36381381,97.52,0.0,97.97,BID
1303,1712707501.094061,508197.36381381,97.52,0.0,97.97,BID
1304,1712707509.5812764,516074.59702473,97.52,-2.067842450739092e-06,97.97,ASK
1305,1712707513.7724867,525420.59702473,97.52,2.4534065486110603e-06,97.97,BID
1306,1712707514.4320626,569077.42837105,97.47,-1.1460299156502185e-05,97.97,ASK
1307,1712707514.4571335,570103.38507567,97.47,-2.693225869576211e-07,97.97,ASK
1308,1712707514.458592,575411.17208705,97.47,-1.39334040363284e-06,97.97,ASK
1309,1712707514.4600844,575691.17208705,97.4,-7.350244314263779e-08,97.97,ASK
1310,1712707514.461559,591291.17208705,97.47,-4.095136117946962e-06,97.97,ASK
1311,1712707514.4630404,617937.05854634,97.41,-6.994777694496929e-06,97.97,ASK
1312,1712707514.4645364,618142.20779241,97.46,-5.385346712507216e-08,97.97,ASK
1313,1712707514.4660256,621142.20779241,97.4,-7.875261765282619e-07,97.97,ASK
1314,1712707514.4675353,626337.64635421,97.38,-1.3638479553205983e-06,97.97,ASK
1315,1712707514.469046,628539.9050811,97.4,-5.781121316378842e-07,97.97,ASK
1316,1712707514.470543,641039.9050811,97.41,-3.281359068867758e-06,97.97,ASK
1317,1712707514.4720798,644279.8502251,97.4,-8.505138704718757e-07,97.97,ASK
1318,1712707516.4657335,646109.8502251,97.52,4.803909676822398e-07,97.97,BID
1319,1712707517.1921272,646304.83906891,97.52,5.118627287713068e-08,97.97,BID
1320,1712707517.193979,646885.8502251,97.56,1.5252049811817973e-07,97.97,BID
1321,1712707521.7220235,653231.44077628,97.4,-1.6657728881949011e-06,97.97,ASK
1322,1712707530.5149603,653231.44077628,97.4,-0.0,97.97,ASK
1323,1712707534.990953,653431.44077628,97.41,-5.2307673342406424e-08,97.97,ASK
1324,1712707534.99634,655590.53608951,97.33,-5.646862617977637e-07,97.97,ASK
1325,1712707534.9979308,660995.5404084,97.4,-1.413616001633982e-06,97.97,ASK
1326,1712707534.999486,662256.67011429,97.41,-3.2983380349048694e-07,97.97,ASK
1327,1712707535.0013554,662487.19680833,97.4,-6.029157504275825e-08,97.97,ASK
1328,1712707535.0028834,662548.14764132,97.36,-1.5940981309941962e-08,97.97,ASK
1329,1712707535.0044498,663574.84168649,97.4,-2.685198836867252e-07,97.97,ASK
1330,1712707538.9010394,667659.3918754,97.4,-1.068266585160839e-06,97.97,ASK
1331,1712707539.130433,683479.3918754,97.63,4.137536961384348e-06,97.97,BID
1332,1712707539.1332445,684073.53220384,97.64,1.55390491097948e-07,97.97,BID
1333,1712707560.6703963,684073.53220384,97.64,0.0,97.97,BID
1334,1712707560.7246614,684073.53220384,97.64,0.0,97.97,BID
1335,1712707565.059688,688702.53220384,97.64,1.209709519029721e-06,97.97,BID
1336,1712707565.201367,694267.53220384,97.64,1.454317017368848e-06,97.97,BID
1337,1712707565.2934768,696996.42508527,97.64,7.13149210429531e-07,97.97,BID
1338,1712707565.967646,713202.52231809,97.64,4.235184724317039e-06,97.97,BID
1339,1712707565.9731054,717561.68988577,97.64,1.1391934546701536e-06,97.97,BID
1340,1712707565.974719,746586.57522547,97.64,7.585154479192337e-06,97.97,BID
1341,1712707565.9763596,755303.91128527,97.64,2.278125818129424e-06,97.97,BID
1342,1712707567.691985,755303.91128533,97.64,1.5667917980578966e-17,97.97,BID
1343,1712707567.6966214,763824.72320227,97.64,2.2267676141249167e-06,97.97,BID
1344,1712707567.801156,766177.47836332,97.64,6.148520877659321e-07,97.97,BID
1345,1712707567.8028212,768183.3912322,97.64,5.242108213066136e-07,97.97,BID
1346,1712707568.1301997,768490.32800323,97.75,8.021264498926858e-08,97.97,BID
1347,1712707568.1349502,768889.06019959,97.9,1.0420180027658977e-07,97.97,BID
1348,1712707568.1366534,770338.31615413,97.75,3.787381127063136e-07,97.97,BID
1349,1712707590.3444676,770338.31615413,97.75,0.0,97.97,BID
1350,1712707620.4822798,770338.31615413,97.75,0.0,97.97,BID
1351,1712707620.773417,770338.31615413,97.75,0.0,97.97,BID
1352,1712707650.4004347,770338.31615413,97.75,0.0,97.97,BID
1353,1712707657.0617976,778183.29153041,97.93,2.045646369251902e-06,97.97,BID
1354,1712707657.0635517,782542.45909808,97.93,1.1366913062248011e-06,97.97,BID
1355,1712707657.0652242,805344.93582404,97.93,5.945946480016916e-06,97.97,BID
1356,1712707657.1598709,848479.02727504,97.93,-1.124759394841592e-05,97.97,ASK
1357,1712707657.182123,848479.02727513,97.93,-2.346543511426382e-17,97.97,ASK
1358,1712707680.6216767,848479.02727513,97.93,-0.0,97.97,ASK
1359,1712707680.7896287,848479.02727513,97.93,-0.0,97.97,ASK
1360,1712707685.3461587,853521.44533386,97.93,1.3122364353625062e-06,97.97,BID
1361,1712707704.251882,860875.44533386,98.0,1.9138014010854285e-06,98.0,BID
1362,1712707704.254806,863694.18577883,98.0,7.335476492901399e-07,98.0,BID
1363,1712707704.262259,869796.2572508,98.0,1.588000126812582e-06,98.0,BID
1364,1712707704.2639346,890008.27919303,98.03,5.259966808785571e-06,98.03,BID
1365,1712707704.2655618,894366.94722296,98.0,1.1342976587634283e-06,98.03,BID
1366,1712707708.227113,904608.65144196,98.12,2.665296149554646e-06,98.12,BID
1367,1712707710.4953125,904608.65144196,98.12,0.0,98.12,BID
1368,1712707712.7421556,906646.97186593,98.12,5.296930605684796e-07,98.12,BID
1369,1712707718.51759,921073.00345023,98.15,3.748855543949493e-06,98.15,BID
1370,1712707718.525662,951638.46447926,98.15,7.942967361637842e-06,98.15,BID
1371,1712707723.5423484,955377.10804353,98.15,9.715516405785522e-07,98.15,BID
1372,1712707723.5441487,961771.20335858,98.12,1.661617024078474e-06,98.15,BID
1373,1712707724.200563,961955.04748245,98.15,4.77750973277172e-08,98.15,BID
1374,1712707724.2025664,962382.51257916,98.15,1.110842499048926e-07,98.15,BID
1375,1712707726.5512674,964134.63126629,98.15,4.553185548999525e-07,98.15,BID
1376,1712707726.5774274,968493.29929622,98.15,1.1326757960256677e-06,98.15,BID
1377,1712707726.5792215,974620.95611748,98.15,1.592378341303566e-06,98.15,BID
1378,1712707726.6640203,1013439.38994054,98.15,-1.0087646071937846e-05,98.15,ASK
1379,1712707740.7261624,1013439.38994054,98.15,-0.0,98.15,ASK
1380,1712707740.868942,1013439.38994054,98.15,-0.0,98.15,ASK
1381,1712707742.656786,1105694.34470311,98.3,2.390769441020217e-05,98.3,BID
1382,1712707742.7246747,1108970.34470311,98.3,-8.489691105414672e-07,98.3,ASK
1383,1712707742.7310624,1124580.34470311,98.31,-4.045301530998872e-06,98.31,ASK
1384,1712707742.7328243,1149174.97605615,98.3,-6.37365149691259e-06,98.31,ASK
1385,1712707742.7802498,1151048.3021517,98.3,-4.854688611395842e-07,98.31,ASK
1386,1712707742.8006446,1173430.42727492,98.3,-5.800284755155048e-06,98.31,ASK
1387,1712707742.8044212,1205310.01003335,98.3,-8.261532667538873e-06,98.31,ASK
1388,1712707742.9090016,1235735.97352219,98.3,-7.884830024568888e-06,98.31,ASK
1389,1712707742.999831,1266161.93701103,98.3,-7.884830024568888e-06,98.31,ASK
1390,1712707743.346558,1304087.66110288,98.3,-9.828378586355e-06,98.31,ASK
1391,1712707743.8906603,1305210.86413232,98.3,-2.9107590868778177e-07,98.31,ASK
1392,1712707744.6501462,1307250.28760965,98.3,-5.285126787442755e-07,98.31,ASK
1393,1712707747.30129,1322580.28760965,97.99,-3.97274006855943e-06,98.31,ASK
1394,1712707747.3054197,1322682.17247974,98.15,-2.6403268479239305e-08,98.31,ASK
1395,1712707747.3091388,1329268.23074274,98.12,-1.7067643545522828e-06,98.31,ASK
1396,1712707747.310814,1329368.23074274,97.94,-2.59148080140863e-08,98.31,ASK
1397,1712707747.312511,1330235.27395457,97.93,-2.246925837449332e-07,98.31,ASK
1398,1712707747.4327908,1346055.27395457,98.49,4.099722627828452e-06,98.49,BID
1399,1712707747.434576,1349977.76164271,98.5,1.0165051537576564e-06,98.5,BID
1400,1712707747.4363563,1354635.22040212,98.5,1.206971495836306e-06,98.5,BID
1401,1712707747.4381006,1363638.75498895,98.59,2.333248702658869e-06,98.59,BID
1402,1712707757.261277,1373802.38950465,98.3,2.633886371997047e-06,98.59,BID
1403,1712707758.072621,1383771.87068471,98.3,2.5835719078130635e-06,98.59,BID
1404,1712707759.582798,1392292.68260171,98.38,-2.2081520495319324e-06,98.59,ASK
1405,1712707759.584807,1450600.16880171,98.38,-1.5110273106569844e-05,98.59,ASK
1406,1712707759.6165955,1457198.39182137,98.38,-1.709916827886133e-06,98.59,ASK
1407,1712707762.0312388,1465126.83256107,98.38,2.054640196203886e-06,98.59,BID
1408,1712707762.2133508,1467363.05943673,98.38,-5.795139015866919e-07,98.59,ASK
1409,1712707770.4183085,1467363.05943673,98.38,-0.0,98.59,ASK
1410,1712707770.6339548,1495614.63743911,98.33,7.237635998341095e-06,98.59,BID
1411,1712707770.6838174,1512995.28925789,98.38,-4.452665662344153e-06,98.59,ASK
1412,1712707770.7123902,1548391.75863323,98.38,-9.068051382600913e-06,98.59,ASK
1413,1712707770.7390294,1559470.73114974,98.38,-2.838268726205982e-06,98.59,ASK
1414,1712707770.740909,1580961.52407331,98.38,-5.505622959659826e-06,98.59,ASK
1415,1712707770.83796,1613500.03165941,98.38,-8.335883886472253e-06,98.59,ASK
1416,1712707770.8411329,1615623.75197137,98.38,-5.440657006470512e-07,98.59,ASK
1417,1712707770.9229603,1618071.89033892,98.38,-6.271768032358083e-07,98.59,ASK
1418,1712707770.9275742,1620526.36934336,98.38,-6.288011805291049e-07,98.59,ASK
1419,1712707781.4702814,1637472.50486667,98.38,-4.341349020785404e-06,98.59,ASK
1420,1712707785.1261811,1650304.91845233,98.38,-3.2874743671079325e-06,98.59,ASK
1421,1712707785.1311004,1655534.1232469,98.38,-1.339644846057453e-06,98.59,ASK
1422,1712707787.2077525,1658618.64124127,98.38,-7.902078415478739e-07,98.59,ASK
1423,1712707792.3192775,1673595.74162713,98.38,3.836911371617452e-06,98.59,BID
1424,1712707792.369808,1690118.22376236,98.38,-4.2328152952664855e-06,98.59,ASK
1425,1712707795.9794376,1692297.8075462,98.4,5.583770950419975e-07,98.59,BID
1426,1712707795.9813757,1699010.21492076,98.4,1.7196193871206888e-06,98.59,BID
1427,1712707795.9832425,1720245.46039336,98.4,5.440155486293615e-06,98.59,BID
1428,1712707795.9851103,1720245.46039402,98.4,1.691014100080267e-16,98.59,BID
1429,1712707800.4146397,1720245.46039402,98.4,0.0,98.59,BID
1430,1712707800.8602211,1720245.46039402,98.4,0.0,98.59,BID
1431,1712707809.179957,1720306.312321,98.6,1.5631712529662025e-08,98.6,BID
1432,1712707809.1819842,1727910.70211947,98.6,1.953424339907949e-06,98.6,BID
1433,1712707809.1839314,1730408.06202003,98.6,6.415246646411365e-07,98.6,BID
1434,1712707809.2400882,1740878.32934326,98.6,2.6896142329073006e-06,98.6,BID
1435,1712707809.244048,1741992.804185,98.6,2.862875707013257e-07,98.6,BID
1436,1712707809.2481554,1750286.35816683,98.6,2.1304576227413355e-06,98.6,BID
1437,1712707825.2373004,1752573.50059967,98.6,5.875237613470253e-07,98.6,BID
1438,1712707830.369801,1752573.50059967,98.6,0.0,98.6,BID
1439,1712707838.579686,1770635.11897967,98.58,4.635893203223455e-06,98.6,BID
1440,1712707838.60014,1770635.1189799,98.58,5.898397707358088e-17,98.6,BID
1441,1712707849.35046,1778948.84176884,98.4,-2.133891335751469e-06,98.6,ASK
1442,1712707853.9196994,1780977.6508579,98.58,-5.207364073767398e-07,98.6,ASK
1443,1712707860.602448,1780977.6508579,98.58,-0.0,98.6,ASK
1444,1712707860.764229,1780977.6508579,98.58,-0.0,98.6,ASK
1445,1712707862.1000917,1782142.80390153,98.6,2.988463020445495e-07,98.6,BID
1446,1712707862.619719,1782427.07770153,98.6,-7.291245932245077e-08,98.6,ASK
1447,1712707863.3076124,1785889.79920153,98.6,-8.881421380157369e-07,98.6,ASK
1448,1712707863.540053,1785889.79924618,98.6,-1.1452175212262728e-14,98.6,ASK
1449,1712707863.6431744,1789352.52070118,98.6,8.881421264738055e-07,98.6,BID
1450,1712707863.659689,1789352.52070153,98.6,8.975611194617997e-17,98.6,BID
1451,1712707867.4603171,1789413.31713481,98.69,1.559347878165224e-08,98.69,BID
1452,1712707867.46379,1801462.54670118,98.69,3.090467572549063e-06,98.69,BID
1453,1712707890.5047233,1801462.54670118,98.69,0.0,98.69,BID
1454,1712707904.9255686,1802587.18354548,98.66,2.883049959485183e-07,98.69,BID
1455,1712707904.927684,1837750.30052418,98.66,9.01420076130587e-06,98.69,BID
1456,1712707905.1809971,1847219.18282363,98.69,2.427384525783678e-06,98.69,BID
1457,1712707905.1880417,1847219.18282418,98.66,1.4098077475311295e-16,98.69,BID
1458,1712707908.5729058,1893089.74000118,98.68,1.1759094385088384e-05,98.69,BID
1459,1712707908.5934105,1893089.74000127,98.68,2.3098882230929178e-17,98.69,BID
1460,1712707908.599991,1893089.74000276,98.69,3.819373317718754e-16,98.69,BID
1461,1712707908.6837387,1893151.12107693,98.83,1.5735275284304164e-08,98.83,BID
1462,1712707908.68801,1921402.69907931,98.83,7.242401067328833e-06,98.83,BID
1463,1712707908.6901388,1926181.93825768,98.84,-1.225176410447964e-06,98.84,ASK
1464,1712707908.975073,1930266.48844659,98.84,-1.0470902066152836e-06,98.84,ASK
1465,1712707908.980332,1945447.86952059,98.84,-3.891805635940064e-06,98.84,ASK
1466,1712707908.985467,1966885.46122714,98.84,-5.495609379532637e-06,98.84,ASK
1467,1712707908.9874904,1980518.01695347,98.8,3.494758279855198e-06,98.84,BID
1468,1712707908.989504,1982066.84230114,98.8,3.970473560849264e-07,98.84,BID
1469,1712707908.9979155,1982881.66951823,98.8,2.088841021993055e-07,98.84,BID
1470,1712707909.0126247,1986114.66951823,98.53,-8.28792028845313e-07,98.84,ASK
1471,1712707909.1177433,1986114.66951912,98.8,2.2812384466824627e-16,98.84,BID
1472,1712707909.1198547,1998350.81869812,98.8,3.1367840715488605e-06,98.84,BID
1473,1712707909.1323383,2014030.81869812,98.88,4.019628522206776e-06,98.88,BID
1474,1712707909.260264,2016923.97467512,98.8,7.416717018075434e-07,98.88,BID
1475,1712707909.2999403,2019599.03176301,98.8,-6.857612097585161e-07,98.88,ASK
1476,1712707920.5443444,2019599.03176301,98.8,-0.0,98.88,ASK
1477,1712707920.5569394,2019599.03176301,98.8,-0.0,98.88,ASK
1478,1712707950.3654914,2019599.03176301,98.8,-0.0,98.88,ASK
1479,1712707961.7600543,2019902.6754877,98.79,7.741279091203174e-08,98.88,BID
1480,1712707961.9267762,2020108.30045317,98.79,5.242328809686491e-08,98.88,BID
1481,1712707961.9299712,2093534.82158983,98.8,1.8719807017102245e-05,98.88,BID
1482,1712707961.9322803,2153534.82158983,98.8,1.529676748453971e-05,98.88,BID
1483,1712707980.5926878,2153534.82158983,98.8,0.0,98.88,BID
1484,1712707980.8556142,2153534.82158983,98.8,0.0,98.88,BID
1485,1712707983.8194847,2154567.12600234,98.81,-2.622971071984589e-07,98.88,ASK
1486,1712707983.8218565,2165644.84758948,98.8,-2.8147262488117403e-06,98.88,ASK
1487,1712707987.0697513,2166976.45331265,98.8,-3.383462522135056e-07,98.88,ASK
1488,1712708010.5106037,2166976.45331265,98.8,-0.0,98.88,ASK
1489,1712708023.7555938,2186355.7868302,98.8,-4.92241278493107e-06,98.88,ASK
1490,1712708023.7612195,2187304.75544371,98.8,-2.410410673519684e-07,98.88,ASK
1491,1712708036.9202309,2188053.783663,98.8,-1.90255566816508e-07,98.88,ASK
1492,1712708040.572749,2188053.783663,98.8,-0.0,98.88,ASK
1493,1712708040.7398796,2188053.783663,98.8,-0.0,98.88,ASK
1494,1712708054.7050624,2190942.98674874,98.9,7.334788667436715e-07,98.9,BID
1495,1712708054.707289,2191941.69104112,98.9,2.535399800042513e-07,98.9,BID
1496,1712708054.7094226,2192690.71926041,98.9,1.9015498500451841e-07,98.9,BID
1497,1712708054.7495923,2208191.40465228,98.9,-3.935142258117347e-06,98.9,ASK
1498,1712708054.789625,2223372.78572628,98.9,-3.854080815820899e-06,98.9,ASK
1499,1712708070.3667283,2223372.78572628,98.9,-0.0,98.9,ASK
1500,1712708074.5500371,2247912.70176208,98.9,-6.224402323737934e-06,98.9,ASK
1501,1712708074.5546362,2274218.06070502,98.9,-6.672196314458832e-06,98.9,ASK
1502,1712708077.0594814,2274269.02961902,98.92,1.2927958933366046e-08,98.92,BID
1503,1712708087.8052244,2322423.23534102,98.9,-1.221402508291007e-05,98.92,ASK
1504,1712708088.6159422,2329719.67674202,98.9,-1.850698541313159e-06,98.92,ASK
1505,1712708088.6269462,2329719.67674281,98.9,-2.003182724008361e-16,98.92,ASK
1506,1712708093.582525,2332768.07413341,98.89,-7.732076904439323e-07,98.92,ASK
1507,1712708100.3612502,2332768.07413341,98.89,-0.0,98.92,ASK
1508,1712708100.7744904,2332768.07413341,98.89,-0.0,98.92,ASK
1509,1712708106.1197424,2334266.13057198,98.89,-3.819739711037714e-07,98.92,ASK
1510,1712708108.47008,2334415.65607198,98.91,3.8125966115666666e-08,98.92,BID
1511,1712708123.5907996,2341220.32206383,98.91,-1.7350516469346656e-06,98.92,ASK
1512,1712708123.6007955,2341825.50009498,98.91,-1.5430810871432856e-07,98.92,ASK
1513,1712708124.4498205,2364738.09677971,98.91,-5.842246873102068e-06,98.92,ASK
1514,1712708124.452202,2364738.50009498,98.91,-1.0283720377047827e-10,98.92,ASK
1515,1712708126.0209703,2364738.89338174,98.91,-1.0028013739577318e-10,98.92,ASK
1516,1712708127.7496018,2364997.89338174,98.89,-6.603974053896096e-08,98.92,ASK
1517,1712708129.5096233,2375912.53355196,98.9,2.783011601997828e-06,98.92,BID
1518,1712708130.3523498,2375912.53355196,98.9,0.0,98.92,BID
1519,1712708138.54949,2380298.26195199,98.9,-1.1170562484471518e-06,98.92,ASK
1520,1712708138.5532568,2383545.71314298,98.91,-8.271341299651591e-07,98.92,ASK
1521,1712708142.942821,2383596.73355114,98.98,1.2995028541466308e-08,98.98,BID
1522,1712708158.3195102,2388534.73355114,98.9,-1.2577212384592911e-06,98.98,ASK
1523,1712708158.3454032,2403111.73355114,98.9,-3.7127992087932543e-06,98.98,ASK
1524,1712708158.4192977,2417738.29719981,98.9,-3.725423196964127e-06,98.98,ASK
1525,1712708158.4392865,2420709.37327951,98.89,-7.567406817572375e-07,98.98,ASK
1526,1712708158.5493336,2425094.39329645,98.89,-1.1168758214609891e-06,98.98,ASK
1527,1712708158.8497367,2425600.46617094,98.8,-1.2889805639012398e-07,98.98,ASK
1528,1712708158.854527,2429088.39329645,98.7,-8.883839659684037e-07,98.98,ASK
1529,1712708159.3494277,2433701.39329645,98.7,-1.1749429066449391e-06,98.98,ASK
1530,1712708159.449344,2435676.39329645,98.7,-5.030375548718307e-07,98.98,ASK
1531,1712708160.5239725,2435676.39329645,98.7,-0.0,98.98,ASK
1532,1712708170.4938502,2435727.45497491,98.9,1.298599729233448e-08,98.98,BID
1533,1712708176.905257,2438007.42722336,98.9,5.79842150473859e-07,98.98,BID
1534,1712708190.5140023,2438007.42722336,98.9,0.0,98.98,BID
1535,1712708192.3799217,2438058.45278666,98.97,1.2976051695951144e-08,98.98,BID
1536,1712708206.6396055,2447586.38005769,98.97,2.422998764326951e-06,98.98,BID
1537,1712708206.6445043,2457755.1821728,98.96,2.585976389063229e-06,98.98,BID
1538,1712708213.8609536,2457806.19227381,98.97,1.2972119559669848e-08,98.98,BID
1539,1712708217.7398002,2458725.20331491,98.97,2.337090275404304e-07,98.98,BID
1540,1712708220.3504903,2458725.20331491,98.97,0.0,98.98,BID
1541,1712708220.9942153,2464002.54609932,98.97,1.3413548278391989e-06,98.98,BID
1542,1712708221.0897388,2466898.3735598,98.97,-7.360393863705454e-07,98.98,ASK
1543,1712708221.112645,2500408.78476902,98.97,-8.51742130360601e-06,98.98,ASK
1544,1712708221.2534351,2511671.68143602,98.97,-2.862717363057117e-06,98.98,ASK
1545,1712708222.3594084,2538037.27207702,98.97,-6.701405184369086e-06,98.98,ASK
1546,1712708222.3721256,2548077.92010595,98.97,-2.552055505665938e-06,98.98,ASK
1547,1712708224.9503868,2548128.98694789,98.89,-1.2979781260558365e-08,98.98,ASK
1548,1712708225.0000243,2549417.05650534,98.88,-3.273917177755944e-07,98.98,ASK
1549,1712708225.4930034,2552243.26643939,98.86,-7.183445332988067e-07,98.98,ASK
1550,1712708225.4973526,2553025.35822856,98.86,-1.987861391751741e-07,98.98,ASK
1551,1712708229.7761006,2555636.48067582,98.89,6.636752327436288e-07,98.98,BID
1552,1712708239.70917,2555687.35716181,98.9,1.2931398033924452e-08,98.98,BID
1553,1712708240.3592486,2555851.16272127,98.86,-4.163485052700449e-08,98.98,ASK
1554,1712708240.6195076,2567361.20143295,98.9,2.9255340471983338e-06,98.98,BID
1555,1712708250.350704,2567361.20143295,98.9,0.0,98.98,BID
1556,1712708255.7694716,2570277.6483802,98.9,7.392603417549142e-07,98.98,BID
1557,1712708262.0175982,2591031.89389258,98.9,-5.260781666134718e-06,98.98,ASK
1558,1712708263.7394786,2599761.13521587,98.9,2.21268620367026e-06,98.98,BID
1559,1712708264.7593584,2603127.08275416,98.9,-8.531996544053091e-07,98.98,ASK
1560,1712708280.4998755,2603127.08275416,98.9,-0.0,98.98,ASK
1561,1712708284.4574025,2603219.08275416,98.9,-2.329924953349833e-08,98.98,ASK
1562,1712708284.6095726,2676085.88380416,98.9,-1.845371500404062e-05,98.98,ASK
1563,1712708284.6313608,2692144.12847296,98.9,-4.066794017481942e-06,98.98,ASK
1564,1712708289.4094777,2692310.12847296,98.9,-4.203995024522527e-08,98.98,ASK
1565,1712708289.449396,2702255.35193099,98.9,-2.518654815380841e-06,98.98,ASK
1566,1712708295.30014,2702457.57640015,98.9,5.1213895312419924e-08,98.98,BID
1567,1712708295.3051963,2712366.57538902,98.9,2.509480870313765e-06,98.98,BID
1568,1712708301.9595282,2712417.64223096,98.89,1.2932816230936351e-08,98.98,BID
1569,1712708310.5248735,2712417.64223096,98.89,0.0,98.98,BID
1570,1712708337.6593945,2713687.73324117,98.88,3.207759118378813e-07,98.98,BID
1571,1712708340.3602595,2713687.73324117,98.88,0.0,98.98,BID
1572,1712708370.3293235,2713687.73324117,98.88,0.0,98.98,BID
1573,1712708389.5104976,2713738.76396065,98.71,1.2887979087412066e-08,98.98,BID
1574,1712708398.8994112,2713794.54909451,98.7,-1.4088722359729333e-08,98.98,ASK
1575,1712708398.9091642,2785539.75045532,98.7,-1.8119490851436405e-05,98.98,ASK
1576,1712708400.3948555,2785539.75045532,98.7,-0.0,98.98,ASK
1577,1712708401.756135,2795670.43630275,98.7,2.5595507484698374e-06,98.98,BID
1578,1712708403.199314,2795771.76369154,98.69,-2.5600694535765925e-08,98.98,ASK
1579,1712708408.0201058,2803192.80814048,98.6,-1.8749510309345048e-06,98.98,ASK
1580,1712708409.6655838,2803395.64789707,98.6,-5.1248124620377297e-08,98.98,ASK
1581,1712708409.6681402,2806116.59127774,98.6,-6.874552001141257e-07,98.98,ASK
1582,1712708409.85911,2807724.90770776,98.6,4.063463801198321e-07,98.98,BID
1583,1712708413.7793813,2813820.1359557,98.6,1.5399792530401308e-06,98.98,BID
1584,1712708413.859981,2825981.68588151,98.6,3.0726551670789625e-06,98.98,BID
1585,1712708413.8652742,2842843.42879687,98.6,4.260174222110033e-06,98.98,BID
1586,1712708414.0625634,2843824.7024899,98.6,-2.4792199198292777e-07,98.98,ASK
1587,1712708423.97156,2854405.60184234,98.6,-2.673298655677148e-06,98.98,ASK
1588,1712708430.30984,2854507.13499291,98.49,-2.5652680919118097e-08,98.98,ASK
1589,1712708430.3211942,2865616.13499291,98.56,-2.806725002924125e-06,98.98,ASK
1590,1712708430.3236313,2886186.74770091,98.5,-5.197232245297717e-06,98.98,ASK
1591,1712708430.3260353,2886389.79338618,98.5,-5.1300153171555176e-08,98.98,ASK
1592,1712708430.3284636,2903329.79338618,98.47,-4.2799461292226725e-06,98.98,ASK
1593,1712708430.330959,2903847.53406126,98.44,-1.3080886648466445e-07,98.98,ASK
1594,1712708430.3484397,2903847.53406126,98.44,-0.0,98.98,ASK
1595,1712708433.22795,2903898.65259552,98.79,1.2893109241995533e-08,98.98,BID
1596,1712708458.7594872,2921678.65259552,98.79,4.484469002121248e-06,98.98,BID
1597,1712708458.7626328,2922346.76659552,98.79,1.685116154602645e-07,98.98,BID
1598,1712708458.8398526,2922346.76659574,98.8,5.543593831124704e-17,98.98,BID
