,time,acc_trade_volume,trade_price,dev,high,ask_bid
0,1712689619.140757,310776.78933951,64300.0,0.0,67370.0,BID
1,1712689620.1459787,310776.78933951,64300.0,0.0,67370.0,BID
2,1712689631.7249365,310792.34143904,64300.0,6.407105374385281e-10,67370.0,BID
3,1712689650.1560564,310792.34143904,64300.0,0.0,67370.0,BID
4,1712689656.87515,310792.41919953,64300.0,3.203420396397874e-12,67370.0,BID
5,1712689680.1760695,310792.41919953,64300.0,0.0,67370.0,BID
6,1712689691.57502,310843.2352534,64300.0,2.093417235525135e-09,67370.0,BID
7,1712689700.9150765,310885.0433832,64300.0,1.7223269585690711e-09,67370.0,BID
8,1712689710.154726,310885.0433832,64300.0,0.0,67370.0,BID
9,1712689732.8449454,310886.26351963,64300.0,5.0252388745571597e-11,67370.0,BID
10,1712689740.217885,310886.26351963,64300.0,0.0,67370.0,BID
11,1712689770.2456036,310886.26351963,64300.0,0.0,67370.0,BID
12,1712689800.1648505,310886.26351963,64300.0,0.0,67370.0,BID
13,1712689830.1565585,310886.26351963,64300.0,0.0,67370.0,BID
14,1712689839.574975,310886.57461,64290.0,1.2814955252987167e-11,67370.0,BID
15,1712689860.2270606,310886.57461,64290.0,0.0,67370.0,BID
16,1712689890.2265651,310886.57461,64290.0,0.0,67370.0,BID
17,1712689903.5940802,310888.13006185,64290.0,6.407472347547087e-11,67370.0,BID
18,1712689920.1468592,310888.13006185,64290.0,0.0,67370.0,BID
19,1712689949.0652745,310888.20806185,64290.0,3.21309067971879e-12,67370.0,BID
20,1712689950.156632,310888.20806185,64290.0,0.0,67370.0,BID
21,1712689971.8480532,310888.28583444,64290.0,3.20372221097713e-12,67370.0,BID
22,1712689980.2249532,310888.28583444,64290.0,0.0,67370.0,BID
23,1712689988.4552476,310888.36383444,64290.0,3.2130893565985038e-12,67370.0,BID
24,1712689997.0971715,310888.44183444,64290.0,3.2130893542007285e-12,67370.0,BID
25,1712690010.2267463,310888.44183444,64290.0,0.0,67370.0,BID
26,1712690040.1464012,310888.44183444,64290.0,0.0,67370.0,BID
27,1712690070.1467924,310888.44183444,64290.0,0.0,67370.0,BID
28,1712690100.1851292,310888.44183444,64290.0,0.0,67370.0,BID
29,1712690130.1449473,310888.44183444,64290.0,0.0,67370.0,BID
30,1712690160.2251754,310888.44183444,64290.0,0.0,67370.0,BID
31,1712690190.2680387,310888.44183444,64290.0,0.0,67370.0,BID
32,1712690214.7553573,311018.48245506,64290.0,5.358123365894055e-09,67370.0,BID
33,1712690220.1564963,311018.48245506,64290.0,0.0,67370.0,BID
34,1712690250.1650157,311018.48245506,64290.0,0.0,67370.0,BID
35,1712690261.3354197,311020.03790691,64290.0,6.406792663956421e-11,67370.0,BID
36,1712690280.2269986,311020.03790691,64290.0,0.0,67370.0,BID
37,1712690284.4854646,311020.1156795,64290.0,3.2033830337841098e-12,67370.0,BID
38,1712690286.515145,311024.44869266,64210.0,-1.7847291500969602e-10,67370.0,ASK
39,1712690310.2350423,311024.44869266,64210.0,-0.0,67370.0,ASK
40,1712690327.0959904,311024.901033,64200.0,-1.863127442721257e-11,67370.0,ASK
41,1712690327.0982246,311031.69126954,64200.0,-2.796804733723635e-10,67370.0,ASK
42,1712690327.0999618,311033.98256953,64200.0,-9.437548487041631e-11,67370.0,ASK
43,1712690327.101657,311038.86988001,64210.0,-2.0130157476955123e-10,67370.0,ASK
44,1712690340.1476176,311038.86988001,64210.0,-0.0,67370.0,ASK
45,1712690351.0552623,311084.36988001,64210.0,1.874010748012066e-09,67370.0,BID
46,1712690370.1569898,311084.36988001,64210.0,0.0,67370.0,BID
47,1712690400.1751094,311084.36988001,64210.0,0.0,67370.0,BID
48,1712690430.156963,311084.36988001,64210.0,0.0,67370.0,BID
49,1712690454.505221,311084.8024741,64300.0,1.7834037856844643e-11,67370.0,BID
50,1712690460.227147,311084.8024741,64300.0,0.0,67370.0,BID
51,1712690490.227165,311084.8024741,64300.0,0.0,67370.0,BID
52,1712690517.3651738,311129.8024741,64300.0,1.8551589164565437e-09,67370.0,BID
53,1712690520.1483424,311129.8024741,64300.0,0.0,67370.0,BID
54,1712690541.565352,311132.44633102,64300.0,1.0898199409302395e-10,67370.0,BID
55,1712690550.1672862,311132.44633102,64300.0,0.0,67370.0,BID
56,1712690574.9855802,311148.85100544,64300.0,6.762096651875731e-10,67370.0,BID
57,1712690574.9871433,311170.06856068,64300.0,8.74599248824619e-10,67370.0,BID
58,1712690580.2252595,311170.06856068,64300.0,0.0,67370.0,BID
59,1712690596.0989528,311170.14620043,64400.0,3.2000339228881735e-12,67370.0,BID
60,1712690610.225097,311170.14620043,64400.0,0.0,67370.0,BID
61,1712690628.2552395,311947.7511771,64300.0,-3.2050100522428804e-08,67370.0,ASK
62,1712690628.2571504,311967.7511771,64300.0,-8.24328585438829e-10,67370.0,ASK
63,1712690640.1363454,311967.7511771,64300.0,-0.0,67370.0,ASK
64,1712690646.0852966,311968.5511771,64300.0,3.290359095786916e-11,67370.0,BID
65,1712690649.2974615,312184.02432016,64300.0,8.862300202194512e-09,67370.0,BID
66,1712690670.150336,312184.02432016,64300.0,0.0,67370.0,BID
67,1712690700.224976,312184.02432016,64300.0,0.0,67370.0,BID
68,1712690705.7450893,312191.49331022,64300.0,-3.0801798568317163e-10,67370.0,ASK
69,1712690717.845064,312229.00042782,64300.0,-1.546777639155299e-09,67370.0,ASK
70,1712690730.2266777,312229.00042782,64300.0,-0.0,67370.0,ASK
71,1712690760.1367428,312229.00042782,64300.0,-0.0,67370.0,ASK
72,1712690790.1546996,312229.00042782,64300.0,-0.0,67370.0,ASK
73,1712690820.2372718,312229.00042782,64300.0,-0.0,67370.0,ASK
74,1712690850.2445996,312229.00042782,64300.0,-0.0,67370.0,ASK
75,1712690880.1772175,312229.00042782,64300.0,-0.0,67370.0,ASK
76,1712690895.9247887,312231.31578973,64380.0,9.547315776680708e-11,67370.0,BID
77,1712690896.0881748,312239.60920544,64380.0,3.4197616497586687e-10,67370.0,BID
78,1712690907.6648016,312239.68684519,64400.0,3.2014485820496935e-12,67370.0,BID
79,1712690910.1582532,312239.68684519,64400.0,0.0,67370.0,BID
80,1712690915.3146293,312266.08662009,64400.0,1.088554822289356e-09,67370.0,BID
81,1712690940.2270184,312266.08662009,64400.0,0.0,67370.0,BID
82,1712690946.894969,312286.46809788,64400.0,8.40340525561031e-10,67370.0,BID
83,1712690954.8048902,312286.46809789,64400.0,4.127891108406173e-19,67370.0,BID
84,1712690954.806587,312286.63299563,64430.0,6.798832492778884e-12,67370.0,BID
85,1712690970.2246215,312286.63299563,64430.0,0.0,67370.0,BID
86,1712690979.6446395,312290.29137433,64430.0,1.5082891435736267e-10,67370.0,BID
87,1712691000.1779633,312290.29137433,64430.0,0.0,67370.0,BID
88,1712691030.1469443,312290.29137433,64430.0,0.0,67370.0,BID
89,1712691048.4649248,312291.06741033,64430.0,-3.2097877113318917e-11,67370.0,ASK
90,1712691060.2164905,312291.06741033,64430.0,-0.0,67370.0,ASK
91,1712691090.216701,312291.06741033,64430.0,-0.0,67370.0,ASK
92,1712691097.7544272,312296.78754455,64330.0,-2.365918405362433e-10,67370.0,ASK
93,1712691120.1666985,312296.78754455,64330.0,-0.0,67370.0,ASK
94,1712691150.1458652,312296.78754455,64330.0,-0.0,67370.0,ASK
95,1712691159.4850051,312460.82486984,64430.0,6.784683809578798e-09,67370.0,BID
96,1712691180.2143998,312460.82486984,64430.0,0.0,67370.0,BID
97,1712691210.217428,312460.82486984,64430.0,0.0,67370.0,BID
98,1712691217.9745908,312460.90247344,64430.0,3.2083297406282607e-12,67370.0,BID
99,1712691226.2046604,312466.68005181,64430.0,2.3885975027167787e-10,67370.0,BID
100,1712691226.206534,312471.90683702,64430.0,2.1608856341446487e-10,67370.0,BID
101,1712691240.1472871,312471.90683702,64430.0,0.0,67370.0,BID
102,1712691240.8746014,312473.90044917,64430.0,-8.241855210281446e-11,67370.0,ASK
103,1712691249.8045895,312476.24359965,64460.0,9.686892705033658e-11,67370.0,BID
104,1712691270.1468005,312476.24359965,64460.0,0.0,67370.0,BID
105,1712691294.3848147,312478.03785059,64430.0,-7.41758400446844e-11,67370.0,ASK
106,1712691300.2265725,312478.03785059,64430.0,-0.0,67370.0,ASK
107,1712691304.534564,312489.75952822,64430.0,-4.868794241230167e-10,67370.0,ASK
108,1712691330.2183228,312489.75952822,64430.0,-0.0,67370.0,ASK
109,1712691360.166107,312489.75952822,64430.0,-0.0,67370.0,ASK
110,1712691390.1773098,312489.75952822,64430.0,-0.0,67370.0,ASK
111,1712691420.21712,312489.75952822,64430.0,-0.0,67370.0,ASK
112,1712691445.7248018,312490.53556422,64430.0,3.2232938022766806e-11,67370.0,BID
113,1712691450.2342677,312490.53556422,64430.0,0.0,67370.0,BID
114,1712691480.145618,312490.53556422,64430.0,0.0,67370.0,BID
115,1712691510.1571949,312490.53556422,64430.0,0.0,67370.0,BID
116,1712691527.6444864,312493.21605475,64360.0,-1.1133491963417755e-10,67370.0,ASK
117,1712691528.2747004,312493.29365835,64430.0,3.223287107772992e-12,67370.0,BID
118,1712691540.2172377,312493.29365835,64430.0,0.0,67370.0,BID
119,1712691570.2242365,312493.29365835,64430.0,0.0,67370.0,BID
120,1712691589.9544644,312494.30404591,64430.0,4.1966418876355445e-11,67370.0,BID
121,1712691589.9568994,312495.91887175,64420.0,6.707174582911819e-11,67370.0,BID
122,1712691600.167642,312495.91887175,64420.0,0.0,67370.0,BID
123,1712691630.1550474,312495.91887175,64420.0,0.0,67370.0,BID
124,1712691649.70431,312498.54211771,64420.0,-1.0897358557968556e-10,67370.0,ASK
125,1712691660.2170854,312498.54211771,64420.0,-0.0,67370.0,ASK
126,1712691690.234182,312498.54211771,64420.0,-0.0,67370.0,ASK
127,1712691720.157137,312498.54211771,64420.0,-0.0,67370.0,ASK
128,1712691750.1480453,312498.54211771,64420.0,-0.0,67370.0,ASK
129,1712691769.9544454,312499.78396807,64380.0,-5.158797098510939e-11,67370.0,ASK
130,1712691780.2176323,312499.78396807,64380.0,-0.0,67370.0,ASK
131,1712691810.2542152,312499.78396807,64380.0,-0.0,67370.0,ASK
132,1712691824.1242778,312500.27564209,64380.0,-2.0424667620525885e-11,67370.0,ASK
133,1712691824.1262658,312507.6102842,64380.0,-3.046889221600563e-10,67370.0,ASK
134,1712691838.7444403,312507.68785168,64460.0,3.222236547547438e-12,67370.0,BID
135,1712691840.1480074,312507.68785168,64460.0,0.0,67370.0,BID
136,1712691870.147081,312507.68785168,64460.0,0.0,67370.0,BID
137,1712691878.6845152,312507.84298664,64460.0,6.444336873780089e-12,67370.0,BID
138,1712691900.1642752,312507.84298664,64460.0,0.0,67370.0,BID
139,1712691914.7543726,312509.2104145,64450.0,5.6864371710626555e-11,67370.0,BID
140,1712691914.854225,312518.74897189,64450.0,-3.9666010097142735e-10,67370.0,ASK
141,1712691923.96462,312523.40374303,64450.0,1.9356826350949168e-10,67370.0,BID
142,1712691930.147227,312523.40374303,64450.0,0.0,67370.0,BID
143,1712691936.4470172,312525.5066175,64460.0,8.744420981051705e-11,67370.0,BID
144,1712691936.4492204,312526.67448612,64460.0,4.856369226825874e-11,67370.0,BID
145,1712691960.2181163,312526.67448612,64460.0,0.0,67370.0,BID
146,1712691977.0368395,312530.3503675,64460.0,1.5285350086317558e-10,67370.0,BID
147,1712691990.2279477,312530.3503675,64460.0,0.0,67370.0,BID
148,1712692008.644383,312531.21393516,64390.0,-3.590922172288972e-11,67370.0,ASK
149,1712692020.1467547,312531.21393516,64390.0,-0.0,67370.0,ASK
150,1712692050.14747,312531.21393516,64390.0,-0.0,67370.0,ASK
151,1712692080.217419,312531.21393516,64390.0,-0.0,67370.0,ASK
152,1712692110.2177343,312531.21393516,64390.0,-0.0,67370.0,ASK
153,1712692140.1542084,312531.21393516,64390.0,-0.0,67370.0,ASK
154,1712692145.9744942,312531.80050554,64490.0,2.4390951748902148e-11,67370.0,BID
155,1712692149.2806814,312531.87803694,64490.0,3.2239347595981255e-12,67370.0,BID
156,1712692170.1470766,312531.87803694,64490.0,0.0,67370.0,BID
157,1712692177.2046936,312542.32955338,64400.0,-4.345974292468665e-10,67370.0,ASK
158,1712692200.1743083,312542.32955338,64400.0,-0.0,67370.0,ASK
159,1712692230.154171,312542.32955338,64400.0,-0.0,67370.0,ASK
160,1712692260.2168512,312542.32955338,64400.0,-0.0,67370.0,ASK
161,1712692274.934539,312542.60051778,64490.0,1.1275242101214242e-11,67370.0,BID
162,1712692274.9373145,312542.68296665,64490.0,3.430823275478945e-12,67370.0,BID
163,1712692274.939935,312542.72511204,64500.0,1.7537339806012476e-12,67370.0,BID
164,1712692274.9419866,312543.72511204,64490.0,4.1611525729860746e-11,67370.0,BID
165,1712692282.7271194,312543.82511204,64500.0,4.161152572017232e-12,67370.0,BID
166,1712692290.2176783,312543.82511204,64500.0,0.0,67370.0,BID
167,1712692304.0545826,312545.82511204,64500.0,8.322271745103466e-11,67370.0,BID
168,1712692304.06409,312550.99304416,64500.0,2.1504467731591643e-10,67370.0,BID
169,1712692304.1943705,312555.22032908,64500.0,-1.7590306924085756e-10,67370.0,ASK
170,1712692304.2341535,312555.22032909,64500.0,-4.166011757210936e-19,67370.0,ASK
171,1712692318.7042444,312555.29939885,64500.0,3.290200147191253e-12,67370.0,BID
172,1712692320.1541662,312555.29939885,64500.0,0.0,67370.0,BID
173,1712692327.2366638,312555.611314,64390.0,-1.297881349904051e-11,67370.0,ASK
174,1712692350.145837,312555.611314,64390.0,-0.0,67370.0,ASK
175,1712692352.184792,312561.57979764,64390.0,-2.4834885803404476e-10,67370.0,ASK
176,1712692352.187367,312565.6113696,64390.0,-1.6775388067463926e-10,67370.0,ASK
177,1712692380.2169836,312565.6113696,64390.0,-0.0,67370.0,ASK
178,1712692410.2185595,312565.6113696,64390.0,-0.0,67370.0,ASK
179,1712692440.1479332,312565.6113696,64390.0,-0.0,67370.0,ASK
180,1712692459.3747532,312565.68893708,64460.0,3.227499666151935e-12,67370.0,BID
181,1712692470.1541324,312565.68893708,64460.0,0.0,67370.0,BID
182,1712692500.2178168,312565.68893708,64460.0,0.0,67370.0,BID
183,1712692515.7943983,312566.75976375,64460.0,4.462842953523696e-11,67370.0,BID
184,1712692520.9944296,312566.9924662,64460.0,9.698250131048416e-12,67370.0,BID
185,1712692521.074369,312567.22516865,64460.0,9.698250128622516e-12,67370.0,BID
186,1712692528.99442,312567.32516865,64410.0,-4.167661377841676e-12,67370.0,ASK
187,1712692530.2284331,312567.32516865,64410.0,-0.0,67370.0,ASK
188,1712692533.5041032,312567.48047226,64400.0,-6.472500118856711e-12,67370.0,ASK
189,1712692533.574463,312567.55497267,64390.0,-3.104911165336325e-12,67370.0,ASK
190,1712692533.5777938,312569.56978552,64390.0,-8.397020786787628e-11,67370.0,ASK
191,1712692551.2747457,312569.66978552,64390.0,-4.167643056598887e-12,67370.0,ASK
192,1712692552.4446647,312618.32771552,64390.0,2.027888841601345e-09,67370.0,BID
193,1712692552.4481685,312654.13842152,64390.0,1.4924624024762983e-09,67370.0,BID
194,1712692552.4645977,312699.97785152,64390.0,1.9104238220240086e-09,67370.0,BID
195,1712692552.467584,312793.19183552,64390.0,3.884826132858566e-09,67370.0,BID
196,1712692552.5644634,312891.60076886,64390.0,4.101333078374451e-09,67370.0,BID
197,1712692552.567823,312898.45129974,64390.0,2.8550567462610216e-10,67370.0,BID
198,1712692555.4545114,312907.52239739,64460.0,3.7805097145484855e-10,67370.0,BID
199,1712692560.1573312,312907.52239739,64460.0,0.0,67370.0,BID
200,1712692590.1478007,312907.52239739,64460.0,0.0,67370.0,BID
201,1712692620.224213,312907.52239739,64460.0,0.0,67370.0,BID
202,1712692650.2239993,312907.52239739,64460.0,0.0,67370.0,BID
203,1712692661.153981,312909.05226087,64460.0,6.370109248763837e-11,67370.0,BID
204,1712692661.2337365,312910.17340756,64460.0,4.6682772629019756e-11,67370.0,BID
205,1712692661.2537096,312920.06864094,64460.0,4.120218470229215e-10,67370.0,BID
206,1712692678.673408,312921.06872239,64450.0,-4.164180776431532e-11,67370.0,ASK
207,1712692678.683287,312939.08200689,64450.0,-7.50044639231695e-10,67370.0,ASK
208,1712692680.186048,312939.08200689,64450.0,-0.0,67370.0,ASK
209,1712692710.145414,312939.08200689,64450.0,-0.0,67370.0,ASK
210,1712692715.0016692,312965.81377182,64460.0,1.1129740898254307e-09,67370.0,BID
211,1712692740.2153409,312965.81377182,64460.0,0.0,67370.0,BID
212,1712692770.214815,312965.81377182,64460.0,0.0,67370.0,BID
213,1712692770.6516082,312965.89123115,64550.0,3.2247793248017597e-12,67370.0,BID
214,1712692800.184435,312965.89123115,64550.0,0.0,67370.0,BID
215,1712692804.651471,312966.20145295,64470.0,-1.2918513438449976e-11,67370.0,ASK
216,1712692804.6538246,312968.042183,64460.0,-7.665320711681721e-11,67370.0,ASK
217,1712692804.6613622,312968.3524048,64470.0,-1.2918513438449976e-11,67370.0,ASK
218,1712692830.1452212,312968.3524048,64470.0,-0.0,67370.0,ASK
219,1712692860.2132285,312968.3524048,64470.0,-0.0,67370.0,ASK
220,1712692863.420265,312968.56540136,64550.0,8.869720771714596e-12,67370.0,BID
221,1712692863.4235454,312968.81773751,64550.0,1.050792177907758e-11,67370.0,BID
222,1712692871.9298396,312968.89696678,64550.0,3.29930916188233e-12,67370.0,BID
223,1712692890.2193422,312968.89696678,64550.0,0.0,67370.0,BID
224,1712692914.1193163,312976.94010946,64460.0,-3.3493651390037765e-10,67370.0,ASK
225,1712692920.1431687,312976.94010946,64460.0,-0.0,67370.0,ASK
226,1712692921.3189774,312977.09502812,64550.0,6.451059958470358e-12,67370.0,BID
227,1712692928.8089058,312977.71411812,64550.0,2.5779894494050808e-11,67370.0,BID
228,1712692946.4887657,312977.84288925,64550.0,5.362235127189911e-12,67370.0,BID
229,1712692950.151271,312977.84288925,64550.0,0.0,67370.0,BID
230,1712692960.2383845,312978.54288925,64550.0,2.9149045134438307e-11,67370.0,BID
231,1712692980.227947,312978.54288925,64550.0,0.0,67370.0,BID
232,1712692980.7948234,312979.52362179,64550.0,4.0839090409352456e-11,67370.0,BID
233,1712693003.3162737,312988.54288925,64550.0,-3.755750565975984e-10,67370.0,ASK
234,1712693003.3178852,312989.89757263,64550.0,-5.641093241680632e-11,67370.0,ASK
235,1712693003.40774,313118.6349874,64550.0,-5.360808075930656e-09,67370.0,ASK
236,1712693003.410272,313127.06425598,64550.0,-3.5100666856525467e-10,67370.0,ASK
237,1712693010.217612,313127.06425598,64550.0,-0.0,67370.0,ASK
238,1712693040.141487,313127.06425598,64550.0,-0.0,67370.0,ASK
239,1712693070.1500638,313127.06425598,64550.0,-0.0,67370.0,ASK
240,1712693079.1869576,313127.14165536,64600.0,3.2217335037556838e-12,67370.0,BID
241,1712693100.2166705,313127.14165536,64600.0,0.0,67370.0,BID
242,1712693114.2063596,313128.68964297,64560.0,6.448979920019868e-11,67370.0,BID
243,1712693128.4363406,313128.7670903,64560.0,3.226487555769918e-12,67370.0,BID
244,1712693130.240106,313128.7670903,64560.0,0.0,67370.0,BID
245,1712693144.8960743,313140.11636735,64480.0,-4.72813473160943e-10,67370.0,ASK
246,1712693155.5160916,313156.32756545,64480.0,-6.75362214174032e-10,67370.0,ASK
247,1712693160.1488483,313156.32756545,64480.0,-0.0,67370.0,ASK
248,1712693166.2863667,313163.23262849,64480.0,-2.876452071749465e-10,67370.0,ASK
249,1712693166.289502,313164.4331645,64480.0,-5.0010901755336015e-11,67370.0,ASK
250,1712693169.3559284,313168.48596402,64480.0,-1.6882805425782387e-10,67370.0,ASK
251,1712693187.8459592,313175.49022761,64480.0,-2.9177761879447447e-10,67370.0,ASK
252,1712693190.1391742,313175.49022761,64480.0,-0.0,67370.0,ASK
253,1712693220.0954676,313225.24733553,64480.0,-2.0726323401613203e-09,67370.0,ASK
254,1712693220.2283003,313225.24733553,64480.0,-0.0,67370.0,ASK
255,1712693250.2170494,313225.24733553,64480.0,-0.0,67370.0,ASK
256,1712693280.1487975,313225.24733553,64480.0,-0.0,67370.0,ASK
257,1712693310.147497,313225.24733553,64480.0,-0.0,67370.0,ASK
258,1712693317.8545494,313225.32474689,64590.0,3.22413933086954e-12,67370.0,BID
259,1712693339.4744642,313225.3835593,64600.0,2.44950358977881e-12,67370.0,BID
260,1712693339.4781084,313225.40214914,64590.0,7.74256316221375e-13,67370.0,BID
261,1712693340.2144694,313225.40214914,64590.0,0.0,67370.0,BID
262,1712693349.2650557,313226.95349881,64460.0,-6.461280882174495e-11,67370.0,ASK
263,1712693349.268933,313255.68131198,64490.0,-1.196496661024764e-09,67370.0,ASK
264,1712693349.27241,313278.8665861,64470.0,-9.656531426662267e-10,67370.0,ASK
265,1712693349.2759168,313280.41793577,64460.0,-6.461280882174495e-11,67370.0,ASK
266,1712693349.2780747,313281.9707308,64400.0,-6.46730072233073e-11,67370.0,ASK
267,1712693349.279626,313283.58168207,64390.0,-6.709518069456341e-11,67370.0,ASK
268,1712693349.2811923,313289.78708076,64460.0,-2.5845123570638633e-10,67370.0,ASK
269,1712693349.2827709,313291.33987579,64400.0,-6.46730072233073e-11,67370.0,ASK
270,1712693349.2843704,313533.79433899,64480.0,-1.0098086963761436e-08,67370.0,ASK
271,1712693349.2861812,313595.61658458,64450.0,-2.57486046667521e-09,67370.0,ASK
272,1712693349.2877738,313597.79743644,64460.0,-9.083120783591504e-11,67370.0,ASK
273,1712693349.289381,313600.79743644,64400.0,-1.2494825004023226e-10,67370.0,ASK
274,1712693370.2139258,313600.79743644,64400.0,-0.0,67370.0,ASK
275,1712693373.064202,313653.50010185,64480.0,-2.192824830766766e-09,67370.0,ASK
276,1712693400.163798,313653.50010185,64480.0,-0.0,67370.0,ASK
277,1712693430.143493,313653.50010185,64480.0,-0.0,67370.0,ASK
278,1712693445.9635282,313684.51747157,64480.0,-1.290958524454432e-09,67370.0,ASK
279,1712693460.2133064,313684.51747157,64480.0,-0.0,67370.0,ASK
280,1712693469.3434942,313684.66757664,64400.0,-6.246928490205009e-12,67370.0,ASK
281,1712693490.2128906,313684.66757664,64400.0,-0.0,67370.0,ASK
282,1712693520.1346822,313684.66757664,64400.0,-0.0,67370.0,ASK
283,1712693532.7029884,313684.90570194,64400.0,-9.910065814858798e-12,67370.0,ASK
284,1712693532.7067904,313685.06615587,64400.0,-6.677614709798723e-12,67370.0,ASK
285,1712693550.1357238,313685.06615587,64400.0,-0.0,67370.0,ASK
286,1712693580.205471,313685.06615587,64400.0,-0.0,67370.0,ASK
287,1712693610.2061384,313685.06615587,64400.0,-0.0,67370.0,ASK
288,1712693611.6525764,313724.73797751,64400.0,-1.651021304370107e-09,67370.0,ASK
289,1712693640.1669474,313724.73797751,64400.0,-0.0,67370.0,ASK
290,1712693643.7020793,313724.81543684,64550.0,3.223280466611942e-12,67370.0,BID
291,1712693669.2122204,313725.12527417,64550.0,1.289312228790524e-11,67370.0,BID
292,1712693670.1340597,313725.12527417,64550.0,0.0,67370.0,BID
293,1712693700.155203,313725.12527417,64550.0,0.0,67370.0,BID
294,1712693730.1428804,313725.12527417,64550.0,0.0,67370.0,BID
295,1712693732.311586,313725.22527417,64550.0,4.1633066713893195e-12,67370.0,BID
296,1712693760.2123098,313725.22527417,64550.0,0.0,67370.0,BID
297,1712693760.2730942,313731.42202087,64550.0,2.579894994992879e-10,67370.0,BID
298,1712693767.1718392,313746.51135938,64550.0,6.28215268171971e-10,67370.0,BID
299,1712693767.1746557,313747.51135938,64550.0,4.1633055535059125e-11,67370.0,BID
300,1712693767.2315114,313783.17911676,64550.0,-1.484957723812432e-09,67370.0,ASK
301,1712693790.2112088,313783.17911676,64550.0,-0.0,67370.0,ASK
302,1712693820.1440573,313783.17911676,64550.0,-0.0,67370.0,ASK
303,1712693846.0512614,313783.30784799,64570.0,5.358639862924053e-12,67370.0,BID
304,1712693850.1427252,313783.30784799,64570.0,0.0,67370.0,BID
305,1712693859.1607578,313786.40526164,64570.0,1.2893466883160688e-10,67370.0,BID
306,1712693880.21342,313786.40526164,64570.0,0.0,67370.0,BID
307,1712693889.5607092,313814.24986647,64500.0,-1.1590654072997519e-09,67370.0,ASK
308,1712693889.640676,313836.04129633,64500.0,-9.07094666291764e-10,67370.0,ASK
309,1712693889.7405612,313863.88590116,64500.0,-1.1590654072997519e-09,67370.0,ASK
310,1712693910.203684,313863.88590116,64500.0,-0.0,67370.0,ASK
311,1712693911.4606323,313914.57835246,64500.0,-2.1096958209512464e-09,67370.0,ASK
312,1712693911.5213008,313917.11190831,64500.0,-1.0544039697779252e-10,67370.0,ASK
313,1712693923.762055,313917.18933166,64580.0,3.222170437144574e-12,67370.0,BID
314,1712693940.150658,313917.18933166,64580.0,0.0,67370.0,BID
315,1712693949.030564,313917.28933166,64580.0,4.161159987875875e-12,67370.0,BID
316,1712693952.5402496,313917.42813027,64500.0,-5.77563221928434e-12,67370.0,ASK
317,1712693970.1478338,313917.42813027,64500.0,-0.0,67370.0,ASK
318,1712694000.1633017,313917.42813027,64500.0,-0.0,67370.0,ASK
319,1712694030.1327622,313917.42813027,64500.0,-0.0,67370.0,ASK
320,1712694060.2096906,313917.42813027,64500.0,-0.0,67370.0,ASK
321,1712694090.209392,313917.42813027,64500.0,-0.0,67370.0,ASK
322,1712694120.1434553,313917.42813027,64500.0,-0.0,67370.0,ASK
323,1712694150.1536503,313917.42813027,64500.0,-0.0,67370.0,ASK
324,1712694180.214203,313917.42813027,64500.0,-0.0,67370.0,ASK
325,1712694210.213095,313917.42813027,64500.0,-0.0,67370.0,ASK
326,1712694230.18921,313917.50555362,64580.0,3.2273187793367013e-12,67370.0,BID
327,1712694240.1310718,313917.50555362,64580.0,0.0,67370.0,BID
328,1712694270.1337483,313917.50555362,64580.0,0.0,67370.0,BID
329,1712694276.1406553,313917.58299245,64580.0,3.2279633747452322e-12,67370.0,BID
330,1712694279.2887836,313917.89268585,64580.0,1.290927242436673e-11,67370.0,BID
331,1712694300.2085576,313917.89268585,64580.0,0.0,67370.0,BID
332,1712694330.198392,313917.89268585,64580.0,0.0,67370.0,BID
333,1712694352.1584723,313925.8558866,64510.0,-3.3222229165501365e-10,67370.0,ASK
334,1712694352.338179,313942.97933908,64510.0,-7.143851828614935e-10,67370.0,ASK
335,1712694352.348385,313965.87449354,64510.0,-9.551788183272356e-10,67370.0,ASK
336,1712694352.418483,313981.11234748,64500.0,-6.357185904004796e-10,67370.0,ASK
337,1712694352.4283004,313996.77180237,64510.0,-6.533076526574395e-10,67370.0,ASK
338,1712694352.4312809,314015.69948979,64500.0,-7.896573108990506e-10,67370.0,ASK
339,1712694352.5285544,314028.26091071,64500.0,-5.240586261106302e-10,67370.0,ASK
340,1712694352.5324838,314031.04881908,64500.0,-1.1631068168084732e-10,67370.0,ASK
341,1712694352.5363486,314031.35894468,64490.0,-1.2938344865961744e-11,67370.0,ASK
342,1712694360.141882,314031.35894468,64490.0,-0.0,67370.0,ASK
343,1712694390.1319566,314031.35894468,64490.0,-0.0,67370.0,ASK
344,1712694420.22088,314031.35894468,64490.0,-0.0,67370.0,ASK
345,1712694450.2178917,314031.35894468,64490.0,-0.0,67370.0,ASK
346,1712694480.1279554,314031.35894468,64490.0,-0.0,67370.0,ASK
347,1712694510.1213627,314031.35894468,64490.0,-0.0,67370.0,ASK
348,1712694518.3777716,314032.35894468,64490.0,-4.1706957703050896e-11,67370.0,ASK
349,1712694518.381869,314035.04838922,64490.0,-1.1216854967491072e-10,67370.0,ASK
350,1712694519.5776093,314036.0108287,64490.0,4.014042268188017e-11,67370.0,BID
351,1712694537.6636903,314036.08826404,64570.0,3.2295924515129004e-12,67370.0,BID
352,1712694540.1575534,314036.08826404,64570.0,0.0,67370.0,BID
353,1712694570.134291,314036.08826404,64570.0,0.0,67370.0,BID
354,1712694585.347504,314036.3980054,64550.0,1.2918205473586047e-11,67370.0,BID
355,1712694600.3073,314036.3980054,64550.0,0.0,67370.0,BID
356,1712694630.2013438,314036.3980054,64550.0,0.0,67370.0,BID
357,1712694632.9274013,314041.3980054,64490.0,-2.0880550440377063e-10,67370.0,ASK
358,1712694636.169414,314044.04972069,64570.0,1.1073854973172518e-10,67370.0,BID
359,1712694636.1728516,314052.57946564,64520.0,3.5621153934433357e-10,67370.0,BID
360,1712694636.1761584,314196.17566569,64580.0,5.996735396379799e-09,67370.0,BID
361,1712694637.3870585,314196.25308904,64580.0,3.233284330393586e-12,67370.0,BID
362,1712694656.3471296,314197.25308904,64560.0,-4.176110088075413e-11,67370.0,ASK
363,1712694660.1305454,314197.25308904,64560.0,-0.0,67370.0,ASK
364,1712694689.907329,314197.40798371,64560.0,-6.465767264111665e-12,67370.0,ASK
365,1712694690.151948,314197.40798371,64560.0,-0.0,67370.0,ASK
366,1712694697.3374302,314197.56283041,64580.0,6.463762155315885e-12,67370.0,BID
367,1712694720.2050762,314197.56283041,64580.0,0.0,67370.0,BID
368,1712694746.107703,314197.69156163,64570.0,5.373622042868164e-12,67370.0,BID
369,1712694747.6076782,314199.19872063,64570.0,6.291327641023076e-11,67370.0,BID
370,1712694749.117963,314199.43879316,64490.0,-1.0021337787075918e-11,67370.0,ASK
371,1712694750.1915152,314199.43879316,64490.0,-0.0,67370.0,ASK
372,1712694780.167478,314199.43879316,64490.0,-0.0,67370.0,ASK
373,1712694785.408254,314199.74896685,64480.0,-1.2947502179881483e-11,67370.0,ASK
374,1712694785.4118354,314202.85070382,64480.0,-1.2947502473395007e-10,67370.0,ASK
375,1712694799.208263,314204.34737473,64480.0,6.247515664997643e-11,67370.0,BID
376,1712694810.1284382,314204.34737473,64480.0,0.0,67370.0,BID
377,1712694840.2186491,314204.34737473,64480.0,0.0,67370.0,BID
378,1712694870.2037826,314204.34737473,64480.0,0.0,67370.0,BID
379,1712694890.499082,314204.65754842,64480.0,-1.2947331124727744e-11,67370.0,ASK
380,1712694900.1436343,314204.65754842,64480.0,-0.0,67370.0,ASK
381,1712694928.8092158,314209.65754842,64480.0,-2.0874746172983327e-10,67370.0,ASK
382,1712694930.1317775,314209.65754842,64480.0,-0.0,67370.0,ASK
383,1712694944.5096052,314209.73498376,64570.0,3.2328426194410455e-12,67370.0,BID
384,1712694960.209319,314209.73498376,64570.0,0.0,67370.0,BID
385,1712694990.199384,314209.73498376,64570.0,0.0,67370.0,BID
386,1712695020.1235046,314209.73498376,64570.0,0.0,67370.0,BID
387,1712695050.139798,314209.73498376,64570.0,0.0,67370.0,BID
388,1712695080.212815,314209.73498376,64570.0,0.0,67370.0,BID
389,1712695089.8201878,314220.43830186,64570.0,4.4685198916980327e-10,67370.0,BID
390,1712695110.210047,314220.43830186,64570.0,0.0,67370.0,BID
391,1712695140.1400535,314220.43830186,64570.0,0.0,67370.0,BID
392,1712695147.1003506,314272.92343427,64570.0,2.1911344615086357e-09,67370.0,BID
393,1712695163.2232978,314275.33587575,64500.0,-1.0071392450434268e-10,67370.0,ASK
394,1712695170.1301527,314275.33587575,64500.0,-0.0,67370.0,ASK
395,1712695195.5508342,314275.64595326,64500.0,-1.2943112886533743e-11,67370.0,ASK
396,1712695200.163909,314275.64595326,64500.0,-0.0,67370.0,ASK
397,1712695204.5204685,314280.67537225,64500.0,-2.10441345443176e-10,67370.0,ASK
398,1712695214.571025,314305.65515694,64480.0,-1.0452061181363892e-09,67370.0,ASK
399,1712695230.1342237,314305.65515694,64480.0,-0.0,67370.0,ASK
400,1712695253.3505676,314305.73259228,64570.0,3.239793274930952e-12,67370.0,BID
401,1712695260.2053173,314305.73259228,64570.0,0.0,67370.0,BID
402,1712695290.20048,314305.73259228,64570.0,0.0,67370.0,BID
403,1712695320.1346529,314305.73259228,64570.0,0.0,67370.0,BID
404,1712695336.2512724,314311.53733906,64570.0,2.428629568624757e-10,67370.0,BID
405,1712695350.1502438,314311.53733906,64570.0,0.0,67370.0,BID
406,1712695354.3333762,314311.65481168,64570.0,4.914822566440265e-12,67370.0,BID
407,1712695380.2006917,314311.65481168,64570.0,0.0,67370.0,BID
408,1712695384.5413811,314311.96512975,64450.0,-1.2983091452838759e-11,67370.0,ASK
409,1712695384.546211,314327.79032717,64480.0,-6.62094815696238e-10,67370.0,ASK
410,1712695384.5503738,314328.1006934,64440.0,-1.2985106372763675e-11,67370.0,ASK
411,1712695384.5524793,314340.21696344,64440.0,-5.069206636834601e-10,67370.0,ASK
412,1712695384.5545752,314340.52723337,64460.0,-1.2981077370654592e-11,67370.0,ASK
413,1712695384.5566742,314340.99426655,64480.0,-1.953974026551272e-11,67370.0,ASK
414,1712695384.558784,314341.30448835,64470.0,-1.29790637073408e-11,67370.0,ASK
415,1712695385.6610923,314342.07884176,64570.0,3.239740804948461e-11,67370.0,BID
416,1712695408.2008574,314343.07884176,64570.0,4.183801301972237e-11,67370.0,BID
417,1712695410.2038808,314343.07884176,64570.0,0.0,67370.0,BID
418,1712695440.1365886,314343.07884176,64570.0,0.0,67370.0,BID
419,1712695446.8211343,314345.05739897,64570.0,8.277188671762824e-11,67370.0,BID
420,1712695446.8265216,314350.8223759,64570.0,2.4117473832201085e-10,67370.0,BID
421,1712695470.1407783,314350.8223759,64570.0,0.0,67370.0,BID
422,1712695478.231,314351.58293971,64560.0,-3.1817116241877695e-11,67370.0,ASK
423,1712695485.4218266,314351.68293971,64420.0,-4.183359215341678e-12,67370.0,ASK
424,1712695485.42666,314359.42647385,64430.0,-3.2393984911414966e-10,67370.0,ASK
425,1712695485.4313238,314359.81476759,64410.0,-1.6243721960697447e-11,67370.0,ASK
426,1712695485.4351604,314360.12523017,64420.0,-1.2987764951383868e-11,67370.0,ASK
427,1712695485.4372349,314365.09736365,64400.0,-2.080022041836176e-10,67370.0,ASK
428,1712695485.439358,314365.40777805,64430.0,-1.2985749411585379e-11,67370.0,ASK
429,1712695485.441491,314366.40777805,64410.0,-4.183359216315692e-11,67370.0,ASK
430,1712695487.441237,314366.78792522,64550.0,-1.5902921671106156e-11,67370.0,ASK
431,1712695490.5313826,314368.18522522,64410.0,-5.845407833005838e-11,67370.0,ASK
432,1712695490.5410526,314382.59210103,64410.0,-6.026913669809516e-10,67370.0,ASK
433,1712695500.150708,314382.59210103,64410.0,-0.0,67370.0,ASK
434,1712695500.850961,314382.90261182,64410.0,1.3053061506091459e-11,67370.0,BID
435,1712695530.1408925,314382.90261182,64410.0,0.0,67370.0,BID
436,1712695539.0409377,314396.20401784,64410.0,-5.591558506006146e-10,67370.0,ASK
437,1712695544.8648589,314411.67910294,64410.0,-6.50531557284512e-10,67370.0,ASK
438,1712695560.2056594,314411.67910294,64410.0,-0.0,67370.0,ASK
439,1712695566.1115096,314411.75659829,64520.0,3.2574452866085628e-12,67370.0,BID
440,1712695590.2059095,314411.75659829,64520.0,0.0,67370.0,BID
441,1712695620.133647,314411.75659829,64520.0,0.0,67370.0,BID
442,1712695645.9913268,314411.88542926,64520.0,5.415289405452629e-12,67370.0,BID
443,1712695650.1334674,314411.88542926,64520.0,0.0,67370.0,BID
444,1712695680.2493815,314411.88542926,64520.0,0.0,67370.0,BID
445,1712695710.2008803,314411.88542926,64520.0,0.0,67370.0,BID
446,1712695713.5611143,314420.41517421,64450.0,3.5853973100911193e-10,67370.0,BID
447,1712695740.131085,314420.41517421,64450.0,0.0,67370.0,BID
448,1712695770.1355145,314420.41517421,64450.0,0.0,67370.0,BID
449,1712695790.6613455,314466.93566047,64450.0,-1.955399289203371e-09,67370.0,ASK
450,1712695800.1864555,314466.93566047,64450.0,-0.0,67370.0,ASK
451,1712695805.7914295,314467.24597854,64450.0,-1.305036275788767e-11,67370.0,ASK
452,1712695809.0015454,314468.24597854,64450.0,-4.205479480445474e-11,67370.0,ASK
453,1712695813.861158,314469.24597854,64460.0,4.205479480445474e-11,67370.0,BID
454,1712695819.360984,314479.77734381,64450.0,-4.4289440544178407e-10,67370.0,ASK
455,1712695820.860949,314480.77734381,64470.0,4.205479480445474e-11,67370.0,BID
456,1712695827.5511842,314481.77734381,64480.0,4.205479480445474e-11,67370.0,BID
457,1712695830.1350348,314481.77734381,64480.0,0.0,67370.0,BID
458,1712695833.340897,314482.77734381,64490.0,4.2053103012759055e-11,67370.0,BID
459,1712695838.361615,314483.77734381,64500.0,4.2053103012759055e-11,67370.0,BID
460,1712695860.2134776,314483.77734381,64500.0,0.0,67370.0,BID
461,1712695875.5966587,314489.20370039,64500.0,2.2819389442061462e-10,67370.0,BID
462,1712695876.1511552,314489.28121976,64500.0,3.2599123693542093e-12,67370.0,BID
463,1712695890.2161837,314489.28121976,64500.0,0.0,67370.0,BID
464,1712695898.1111877,314489.45186822,64460.0,-7.17615120851013e-12,67370.0,ASK
465,1712695920.1315186,314489.45186822,64460.0,-0.0,67370.0,ASK
466,1712695942.7809253,314490.87292833,64460.0,-5.975874326221592e-11,67370.0,ASK
467,1712695944.9312594,314491.87292833,64510.0,4.2052227659248426e-11,67370.0,BID
468,1712695950.1336524,314491.87292833,64510.0,0.0,67370.0,BID
469,1712695963.430715,314500.28121976,64460.0,-3.5358506421266877e-10,67370.0,ASK
470,1712695980.2149596,314500.28121976,64460.0,-0.0,67370.0,ASK
471,1712696010.2106693,314500.28121976,64460.0,-0.0,67370.0,ASK
472,1712696012.7211902,314536.63882137,64460.0,-1.528873256792974e-09,67370.0,ASK
473,1712696012.725732,314536.71640436,64460.0,-3.262441781945106e-12,67370.0,ASK
474,1712696028.4109786,314590.92599064,64460.0,2.27956694212924e-09,67370.0,BID
475,1712696040.173571,314590.92599064,64460.0,0.0,67370.0,BID
476,1712696070.135039,314590.92599064,64460.0,0.0,67370.0,BID
477,1712696078.7609208,314594.26274831,64460.0,-1.4027950696834552e-10,67370.0,ASK
478,1712696078.76543,314594.36274831,64460.0,-4.204066368957889e-12,67370.0,ASK
479,1712696086.979037,314605.71500559,64450.0,-4.772564302581216e-10,67370.0,ASK
480,1712696091.0608716,314607.09484735,64460.0,-5.8009463355708474e-11,67370.0,ASK
481,1712696091.1907642,314608.47435316,64460.0,5.799533979732213e-11,67370.0,BID
482,1712696100.2057116,314608.47435316,64460.0,0.0,67370.0,BID
483,1712696101.9007645,314611.08649521,64460.0,-1.09859767700431e-10,67370.0,ASK
484,1712696101.981017,314623.9878499,64460.0,-5.42596766229208e-10,67370.0,ASK
485,1712696102.0411062,314624.14274457,64460.0,6.514459068139671e-12,67370.0,BID
486,1712696102.0447218,314656.40023367,64460.0,1.3566644505920511e-09,67370.0,BID
487,1712696111.0710063,314656.50023367,64460.0,-4.205734817327983e-12,67370.0,ASK
488,1712696111.1510985,314656.7105036,64460.0,8.843395659104015e-12,67370.0,BID
489,1712696130.2088082,314656.7105036,64460.0,0.0,67370.0,BID
490,1712696160.1307287,314656.7105036,64460.0,0.0,67370.0,BID
491,1712696188.304107,314656.78799895,64520.0,3.258822763598543e-12,67370.0,BID
492,1712696190.1348083,314656.78799895,64520.0,0.0,67370.0,BID
493,1712696220.203834,314656.78799895,64520.0,0.0,67370.0,BID
494,1712696225.8406904,314657.78799895,64520.0,4.205184026270689e-11,67370.0,BID
495,1712696225.8505583,314658.90147728,64520.0,4.6823812870078745e-11,67370.0,BID
496,1712696245.2709365,314659.90147728,64530.0,4.205184026270689e-11,67370.0,BID
497,1712696250.210555,314659.90147728,64530.0,0.0,67370.0,BID
498,1712696272.7607567,314660.90147728,64540.0,4.205148501754808e-11,67370.0,BID
499,1712696276.000431,314661.90147728,64550.0,4.205148501754808e-11,67370.0,BID
500,1712696280.1349485,314661.90147728,64550.0,0.0,67370.0,BID
501,1712696294.5408132,314662.00147728,64540.0,-4.205125673561336e-12,67370.0,ASK
502,1712696310.1336715,314662.00147728,64540.0,-0.0,67370.0,ASK
503,1712696340.2202818,314662.00147728,64540.0,-0.0,67370.0,ASK
504,1712696357.9804437,314663.00147728,64560.0,4.2051245332746185e-11,67370.0,BID
505,1712696367.3104584,314664.5501841,64570.0,6.512505043639397e-11,67370.0,BID
506,1712696370.216416,314664.5501841,64570.0,0.0,67370.0,BID
507,1712696384.5304878,314664.579208,64560.0,-1.2204826932175449e-12,67370.0,ASK
508,1712696384.5359564,314664.62958624,64560.0,-2.1184530702719227e-12,67370.0,ASK
509,1712696397.7504854,314667.83237694,64560.0,-1.346804054937311e-10,67370.0,ASK
510,1712696400.2203074,314667.83237694,64560.0,-0.0,67370.0,ASK
511,1712696405.351016,314670.04209231,64560.0,-9.297362997540224e-11,67370.0,ASK
512,1712696413.791882,314670.15050178,64570.0,4.561321375177786e-12,67370.0,BID
513,1712696413.9177682,314670.24940502,64570.0,4.1613473679391135e-12,67370.0,BID
514,1712696430.1401582,314670.24940502,64570.0,0.0,67370.0,BID
515,1712696435.6557186,314777.73305029,64580.0,4.522337667996722e-09,67370.0,BID
516,1712696435.6592233,314783.37845135,64580.0,2.3752832164106566e-10,67370.0,BID
517,1712696435.730357,314784.37845135,64590.0,4.207465849001225e-11,67370.0,BID
518,1712696448.8705723,314815.20199189,64600.0,1.2968899416712928e-09,67370.0,BID
519,1712696448.880255,314815.33820367,64600.0,5.73106412650294e-12,67370.0,BID
520,1712696448.9603417,314816.20199189,64600.0,3.634359436350931e-11,67370.0,BID
521,1712696453.2564385,314821.20199189,64610.0,2.1037329245006117e-10,67370.0,BID
522,1712696453.2594037,314822.28361627,64610.0,4.5508976403889374e-11,67370.0,BID
523,1712696453.261893,314823.28361627,64620.0,4.207465849001225e-11,67370.0,BID
524,1712696460.212923,314823.28361627,64620.0,0.0,67370.0,BID
525,1712696465.010362,314825.13770722,64580.0,-7.797781580982189e-11,67370.0,ASK
526,1712696490.2103248,314825.13770722,64580.0,-0.0,67370.0,ASK
527,1712696502.660471,314825.21507067,64630.0,3.2536712814682258e-12,67370.0,BID
528,1712696520.1412864,314825.21507067,64630.0,0.0,67370.0,BID
529,1712696550.1362245,314825.21507067,64630.0,0.0,67370.0,BID
530,1712696574.2903607,314846.601847,64630.0,8.99462540716733e-10,67370.0,BID
531,1712696574.29533,314887.10583347,64630.0,1.70347405412098e-09,67370.0,BID
532,1712696580.2052352,314887.10583347,64630.0,0.0,67370.0,BID
533,1712696580.9848478,314893.11864015,64630.0,2.5283776373770817e-10,67370.0,BID
534,1712696602.4635043,314893.39408652,64630.0,1.1582485173688446e-11,67370.0,BID
535,1712696610.205462,314893.39408652,64630.0,0.0,67370.0,BID
536,1712696628.650015,314894.94135559,64630.0,6.506135769040128e-11,67370.0,BID
537,1712696640.1357849,314894.94135559,64630.0,0.0,67370.0,BID
538,1712696656.8501422,314919.24286524,64580.0,-1.0218536608120491e-09,67370.0,ASK
539,1712696656.8550816,314950.21220559,64580.0,-1.302229131658663e-09,67370.0,ASK
540,1712696670.1239843,314950.21220559,64580.0,-0.0,67370.0,ASK
541,1712696684.7300994,315000.21220559,64580.0,-2.102133425608622e-09,67370.0,ASK
542,1712696697.0801244,315037.10827266,64530.0,-1.5512091172276499e-09,67370.0,ASK
543,1712696697.085204,315037.15533959,64540.0,-1.9788193351598534e-12,67370.0,ASK
544,1712696697.0895932,315038.15533959,64530.0,-4.2042668512172444e-11,67370.0,ASK
545,1712696697.1814802,315048.31732303,64530.0,-4.272369011936793e-10,67370.0,ASK
546,1712696697.2607594,315074.10279203,64520.0,-1.0840899256001323e-09,67370.0,ASK
547,1712696697.265647,315089.91039925,64520.0,-6.645939903194836e-10,67370.0,ASK
548,1712696700.209885,315089.91039925,64520.0,-0.0,67370.0,ASK
549,1712696730.2171092,315089.91039925,64520.0,-0.0,67370.0,ASK
550,1712696760.1333888,315089.91039925,64520.0,-0.0,67370.0,ASK
551,1712696790.1443045,315089.91039925,64520.0,-0.0,67370.0,ASK
552,1712696793.9508047,315090.91039925,64490.0,-4.211745793306536e-11,67370.0,ASK
553,1712696793.9547565,315102.67997424,64470.0,-4.957045795326626e-10,67370.0,ASK
554,1712696793.9586537,315105.06238621,64470.0,-1.0034113592571684e-10,67370.0,ASK
555,1712696817.392529,315105.13994166,64470.0,3.2664384016138454e-12,67370.0,BID
556,1712696818.8123894,315106.27645321,64470.0,4.786697739731031e-11,67370.0,BID
557,1712696820.2068486,315106.27645321,64470.0,0.0,67370.0,BID
558,1712696822.896206,315106.4317428,64460.0,-6.540112133435207e-12,67370.0,ASK
559,1712696822.9001932,315148.08486721,64460.0,-1.754245756800604e-09,67370.0,ASK
560,1712696822.9526186,315151.79315735,64450.0,-1.5617681350844883e-10,67370.0,ASK
561,1712696822.956504,315151.79315786,64460.0,-2.1479602867073558e-17,67370.0,ASK
562,1712696822.9604075,315151.89315721,64450.0,-4.211531258642097e-12,67370.0,ASK
563,1712696823.1122646,315151.89315786,64450.0,-2.7372888109306477e-17,67370.0,ASK
564,1712696826.0445502,315156.1009239,64420.0,-1.7721253389573823e-10,67370.0,ASK
565,1712696840.463143,315156.25615519,64420.0,-6.537656793216442e-12,67370.0,ASK
566,1712696840.4757102,315156.35615519,64420.0,-4.211558631530206e-12,67370.0,ASK
567,1712696840.478148,315156.51138547,64420.0,-6.5376142581115165e-12,67370.0,ASK
568,1712696840.4804854,315156.6665445,64450.0,-6.534613521799821e-12,67370.0,ASK
569,1712696840.482767,315166.4496669,64420.0,-4.12021935966149e-10,67370.0,ASK
570,1712696841.0531397,315166.44966791,64420.0,-4.253755637405392e-17,67370.0,ASK
571,1712696841.0583372,315174.3124369,64410.0,-3.3114512615220685e-10,67370.0,ASK
572,1712696841.5329945,315174.31243766,64410.0,-3.200857962056374e-17,67370.0,ASK
573,1712696841.53818,315194.79973284,64400.0,-8.62834448720291e-10,67370.0,ASK
574,1712696841.541515,315194.87752622,64400.0,-3.2763138114482923e-12,67370.0,ASK
575,1712696841.5438015,315197.3950649,64400.0,-1.0602761760419091e-10,67370.0,ASK
576,1712696841.593089,315197.49245342,64390.0,-4.101574622057789e-12,67370.0,ASK
577,1712696841.5981646,315203.04275237,64390.0,-2.3375409455865363e-10,67370.0,ASK
578,1712696841.601578,315203.04275402,64390.0,-6.949124657303518e-17,67370.0,ASK
579,1712696841.6038651,315203.35336125,64390.0,-1.3081405608256355e-11,67370.0,ASK
580,1712696841.6756167,315204.90663866,64380.0,-6.541718884705187e-11,67370.0,ASK
581,1712696841.6805055,315205.52794962,64380.0,-2.616687536967072e-11,67370.0,ASK
582,1712696841.852883,315207.08146833,64370.0,-6.542735133941939e-11,67370.0,ASK
583,1712696841.858118,315223.02735926,64370.0,-6.71570545993826e-10,67370.0,ASK
584,1712696841.8632605,315223.12735926,64370.0,-4.211558631530206e-12,67370.0,ASK
585,1712696847.0734982,315244.46315789,64360.0,-8.985696690179461e-10,67370.0,ASK
586,1712696847.0822487,315246.48304599,64360.0,-8.506877164182778e-11,67370.0,ASK
587,1712696847.8430507,315246.89821424,64350.0,-1.7485054271460447e-11,67370.0,ASK
588,1712696847.8470187,315248.7629678,64350.0,-7.853518953319755e-11,67370.0,ASK
589,1712696847.8515682,315259.73799499,64350.0,-4.622197050407453e-10,67370.0,ASK
590,1712696847.8563004,315262.73799499,64350.0,-1.2634675897532358e-10,67370.0,ASK
591,1712696848.123028,315262.73799534,64350.0,-1.474056745488625e-17,67370.0,ASK
592,1712696848.1267538,315270.35995791,64340.0,-3.2100342258371205e-10,67370.0,ASK
593,1712696848.1303532,315271.91420099,64340.0,-6.545785860462449e-11,67370.0,ASK
594,1712696848.2932105,315290.7537121,64330.0,-7.934370564752624e-10,67370.0,ASK
595,1712696848.2979083,315291.981755,64330.0,-5.1719746767503776e-11,67370.0,ASK
596,1712696848.3024895,315291.98175542,64340.0,-1.768721007600271e-17,67370.0,ASK
597,1712696848.3058355,315295.84713703,64330.0,-1.6279281287534306e-10,67370.0,ASK
598,1712696848.36647,315296.15817902,64300.0,-1.3099715780747398e-11,67370.0,ASK
599,1712696848.369176,315305.56735474,64300.0,-3.962729522840901e-10,67370.0,ASK
600,1712696848.3719156,315307.12280658,64290.0,-6.550876624154792e-11,67370.0,ASK
601,1712696848.3746457,315307.65291074,64320.0,-2.2325647512528432e-11,67370.0,ASK
602,1712696848.3774023,315307.96390436,64310.0,-1.3097678650504704e-11,67370.0,ASK
603,1712696848.3801675,315313.11102442,64300.0,-2.1677397921227566e-10,67370.0,ASK
604,1712696848.3829274,315313.5775874,64300.0,-1.964957345907069e-11,67370.0,ASK
605,1712696848.385682,315362.67728418,64310.0,-2.0678625182760203e-09,67370.0,ASK
606,1712696848.3885584,315362.83280517,64300.0,-6.549857678323295e-12,67370.0,ASK
607,1712696850.2089145,315362.83280517,64300.0,-0.0,67370.0,ASK
608,1712696877.703671,315363.14384716,64300.0,-1.30906110331242e-11,67370.0,ASK
609,1712696877.7091467,315373.14384716,64300.0,-4.208631456143672e-10,67370.0,ASK
610,1712696877.8836462,315373.29939234,64290.0,-6.546323374970949e-12,67370.0,ASK
611,1712696877.888742,315404.40842916,64290.0,-1.3092647093102302e-09,67370.0,ASK
612,1712696877.903645,315404.40842952,64290.0,-1.5149228813122302e-17,67370.0,ASK
613,1712696877.9837227,315404.90842906,64250.0,-2.1043137922826047e-11,67370.0,ASK
614,1712696877.9890103,315408.02126952,64250.0,-1.3100798277799468e-10,67370.0,ASK
615,1712696878.0437236,315408.02126998,64250.0,-1.9360342061789384e-17,67370.0,ASK
616,1712696878.0490274,315408.16249507,64240.0,-5.943643562445499e-12,67370.0,ASK
617,1712696880.136299,315408.16249507,64240.0,-0.0,67370.0,ASK
618,1712696892.3267713,315689.36103022,64300.0,1.1833158693369578e-08,67370.0,BID
619,1712696904.6942592,315689.51621333,64440.0,6.530284256029139e-12,67370.0,BID
620,1712696910.1481056,315689.51621333,64440.0,0.0,67370.0,BID
621,1712696935.524866,315786.94915363,64300.0,-4.096971511546187e-09,67370.0,ASK
622,1712696940.2047772,315786.94915363,64300.0,-0.0,67370.0,ASK
623,1712696941.9550784,315788.50436358,64300.0,-6.537802066325038e-11,67370.0,ASK
624,1712696942.2753766,315788.60436358,64300.0,4.203806736652156e-12,67370.0,BID
625,1712696956.97573,315792.1728143,64300.0,1.500107717960309e-10,67370.0,BID
626,1712696961.1355305,315825.42401365,64300.0,-1.397816158618133e-09,67370.0,ASK
627,1712696961.141088,315829.31203865,64300.0,-1.6344505691047742e-10,67370.0,ASK
628,1712696961.2558827,315829.79332485,64220.0,-2.0232341702730144e-11,67370.0,ASK
629,1712696961.261301,315829.9204399,64230.0,-5.34367103811267e-12,67370.0,ASK
630,1712696961.2658718,315830.0204399,64240.0,-4.203806736652156e-12,67370.0,ASK
631,1712696961.2703316,315873.35235538,64220.0,-1.8215899824938942e-09,67370.0,ASK
632,1712696961.2748554,315880.23802074,64250.0,-2.8946006433293005e-10,67370.0,ASK
633,1712696961.2773476,315881.79492561,64230.0,-6.544927182470795e-11,67370.0,ASK
634,1712696961.2798944,315881.9093384,64220.0,-4.809692574299733e-12,67370.0,ASK
635,1712696961.2824,315915.54402935,64230.0,-1.413937404336783e-09,67370.0,ASK
636,1712696961.2849464,315917.10117665,64220.0,-6.545946311170272e-11,67370.0,ASK
637,1712696961.3357177,315917.87987155,64210.0,-3.273482867362863e-11,67370.0,ASK
638,1712696961.3413703,315919.4846722,64210.0,-6.746271784927067e-11,67370.0,ASK
639,1712696961.3468556,315919.48467392,64220.0,-7.230455829427597e-17,67370.0,ASK
640,1712696961.3494308,315924.83233004,64210.0,-2.2480512827882995e-10,67370.0,ASK
641,1712696961.3955624,315950.14954251,64200.0,-1.0642866835938714e-09,67370.0,ASK
642,1712696961.4006276,315951.06106898,64200.0,-3.8318811162731806e-11,67370.0,ASK
643,1712696961.4049597,315953.82243189,64200.0,-1.1608236006016615e-10,67370.0,ASK
644,1712696961.4092598,315953.90046927,64200.0,-3.28054063864809e-12,67370.0,ASK
645,1712696961.5557024,315956.90046927,64190.0,-1.2611420212892789e-10,67370.0,ASK
646,1712696961.5614896,315957.21204428,64190.0,-1.3098011263635088e-11,67370.0,ASK
647,1712696961.5677905,315960.58996575,64180.0,-1.4200129034670188e-10,67370.0,ASK
648,1712696961.5717473,315960.74575325,64190.0,-6.549005422604382e-12,67370.0,ASK
649,1712696961.5757253,315963.00910558,64170.0,-9.514695774314988e-11,67370.0,ASK
650,1712696961.579424,315984.03783727,64180.0,-8.84007239623443e-10,67370.0,ASK
651,1712696966.6756234,315987.48162927,64200.0,-1.4477036012622562e-10,67370.0,ASK
652,1712696970.215469,315987.48162927,64200.0,-0.0,67370.0,ASK
653,1712696992.3861787,315987.58162927,64200.0,-4.2015317761731e-12,67370.0,ASK
654,1712696992.391929,315987.5816301,64200.0,-3.487200104305581e-17,67370.0,ASK
655,1712696998.808093,315987.73749044,64160.0,-6.548521715096787e-12,67370.0,ASK
656,1712696998.8163395,315989.61089443,64160.0,-7.871166395431122e-11,67370.0,ASK
657,1712696998.821374,315989.61089538,64170.0,-3.991485581202847e-17,67370.0,ASK
658,1712696998.8266006,315989.76675572,64160.0,-6.548521712651174e-12,67370.0,ASK
659,1712696998.8314407,315989.92261606,64160.0,-6.548521712651174e-12,67370.0,ASK
660,1712696998.834434,315990.02525236,64190.0,-4.312296758096752e-12,67370.0,ASK
661,1712696998.83753,315994.7010611,64160.0,-1.9645559005088878e-10,67370.0,ASK
662,1712696998.8925035,315994.70106283,64160.0,-7.268607497024066e-17,67370.0,ASK
663,1712696999.1563776,315999.70106283,64200.0,-2.1007658885756728e-10,67370.0,ASK
664,1712697000.1690955,315999.70106283,64200.0,-0.0,67370.0,ASK
665,1712697013.5765755,315999.8094723,64150.0,-4.579341872479642e-12,67370.0,ASK
666,1712697013.6563275,316000.12061106,64280.0,1.3142862443495018e-11,67370.0,BID
667,1712697030.1510737,316000.12061106,64280.0,0.0,67370.0,BID
668,1712697036.667255,316000.20005031,64200.0,3.355602325245965e-12,67370.0,BID
669,1712697046.0476663,316015.77637429,64200.0,6.57961259313842e-10,67370.0,BID
670,1712697048.2027135,316015.93525279,64200.0,6.7112046504919295e-12,67370.0,BID
671,1712697050.987027,316018.6566858,64200.0,1.1495635893962668e-10,67370.0,BID
672,1712697053.6770794,316031.04679915,64200.0,5.233721764697095e-10,67370.0,BID
673,1712697056.9774988,316031.18412422,64150.0,-5.8007637808326655e-12,67370.0,ASK
674,1712697060.2316594,316031.18412422,64150.0,-0.0,67370.0,ASK
675,1712697076.064196,316031.52418783,64200.0,1.4363455351812303e-11,67370.0,BID
676,1712697076.1375463,316121.8655427,64200.0,3.815797924118251e-09,67370.0,BID
677,1712697082.697633,316137.43275909,64200.0,6.57521154854134e-10,67370.0,BID
678,1712697090.2290783,316137.43275909,64200.0,0.0,67370.0,BID
679,1712697112.0578916,316198.21723569,64200.0,2.5666481844211267e-09,67370.0,BID
680,1712697120.150652,316198.21723569,64200.0,0.0,67370.0,BID
681,1712697125.618164,316198.89439301,64200.0,2.8588520634851278e-11,67370.0,BID
682,1712697129.028804,316198.97227462,64200.0,3.2880394988299214e-12,67370.0,BID
683,1712697132.3695924,316199.97227462,64200.0,4.2218432540667036e-11,67370.0,BID
684,1712697150.1482944,316199.97227462,64200.0,0.0,67370.0,BID
685,1712697156.498663,316210.43401017,64200.0,4.416759755666944e-10,67370.0,BID
686,1712697156.5084388,316277.8149732,64200.0,2.844705110232842e-09,67370.0,BID
687,1712697161.889296,316287.98280641,64200.0,4.2926793847826647e-10,67370.0,BID
688,1712697180.2355926,316287.98280641,64200.0,0.0,67370.0,BID
689,1712697210.2329862,316287.98280641,64200.0,0.0,67370.0,BID
690,1712697240.1425188,316287.98280641,64200.0,0.0,67370.0,BID
691,1712697270.1429071,316287.98280641,64200.0,0.0,67370.0,BID
692,1712697270.7004836,316303.56641245,64170.0,-6.57755386677672e-10,67370.0,ASK
693,1712697270.706434,316313.97161697,64150.0,-4.3918457030899566e-10,67370.0,ASK
694,1712697270.711311,316319.71767064,64160.0,-2.425303709456417e-10,67370.0,ASK
695,1712697270.715914,316321.43977943,64160.0,-7.268704882347668e-11,67370.0,ASK
696,1712697270.7200885,316322.09222681,64150.0,-2.753860548216429e-11,67370.0,ASK
697,1712697270.722706,316323.09222681,64160.0,-4.220816318057695e-11,67370.0,ASK
698,1712697270.7257576,316365.27785268,64150.0,-1.780577780596302e-09,67370.0,ASK
699,1712697270.728436,316365.95965031,64140.0,-2.8777425622283128e-11,67370.0,ASK
700,1712697270.7311325,316389.04496294,64120.0,-9.743886425613227e-10,67370.0,ASK
701,1712697270.7338097,316390.604782,64110.0,-6.583709741785838e-11,67370.0,ASK
702,1712697270.736517,316391.14925658,64140.0,-2.2981271919300568e-11,67370.0,ASK
703,1712697270.7392604,316391.95806689,64110.0,-3.4138397547913946e-11,67370.0,ASK
704,1712697270.7419486,316392.39918042,64120.0,-1.8618591853699064e-11,67370.0,ASK
705,1712697270.7446823,316392.71094971,64130.0,-1.3159209067532092e-11,67370.0,ASK
706,1712697270.7474115,316393.022719,64120.0,-1.3159209067532092e-11,67370.0,ASK
707,1712697270.750112,316416.41980092,64140.0,-9.875478516288548e-10,67370.0,ASK
708,1712697270.7528627,316444.41116087,64120.0,-1.181463888415235e-09,67370.0,ASK
709,1712697270.755598,316444.51425722,64140.0,-4.351507565724032e-12,67370.0,ASK
710,1712697270.7583332,316445.00433362,64130.0,-2.0685224661742707e-11,67370.0,ASK
711,1712697270.7610538,316524.57194439,64100.0,-3.3584026992687193e-09,67370.0,ASK
712,1712697270.7638264,316525.67194439,64150.0,-4.642897949765191e-11,67370.0,ASK
713,1712697270.766559,316525.82790196,64120.0,-6.582682564163666e-12,67370.0,ASK
714,1712697270.7693214,316526.02790196,64100.0,-8.441632636606758e-12,67370.0,ASK
715,1712697270.77211,316528.63455371,64110.0,-1.1002198241833532e-10,67370.0,ASK
716,1712697270.7748723,316537.98280641,64100.0,-3.9457257541493097e-10,67370.0,ASK
717,1712697283.490161,316547.2777504,64100.0,-3.923225126847172e-10,67370.0,ASK
718,1712697300.172156,316547.2777504,64100.0,-0.0,67370.0,ASK
719,1712697330.1436386,316547.2777504,64100.0,-0.0,67370.0,ASK
720,1712697345.0610182,316547.35551089,64300.0,3.3039574377066297e-12,67370.0,BID
721,1712697349.9509974,316547.58821334,64110.0,-9.887270389242722e-12,67370.0,ASK
722,1712697350.1462553,316547.82091579,64110.0,-9.8872703917159e-12,67370.0,ASK
723,1712697360.2258594,316547.82091579,64110.0,-0.0,67370.0,ASK
724,1712697387.2245271,316547.89879287,64300.0,3.3089063205058318e-12,67370.0,BID
725,1712697389.8516507,316548.07047482,64120.0,-7.294565863941808e-12,67370.0,ASK
726,1712697390.221007,316548.07047482,64120.0,-0.0,67370.0,ASK
727,1712697392.6413743,316548.1483519,64300.0,3.308904068828909e-12,67370.0,BID
728,1712697420.151784,316548.1483519,64300.0,0.0,67370.0,BID
729,1712697438.561779,316548.22611239,64300.0,3.303949595965597e-12,67370.0,BID
730,1712697450.156456,316548.22611239,64300.0,0.0,67370.0,BID
731,1712697454.3003376,316551.8039813,64300.0,1.520193098989649e-10,67370.0,BID
732,1712697462.9969218,316582.90818036,64300.0,1.3215796875255791e-09,67370.0,BID
733,1712697475.2520075,316583.90818036,64300.0,4.24887869633291e-11,67370.0,BID
734,1712697480.2317157,316583.90818036,64300.0,0.0,67370.0,BID
735,1712697483.132084,316584.06370135,64300.0,6.6072541090122395e-12,67370.0,BID
736,1712697488.6723144,316603.05888494,64300.0,8.070036385827373e-10,67370.0,BID
737,1712697510.220392,316603.05888494,64300.0,0.0,67370.0,BID
738,1712697540.1559627,316603.05888494,64300.0,0.0,67370.0,BID
739,1712697541.6724744,316603.15888494,64300.0,4.248242291049297e-12,67370.0,BID
740,1712697555.4026237,316610.9349347,64300.0,3.3034543436180103e-10,67370.0,BID
741,1712697559.2326927,316611.07228026,64130.0,-5.834772160774504e-12,67370.0,ASK
742,1712697570.143073,316611.07228026,64130.0,-0.0,67370.0,ASK
743,1712697600.177832,316611.07228026,64130.0,-0.0,67370.0,ASK
744,1712697600.359215,316611.15101427,64140.0,-3.364011859517097e-12,67370.0,ASK
745,1712697600.458563,316649.04041028,64140.0,1.6188731838458595e-09,67370.0,BID
746,1712697625.6060631,316649.14041028,64140.0,-4.2726286347850334e-12,67370.0,ASK
747,1712697630.148152,316649.14041028,64140.0,-0.0,67370.0,ASK
748,1712697631.183279,316656.89314744,64300.0,3.3121111457458845e-10,67370.0,BID
749,1712697650.8733385,316663.11398725,64300.0,2.657656572826696e-10,67370.0,BID
750,1712697660.1890004,316663.11398725,64300.0,0.0,67370.0,BID
751,1712697690.1469798,316663.11398725,64300.0,0.0,67370.0,BID
752,1712697720.2194235,316663.11398725,64300.0,0.0,67370.0,BID
753,1712697750.2324438,316663.11398725,64300.0,0.0,67370.0,BID
754,1712697753.2129126,316663.19174774,64300.0,3.321942875758668e-12,67370.0,BID
755,1712697780.153833,316663.19174774,64300.0,0.0,67370.0,BID
756,1712697810.1594396,316663.19174774,64300.0,0.0,67370.0,BID
757,1712697822.1043832,316667.67324427,64300.0,1.9145034051555312e-10,67370.0,BID
758,1712697822.1119156,316668.47446779,64300.0,3.422841336838331e-11,67370.0,BID
759,1712697822.1173308,316861.17953792,64300.0,8.232395372605107e-09,67370.0,BID
760,1712697822.163968,316912.12888892,64300.0,-2.1765654693299816e-09,67370.0,ASK
761,1712697822.1841817,316953.02477692,64300.0,-1.747079715662924e-09,67370.0,ASK
762,1712697829.6243052,316953.82600045,64300.0,-3.4228413796085694e-11,67370.0,ASK
763,1712697840.2240248,316953.82600045,64300.0,-0.0,67370.0,ASK
764,1712697860.834206,316972.63260833,64300.0,-8.027807862014401e-10,67370.0,ASK
765,1712697870.223369,316972.63260833,64300.0,-0.0,67370.0,ASK
766,1712697871.7944582,316973.13260833,64300.0,-2.1341949459423048e-11,67370.0,ASK
767,1712697900.1546516,316973.13260833,64300.0,-0.0,67370.0,ASK
768,1712697930.1575992,316973.13260833,64300.0,-0.0,67370.0,ASK
769,1712697932.664597,316974.2337384,64300.0,-4.7149750122884205e-11,67370.0,ASK
770,1712697960.221218,316974.2337384,64300.0,-0.0,67370.0,ASK
771,1712697990.224707,316974.2337384,64300.0,-0.0,67370.0,ASK
772,1712697998.7150009,316974.40099789,64240.0,-7.161932513949241e-12,67370.0,ASK
773,1712698011.474642,316974.62408289,64230.0,-9.552341184952112e-12,67370.0,ASK
774,1712698020.180247,316974.62408289,64230.0,-0.0,67370.0,ASK
775,1712698036.246012,316977.58642127,64300.0,1.2684508832762612e-10,67370.0,BID
776,1712698036.2522416,317005.72828195,64300.0,1.205013184101596e-09,67370.0,BID
777,1712698039.0952418,317005.82745199,64220.0,-4.246386087067861e-12,67370.0,ASK
778,1712698039.3550436,317008.18133274,64220.0,1.0079139292967448e-10,67370.0,BID
779,1712698050.1503427,317008.18133274,64220.0,0.0,67370.0,BID
780,1712698052.0244205,317008.36536262,64230.0,-7.879292315606998e-12,67370.0,ASK
781,1712698052.0318258,317009.63388488,64220.0,-5.4312145922105095e-11,67370.0,ASK
782,1712698065.3854449,317009.71174224,64220.0,3.333485293340568e-12,67370.0,BID
783,1712698073.1554923,317013.18133274,64220.0,1.4855151656857484e-10,67370.0,BID
784,1712698080.2304893,317013.18133274,64220.0,0.0,67370.0,BID
785,1712698110.2210035,317013.18133274,64220.0,0.0,67370.0,BID
786,1712698139.5089884,317013.38079716,64230.0,-8.540009182249876e-12,67370.0,ASK
787,1712698139.5144126,317014.38079716,64200.0,-4.281469940053633e-11,67370.0,ASK
788,1712698139.5203023,317014.49100896,64210.0,-4.718685088555434e-12,67370.0,ASK
789,1712698139.5236926,317033.97692918,64220.0,-8.34283816760985e-10,67370.0,ASK
790,1712698139.5272725,317066.57111493,64200.0,-1.395510265091502e-09,67370.0,ASK
791,1712698139.530722,317066.88254439,64210.0,-1.3333758714760724e-11,67370.0,ASK
792,1712698139.5342062,317066.97668586,64180.0,-4.030638740696161e-12,67370.0,ASK
793,1712698139.5377138,317074.88593465,64150.0,-3.3863210942812924e-10,67370.0,ASK
794,1712698139.5418162,317075.02714549,64170.0,-6.045899665294766e-12,67370.0,ASK
795,1712698139.5455997,317121.74156467,64150.0,-2.000063814862497e-09,67370.0,ASK
796,1712698139.549192,317121.86708655,64190.0,-5.374181560066847e-12,67370.0,ASK
797,1712698139.552727,317123.13588793,64160.0,-5.432334968398803e-11,67370.0,ASK
798,1712698139.5562582,317139.50632758,64140.0,-7.008954526704507e-10,67370.0,ASK
799,1712698139.5597744,317155.09722249,64140.0,-6.67519478956275e-10,67370.0,ASK
800,1712698139.563319,317179.07002674,64130.0,-1.0263884077525488e-09,67370.0,ASK
1001,1712698139.5668333,317188.60462184,64110.0,-4.082208231113112e-10,67370.0,ASK
801,1712698139.5668333,317188.60462184,64110.0,-4.0822082311131114e-10,67370.0,ASK
802,1712698139.570397,317204.17367057,64150.0,-6.665841413279464e-10,67370.0,ASK
803,1712698139.5739396,317204.96371923,64120.0,-3.3825695890208684e-11,67370.0,ASK
804,1712698139.5775082,317213.65916668,64140.0,-3.722929687240469e-10,67370.0,ASK
805,1712698139.5810354,317220.02429148,64100.0,-2.7252090495931223e-10,67370.0,ASK
806,1712698139.58462,317220.18609094,64130.0,-6.927395243463257e-12,67370.0,ASK
807,1712698139.589466,317235.757564,64150.0,-6.66687938287499e-10,67370.0,ASK
808,1712698139.5967157,317235.91357024,64100.0,-6.679360269989345e-12,67370.0,ASK
1009,1712698139.5997698,317240.59229762,64120.0,-2.003183063517612e-10,67370.0,ASK
809,1712698139.5997698,317240.59229762,64120.0,-2.0031830635176117e-10,67370.0,ASK
810,1712698139.6028612,317276.11178751,64140.0,-1.520756282499217e-09,67370.0,ASK
811,1712698139.6059442,317278.11178751,64100.0,-8.562939880107264e-11,67370.0,ASK
812,1712698139.609036,317286.91088281,64110.0,-3.7673062026729527e-10,67370.0,ASK
813,1712698139.612147,317324.36063632,64100.0,-1.603399939155217e-09,67370.0,ASK
814,1712698139.615326,317324.67260013,64110.0,-1.3356636749139996e-11,67370.0,ASK
815,1712698139.6185024,317324.85236003,64140.0,-7.696366081452322e-12,67370.0,ASK
816,1712698139.6216776,317341.72113731,64120.0,-7.22231628499214e-10,67370.0,ASK
817,1712698139.6248655,317344.83931629,64140.0,-1.3350389570403008e-10,67370.0,ASK
818,1712698139.6280446,317345.27484826,64100.0,-1.8647170374749268e-11,67370.0,ASK
819,1712698139.6312273,317346.27484826,64130.0,-4.281469940053633e-11,67370.0,ASK
820,1712698139.6344073,317346.43387538,64140.0,-6.808698341056909e-12,67370.0,ASK
821,1712698139.6376262,317412.41256769,64100.0,-2.8248578780926623e-09,67370.0,ASK
822,1712698139.640834,317413.41256769,64130.0,-4.281469940053633e-11,67370.0,ASK
823,1712698139.6440945,317413.77665455,64120.0,-1.5588269465555095e-11,67370.0,ASK
824,1712698139.6473503,317414.54401024,64100.0,-3.285410320114441e-11,67370.0,ASK
825,1712698139.6505098,317423.90438465,64100.0,-4.0076161664047005e-10,67370.0,ASK
826,1712698139.6706743,317428.83915865,64100.0,2.1128086542056806e-10,67370.0,BID
827,1712698139.680394,317428.83915947,64100.0,3.5106825552377573e-17,67370.0,BID
828,1712698139.865427,317444.51927491,64220.0,-6.713394291287637e-10,67370.0,ASK
829,1712698139.8724167,317471.41447722,64220.0,-1.151510002219224e-09,67370.0,ASK
830,1712698140.1484463,317471.41447722,64220.0,-0.0,67370.0,ASK
831,1712698148.6758862,317472.23336875,64090.0,-3.5016528623696e-11,67370.0,ASK
832,1712698148.6827655,317547.66614998,64090.0,-3.2255726750156483e-09,67370.0,ASK
833,1712698148.782143,317607.36057339,64090.0,2.552586526209315e-09,67370.0,BID
834,1712698148.8352056,317623.04068883,64090.0,6.704956529484792e-10,67370.0,BID
835,1712698148.8553498,317625.63437647,64090.0,1.1090838548744739e-10,67370.0,BID
836,1712698169.485778,317625.79472501,64080.0,-6.856645886055539e-12,67370.0,ASK
837,1712698169.49211,317625.95075559,64090.0,-6.6720060839476395e-12,67370.0,ASK
1037,1712698169.49211,317625.95075559,64090.0,-6.67200608394764e-12,67370.0,ASK
838,1712698170.1506736,317625.95075559,64090.0,-0.0,67370.0,ASK
839,1712698176.9558585,317627.5113049,64090.0,-6.670222424670264e-11,67370.0,ASK
840,1712698176.9633553,317638.2455943,64080.0,-4.588134281297013e-10,67370.0,ASK
841,1712698176.9671788,317675.95075559,64080.0,-1.611623617085594e-09,67370.0,ASK
842,1712698197.8904638,317676.05075559,64090.0,-4.274278540416772e-12,67370.0,ASK
843,1712698197.8937669,317679.21132923,64080.0,-1.3509172079991943e-10,67370.0,ASK
844,1712698200.2117662,317679.21132923,64080.0,-0.0,67370.0,ASK
845,1712698225.948781,317687.47205801,64090.0,-3.53931477699791e-10,67370.0,ASK
846,1712698225.9554417,317687.78407049,64100.0,-1.3368195596840296e-11,67370.0,ASK
847,1712698230.1494374,317687.78407049,64100.0,-0.0,67370.0,ASK
848,1712698248.1956613,317714.04221979,64300.0,1.1250056818975588e-09,67370.0,BID
849,1712698254.875906,317716.00736753,64300.0,8.419490452455352e-11,67370.0,BID
850,1712698260.2212272,317716.00736753,64300.0,0.0,67370.0,BID
851,1712698286.335899,317718.00736753,64290.0,8.568145491568941e-11,67370.0,BID
852,1712698290.2222846,317718.00736753,64290.0,0.0,67370.0,BID
853,1712698294.296014,317718.16291271,64290.0,6.663631955905889e-12,67370.0,BID
854,1712698299.8566875,317745.84182484,64290.0,1.185778199078732e-09,67370.0,BID
855,1712698320.1489308,317745.84182484,64290.0,0.0,67370.0,BID
856,1712698336.8359797,317758.55026227,64290.0,5.443939709728269e-10,67370.0,BID
857,1712698336.955974,317761.39634342,64290.0,-1.2191816873844854e-10,67370.0,ASK
858,1712698350.150976,317761.39634342,64290.0,-0.0,67370.0,ASK
859,1712698360.536143,317772.26212359,64300.0,4.654397414667103e-10,67370.0,BID
1059,1712698360.536143,317772.26212359,64300.0,4.6543974146671026e-10,67370.0,BID
860,1712698373.8667445,317772.33988408,64300.0,3.3308995579661544e-12,67370.0,BID
861,1712698380.1715882,317772.33988408,64300.0,0.0,67370.0,BID
862,1712698406.7962036,317774.50667557,64300.0,9.281252312928739e-11,67370.0,BID
863,1712698406.8011274,317781.6711438,64300.0,3.0688341558569794e-10,67370.0,BID
864,1712698410.1639166,317781.6711438,64300.0,0.0,67370.0,BID
865,1712698439.166375,317783.79880095,64140.0,-9.113389744035851e-11,67370.0,ASK
866,1712698440.226037,317783.79880095,64140.0,-0.0,67370.0,ASK
867,1712698445.5062826,317784.79880095,64140.0,-4.2832730234256136e-11,67370.0,ASK
868,1712698445.5161078,317792.02130742,64140.0,-3.0935967124419677e-10,67370.0,ASK
869,1712698445.6765115,317804.34456419,64140.0,5.27838732838271e-10,67370.0,BID
870,1712698455.1864927,317826.68079037,64140.0,-9.567215504176835e-10,67370.0,ASK
871,1712698455.1930044,317830.92983153,64150.0,-1.8199803376244648e-10,67370.0,ASK
872,1712698464.2165935,317834.64379428,64140.0,-1.5907916457020552e-10,67370.0,ASK
873,1712698470.2308493,317834.64379428,64140.0,-0.0,67370.0,ASK
874,1712698500.1780057,317834.64379428,64140.0,-0.0,67370.0,ASK
875,1712698508.40669,317836.04675428,64290.0,6.015581743347115e-11,67370.0,BID
876,1712698508.4162607,317836.49800935,64300.0,1.9348817932458828e-11,67370.0,BID
877,1712698530.1503568,317836.49800935,64300.0,0.0,67370.0,BID
878,1712698560.2263567,317836.49800935,64300.0,0.0,67370.0,BID
879,1712698561.5366678,317836.87996279,64300.0,1.6377233820342955e-11,67370.0,BID
880,1712698561.5441468,317844.27405911,64300.0,3.170408527137017e-10,67370.0,BID
881,1712698566.0369422,317845.27405911,64210.0,-4.287756596534831e-11,67370.0,ASK
882,1712698566.0443058,317846.27405911,64200.0,-4.287756596534831e-11,67370.0,ASK
883,1712698566.0501063,318062.10710367,64200.0,-9.25439560562525e-09,67370.0,ASK
884,1712698570.466482,318069.81601517,64200.0,-3.3053936136219924e-10,67370.0,ASK
885,1712698571.9765916,318072.13075692,64200.0,-9.92504920790116e-11,67370.0,ASK
1085,1712698571.9765916,318072.13075692,64200.0,-9.925049207901159e-11,67370.0,ASK
886,1712698576.9267735,318072.7694857,64190.0,-2.738713539727857e-11,67370.0,ASK
887,1712698577.9365375,318095.2826417,64200.0,9.653093314782151e-10,67370.0,BID
888,1712698584.9563725,318095.28264227,64200.0,2.443890121839304e-17,67370.0,BID
889,1712698590.2199774,318095.28264227,64200.0,0.0,67370.0,BID
890,1712698597.7106986,318095.59467909,64200.0,-1.3369854647545404e-11,67370.0,ASK
1091,1712698615.366747,318096.59467909,64200.0,-4.2847041722603836e-11,67370.0,ASK
891,1712698615.366747,318096.59467909,64200.0,-4.284704172260384e-11,67370.0,ASK
892,1712698615.3707566,318321.91359569,64200.0,-9.654249020450585e-09,67370.0,ASK
893,1712698620.1505682,318321.91359569,64200.0,-0.0,67370.0,ASK
894,1712698637.64669,318321.99135618,64300.0,3.329731165618136e-12,67370.0,BID
895,1712698650.1642485,318321.99135618,64300.0,0.0,67370.0,BID
896,1712698651.09701,318333.65348681,64300.0,4.993763735140271e-10,67370.0,BID
897,1712698663.076753,318334.65348681,64300.0,4.282033784030122e-11,67370.0,BID
898,1712698665.9267883,318400.48318062,64200.0,-2.818849728868846e-09,67370.0,ASK
899,1712698667.8667014,318401.48318062,64290.0,-4.282033784030122e-11,67370.0,ASK
900,1712698680.232341,318401.48318062,64290.0,-0.0,67370.0,ASK
901,1712698682.0969017,318401.56095321,64290.0,3.3295207900662925e-12,67370.0,BID
902,1712698692.3388438,318403.11640506,64290.0,6.65904179568427e-11,67370.0,BID
903,1712698696.0897958,318414.92133754,64290.0,5.053807276633694e-10,67370.0,BID
904,1712698710.2242615,318414.92133754,64290.0,0.0,67370.0,BID
905,1712698715.4368076,318434.22544223,64290.0,-8.26397073564258e-10,67370.0,ASK
906,1712698721.78129,318435.22544223,64280.0,-4.280939659395086e-11,67370.0,ASK
907,1712698722.3370078,318436.22544223,64270.0,-4.280939659395086e-11,67370.0,ASK
908,1712698722.3449795,318437.22544223,64260.0,-4.280939659395086e-11,67370.0,ASK
909,1712698740.1512008,318437.22544223,64260.0,-0.0,67370.0,ASK
910,1712698751.3574135,318438.22544223,64260.0,-4.2806768979731575e-11,67370.0,ASK
911,1712698759.13721,318439.22544223,64250.0,-4.2806768979731575e-11,67370.0,ASK
912,1712698770.1468084,318439.22544223,64250.0,-0.0,67370.0,ASK
913,1712698783.8471184,318440.22544223,64240.0,-4.2806533496800844e-11,67370.0,ASK
914,1712698790.456714,318502.58902189,64240.0,2.669568661696788e-09,67370.0,BID
915,1712698792.5769472,318527.10619947,64240.0,1.049495383324543e-09,67370.0,BID
916,1712698800.1604812,318527.10619947,64240.0,0.0,67370.0,BID
917,1712698802.126331,318529.10619947,64240.0,-8.581246024808966e-11,67370.0,ASK
918,1712698810.3364992,318570.39393825,64240.0,-1.7715012213972195e-09,67370.0,ASK
919,1712698813.999786,318570.50287071,64260.0,4.673881195011775e-12,67370.0,BID
920,1712698823.4058309,318572.05904873,64260.0,6.676973224105913e-11,67370.0,BID
921,1712698830.1618264,318572.05904873,64260.0,0.0,67370.0,BID
922,1712698832.575888,318572.21777888,64260.0,6.8096685915258864e-12,67370.0,BID
923,1712698836.2958062,318585.95571852,64260.0,5.893701738323111e-10,67370.0,BID
924,1712698860.2253644,318585.95571852,64260.0,0.0,67370.0,BID
925,1712698863.2851994,318588.12691585,64260.0,-9.314278265767851e-11,67370.0,ASK
926,1712698886.7243948,318589.6184179,64260.0,-6.398435064334728e-11,67370.0,ASK
927,1712698890.2210069,318589.6184179,64260.0,-0.0,67370.0,ASK
928,1712698920.161798,318589.6184179,64260.0,-0.0,67370.0,ASK
929,1712698920.8839223,318592.21777888,64260.0,-1.1150956520032143e-10,67370.0,ASK
930,1712698920.8924773,318593.35834026,64240.0,-4.892875770221107e-11,67370.0,ASK
931,1712698943.4033484,318617.61200331,64250.0,-1.040453958513169e-09,67370.0,ASK
932,1712698948.5231972,318626.35834026,64250.0,3.7520769062148766e-10,67370.0,BID
933,1712698950.1623762,318626.35834026,64250.0,0.0,67370.0,BID
934,1712698957.2133582,318628.35834026,64250.0,-8.578898827902798e-11,67370.0,ASK
935,1712698968.9126968,318634.75724086,64240.0,-2.7447760428748285e-10,67370.0,ASK
936,1712698968.9183905,318639.62975596,64250.0,-2.0900407040148192e-10,67370.0,ASK
937,1712698980.222392,318639.62975596,64250.0,-0.0,67370.0,ASK
938,1712698991.9727385,318639.70751645,64300.0,3.335374898563996e-12,67370.0,BID
939,1712699004.2120745,318640.44864864,64300.0,3.178932775217623e-11,67370.0,BID
940,1712699010.2191632,318640.44864864,64300.0,0.0,67370.0,BID
1141,1712699021.3735268,318656.32415263,64290.0,6.8094527073645e-10,67370.0,BID
941,1712699021.3735268,318656.32415263,64290.0,6.809452707364501e-10,67370.0,BID
942,1712699029.3616717,318657.43224967,64300.0,4.752941634899484e-11,67370.0,BID
943,1712699040.151549,318657.43224967,64300.0,0.0,67370.0,BID
944,1712699040.7140603,318684.20931324,64300.0,1.148490208176562e-09,67370.0,BID
945,1712699070.147411,318684.20931324,64300.0,0.0,67370.0,BID
946,1712699100.1651728,318684.20931324,64300.0,0.0,67370.0,BID
947,1712699130.1474,318684.20931324,64300.0,0.0,67370.0,BID
948,1712699160.2282114,318684.20931324,64300.0,0.0,67370.0,BID
949,1712699190.2255125,318684.20931324,64300.0,0.0,67370.0,BID
950,1712699216.4800978,318684.36449635,64440.0,6.669457513945842e-12,67370.0,BID
951,1712699216.6390967,318995.19762562,64310.0,-1.3358981849751142e-08,67370.0,ASK
952,1712699216.6462169,318996.59709562,64310.0,-6.014640193994273e-11,67370.0,ASK
953,1712699220.1688273,318996.59709562,64310.0,-0.0,67370.0,ASK
954,1712699231.328899,318996.67451516,64430.0,3.324465508181831e-12,67370.0,BID
955,1712699250.1512282,318996.67451516,64430.0,0.0,67370.0,BID
956,1712699257.238528,318997.67451516,64430.0,4.294090093160518e-11,67370.0,BID
957,1712699262.658469,318998.67451516,64420.0,-4.294090093160518e-11,67370.0,ASK
958,1712699267.9587874,318999.67451516,64420.0,-4.294090093160518e-11,67370.0,ASK
1159,1712699273.1404686,318999.75216279,64430.0,3.3342591877847718e-12,67370.0,BID
959,1712699273.1404686,318999.75216279,64430.0,3.334259187784772e-12,67370.0,BID
960,1712699280.2180412,318999.75216279,64430.0,0.0,67370.0,BID
1161,1712699303.1986792,318999.82976639,64430.0,3.33234012742606e-12,67370.0,BID
961,1712699303.1986792,318999.82976639,64430.0,3.3323401274260597e-12,67370.0,BID
962,1712699309.6582773,319003.82976639,64390.0,-1.7176214134110302e-10,67370.0,ASK
963,1712699310.2179585,319003.82976639,64390.0,-0.0,67370.0,ASK
964,1712699314.3780537,319003.99656562,64430.0,7.162367479356176e-12,67370.0,BID
1164,1712699314.3780537,319003.99656562,64430.0,7.1623674793561755e-12,67370.0,BID
965,1712699314.386389,319028.73391176,64430.0,1.062222910027201e-09,67370.0,BID
966,1712699314.427951,319046.85880276,64430.0,-7.78283747700978e-10,67370.0,ASK
967,1712699314.4779096,319046.85880285,64430.0,-3.864134147835955e-18,67370.0,ASK
968,1712699340.1496885,319046.85880285,64430.0,-0.0,67370.0,ASK
1169,1712699363.337556,319047.01396187,64450.0,6.6617432142348785e-12,67370.0,BID
969,1712699363.337556,319047.01396187,64450.0,6.661743214234879e-12,67370.0,BID
970,1712699363.3474283,319048.41060993,64440.0,5.996500066532822e-11,67370.0,BID
971,1712699370.1535358,319048.41060993,64440.0,0.0,67370.0,BID
972,1712699373.2974987,319048.89680482,64450.0,2.0874658807637216e-11,67370.0,BID
973,1712699373.3056188,319071.68446563,64450.0,9.783826490650263e-10,67370.0,BID
974,1712699384.3176248,319072.68400016,64450.0,4.291477082654347e-11,67370.0,BID
975,1712699389.187404,319073.81533494,64430.0,-4.857358235339909e-11,67370.0,ASK
976,1712699389.1958766,319080.24372196,64430.0,-2.7600122602760467e-10,67370.0,ASK
977,1712699400.168129,319080.24372196,64430.0,-0.0,67370.0,ASK
978,1712699430.1473086,319080.24372196,64430.0,-0.0,67370.0,ASK
979,1712699438.467121,319080.30958293,64450.0,2.829876659768317e-12,67370.0,BID
980,1712699438.4765866,319081.94802662,64450.0,7.039971558980133e-11,67370.0,BID
981,1712699460.2112818,319081.94802662,64450.0,0.0,67370.0,BID
982,1712699468.2667203,319086.88280062,64430.0,-2.1203355878691e-10,67370.0,ASK
983,1712699469.5464604,319087.5189837,64450.0,2.7335023346533904e-11,67370.0,BID
984,1712699479.066836,319087.66700579,64450.0,6.360098864772187e-12,67370.0,BID
985,1712699479.0750053,319088.95031806,64450.0,5.5140370693195606e-11,67370.0,BID
1186,1712699481.7912412,319089.88528797,64430.0,-4.017306514546599e-11,67370.0,ASK
986,1712699481.7912412,319089.88528797,64430.0,-4.0173065145465986e-11,67370.0,ASK
987,1712699485.6505282,319189.10552526,64430.0,-4.263218541806065e-09,67370.0,ASK
988,1712699485.6545382,319194.94179599,64430.0,-2.5076837418227603e-10,67370.0,ASK
989,1712699485.7264411,319195.7215587,64430.0,-3.3504242021962195e-11,67370.0,ASK
990,1712699485.7346537,319195.8767659,64430.0,-6.668823123503797e-12,67370.0,ASK
991,1712699486.9715009,319198.98235596,64400.0,-1.334385956804918e-10,67370.0,ASK
992,1712699486.9782748,319222.53248015,64400.0,-1.0118835516911403e-09,67370.0,ASK
993,1712699490.210002,319222.53248015,64400.0,-0.0,67370.0,ASK
994,1712699512.3562288,319228.2155082,64400.0,-2.4408897176339427e-10,67370.0,ASK
995,1712699520.150905,319228.2155082,64400.0,-0.0,67370.0,ASK
996,1712699541.8558214,319241.2155082,64400.0,-5.583478958568074e-10,67370.0,ASK
997,1712699550.145927,319241.2155082,64400.0,-0.0,67370.0,ASK
998,1712699579.956,319241.68098531,64450.0,1.9991447689257705e-11,67370.0,BID
999,1712699579.9621942,319242.360051,64450.0,2.9164712781785986e-11,67370.0,BID
1000,1712699579.9667518,319249.43956938,64450.0,3.0405323552390274e-10,67370.0,BID
1201,1712699580.2055223,319249.43956938,64450.0,0.0,67370.0,BID
1202,1712699610.2117798,319249.43956938,64450.0,0.0,67370.0,BID
1203,1712699612.4056473,319249.51714889,64450.0,3.331831748748789e-12,67370.0,BID
1204,1712699622.0890076,319253.98282771,64450.0,1.9178892047519126e-10,67370.0,BID
1205,1712699623.4733558,319254.98282771,64450.0,4.2947316232672994e-11,67370.0,BID
1206,1712699630.2854846,319255.46343396,64330.0,-2.0640748602117096e-11,67370.0,ASK
1207,1712699640.1498888,319255.46343396,64330.0,-0.0,67370.0,ASK
1208,1712699664.097041,319259.17739671,64330.0,-1.5950207359206018e-10,67370.0,ASK
1209,1712699670.1514435,319259.17739671,64330.0,-0.0,67370.0,ASK
1210,1712699700.1803367,319259.17739671,64330.0,-0.0,67370.0,ASK
1211,1712699730.1832433,319259.17739671,64330.0,-0.0,67370.0,ASK
1212,1712699746.7650373,319269.43318504,64440.0,4.4111409235923927e-10,67370.0,BID
1213,1712699759.9848697,319270.43318504,64350.0,-4.3011232112394926e-11,67370.0,ASK
1214,1712699759.9870698,319274.08867853,64340.0,-1.57227278983329e-10,67370.0,ASK
1215,1712699760.171977,319274.08867853,64340.0,-0.0,67370.0,ASK
1216,1712699779.8147187,319284.71965386,64340.0,-4.572324596079455e-10,67370.0,ASK
1217,1712699779.81769,319285.71965386,64350.0,-4.3009455427573895e-11,67370.0,ASK
1218,1712699787.084617,319287.27389694,64340.0,6.684714847153019e-11,67370.0,BID
1219,1712699790.15343,319287.27389694,64340.0,0.0,67370.0,BID
1220,1712699807.1545827,319309.02242584,64340.0,9.353582559802696e-10,67370.0,BID
1221,1712699820.2142432,319309.02242584,64340.0,0.0,67370.0,BID
1222,1712699824.015495,319324.56968953,64320.0,-6.686147096531257e-10,67370.0,ASK
1223,1712699824.0187886,319355.89183357,64330.0,-1.3470181416227151e-09,67370.0,ASK
1224,1712699824.0214224,319363.66546541,64320.0,-3.34307354612536e-10,67370.0,ASK
1225,1712699824.0240102,319369.44110683,64310.0,-2.4838318099733257e-10,67370.0,ASK
1226,1712699824.0266173,319371.77283385,64330.0,-1.0027661558586543e-10,67370.0,ASK
1227,1712699824.0292552,319373.32780197,64310.0,-6.687186753949667e-11,67370.0,ASK
1228,1712699824.0311365,319473.79436495,64300.0,-4.3205944902057324e-09,67370.0,ASK
1229,1712699824.032626,319477.26067719,64310.0,-1.4906979119448668e-10,67370.0,ASK
1230,1712699824.0341525,319483.48361362,64300.0,-2.676192362406389e-10,67370.0,ASK
1231,1712699824.0356867,319484.48361362,64310.0,-4.3005298101688636e-11,67370.0,ASK
1232,1712699824.0373588,319583.33370879,64300.0,-4.2510778101672685e-09,67370.0,ASK
1233,1712699824.03889,319588.96021745,64300.0,-2.419696821939234e-10,67370.0,ASK
1234,1712699824.123896,319590.96021745,64300.0,-8.601059620337727e-11,67370.0,ASK
1235,1712699824.125432,319604.88891874,64300.0,-5.990079511452943e-10,67370.0,ASK
1236,1712699850.2115412,319604.88891874,64300.0,-0.0,67370.0,ASK
1237,1712699880.1418529,319604.88891874,64300.0,-0.0,67370.0,ASK
1238,1712699891.0040283,319621.2625923,64270.0,-7.035790366371711e-10,67370.0,ASK
1239,1712699894.3741455,319629.94955186,64270.0,3.7327986392906177e-10,67370.0,BID
1240,1712699897.5642295,319735.51694024,64270.0,4.536245402984938e-09,67370.0,BID
1241,1712699910.1673827,319735.51694024,64270.0,0.0,67370.0,BID
1242,1712699924.964073,319735.59459204,64390.0,3.335505379318932e-12,67370.0,BID
1243,1712699940.2122092,319735.59459204,64390.0,0.0,67370.0,BID
1244,1712699942.3437238,319738.70356141,64300.0,1.3354464197717738e-10,67370.0,BID
1245,1712699952.2038305,319740.25877136,64300.0,6.680347447929027e-11,67370.0,BID
1246,1712699960.7938375,319775.17946031,64300.0,1.500005419288278e-09,67370.0,BID
1247,1712699970.2136364,319775.17946031,64300.0,0.0,67370.0,BID
1248,1712699981.023677,319812.8625201,64300.0,1.618485094799973e-09,67370.0,BID
1249,1712700000.1815405,319812.8625201,64300.0,0.0,67370.0,BID
1250,1712700005.0236478,319815.16281138,64280.0,-9.907877254533139e-11,67370.0,ASK
1251,1712700008.123726,319824.73002958,64280.0,-4.1208182815112707e-10,67370.0,ASK
1252,1712700023.0335314,319828.40390933,64280.0,-1.5824234925377714e-10,67370.0,ASK
1253,1712700023.1738017,319828.89302897,64280.0,2.1067494355146954e-11,67370.0,BID
1254,1712700030.1461248,319828.89302897,64280.0,0.0,67370.0,BID
1255,1712700038.3434105,319829.05170974,64280.0,6.834438010693976e-12,67370.0,BID
1256,1712700051.3948803,319875.60863977,64270.0,-2.0052237723163364e-09,67370.0,ASK
1257,1712700051.3985298,319877.16481779,64260.0,-6.702514872818413e-11,67370.0,ASK
1258,1712700051.4020383,319877.55541256,64260.0,-1.6823057656374056e-11,67370.0,ASK
1259,1712700051.4055529,319890.78514017,64250.0,-5.698091409329974e-10,67370.0,ASK
1260,1712700051.4088368,319892.34107606,64270.0,-6.701472010355198e-11,67370.0,ASK
1261,1712700051.410389,319893.89725408,64260.0,-6.702514872818413e-11,67370.0,ASK
1262,1712700051.4119935,319894.05292033,64240.0,-6.704601547405899e-12,67370.0,ASK
1263,1712700051.4135778,319896.69710088,64260.0,-1.1388581020350356e-10,67370.0,ASK
1264,1712700051.4152553,319897.90922539,64250.0,-5.2206639934145785e-11,67370.0,ASK
1265,1712700051.4168537,319948.34850141,64240.0,-2.172437814704064e-09,67370.0,ASK
1266,1712700059.884148,319948.74406007,64230.0,-1.7036854189843628e-11,67370.0,ASK
1267,1712700059.8878074,319949.74406007,64230.0,-4.3070360760993666e-11,67370.0,ASK
1268,1712700059.9634666,319950.34850141,64230.0,-2.6033506571150035e-11,67370.0,ASK
1269,1712700060.2033052,319950.34850141,64230.0,-0.0,67370.0,ASK
1270,1712700071.0235157,319953.45988908,64230.0,1.339635614562826e-10,67370.0,BID
1271,1712700074.7338564,319955.01679395,64230.0,6.703392291420506e-11,67370.0,BID
1272,1712700074.737655,319956.01679395,64220.0,-4.3055888774719845e-11,67370.0,ASK
1273,1712700074.7413762,319958.72985001,64210.0,-1.1681303995979564e-10,67370.0,ASK
1274,1712700074.744936,319964.56525953,64220.0,-2.5124874324638664e-10,67370.0,ASK
1275,1712700074.746591,319965.27258228,64210.0,-3.0454409652161946e-11,67370.0,ASK
1276,1712700075.3736885,319965.33746018,64210.0,-2.7933756465062293e-12,67370.0,ASK
1277,1712700075.4337292,319975.66834651,64200.0,-4.44805492768318e-10,67370.0,ASK
1278,1712700075.437484,319979.66881379,64200.0,-1.722436742564098e-10,67370.0,ASK
1279,1712700075.4403749,319980.66881379,64200.0,-4.3055888774719845e-11,67370.0,ASK
1280,1712700076.1334486,319981.66881379,64190.0,-4.3055888774719845e-11,67370.0,ASK
1281,1712700076.1433988,319982.03008501,64190.0,-1.555485346446377e-11,67370.0,ASK
1282,1712700090.205994,319982.03008501,64190.0,-0.0,67370.0,ASK
1283,1712700102.243415,320062.03008501,64190.0,3.4441694385917962e-09,67370.0,BID
1284,1712700107.663341,320062.13008501,64220.0,4.305211799743323e-12,67370.0,BID
1285,1712700120.136788,320062.13008501,64220.0,0.0,67370.0,BID
1286,1712700120.2835026,320065.21012572,64230.0,1.325729299959046e-10,67370.0,BID
1287,1712700120.285037,320113.10932701,64220.0,2.061705690734218e-09,67370.0,BID
1288,1712700131.433201,320113.10932786,64230.0,3.658648023235872e-17,67370.0,BID
1289,1712700150.1331065,320113.10932786,64230.0,0.0,67370.0,BID
1290,1712700180.013018,320116.10932786,64280.0,1.2910957666815723e-10,67370.0,BID
1291,1712700180.206919,320116.10932786,64280.0,0.0,67370.0,BID
1292,1712700189.4130063,320124.38483442,64280.0,3.5614609384369004e-10,67370.0,BID
1293,1712700189.4164555,320131.66626625,64280.0,3.133649263706294e-10,67370.0,BID
1294,1712700201.84823,320141.42300739,64280.0,4.1989275465585823e-10,67370.0,BID
1295,1712700210.2044024,320141.42300739,64280.0,0.0,67370.0,BID
1296,1712700237.1529613,320141.50079208,64280.0,3.347320615453197e-12,67370.0,BID
1297,1712700240.1442158,320141.50079208,64280.0,0.0,67370.0,BID
1298,1712700243.053048,320143.68775925,64280.0,9.411207676909274e-11,67370.0,BID
1299,1712700259.132733,320144.1544674,64280.0,2.0083919797173208e-11,67370.0,BID
1300,1712700263.942781,320145.55459185,64280.0,6.02517593940245e-11,67370.0,BID
1301,1712700270.1327283,320145.55459185,64280.0,0.0,67370.0,BID
1302,1712700279.7628596,320146.0213,64280.0,2.008369458862873e-11,67370.0,BID
1303,1712700300.2024968,320146.0213,64280.0,0.0,67370.0,BID
1304,1712700330.205117,320146.0213,64280.0,0.0,67370.0,BID
1305,1712700357.042541,320158.86948181,64280.0,5.536827290677784e-10,67370.0,BID
1306,1712700357.046525,320222.48997294,64280.0,2.741677201833666e-09,67370.0,BID
1307,1712700360.1424112,320222.48997294,64280.0,0.0,67370.0,BID
1308,1712700378.3232565,320238.04691133,64280.0,6.702725750311599e-10,67370.0,BID
1309,1712700379.4913805,320245.5095979,64270.0,-3.215307548626646e-10,67370.0,ASK
1310,1712700381.3728294,320246.5095979,64280.0,4.308512113549142e-11,67370.0,BID
1311,1712700384.622415,320250.0934459,64280.0,1.5441052521284378e-10,67370.0,BID
1312,1712700390.1377227,320250.0934459,64280.0,0.0,67370.0,BID
1313,1712700406.7403517,320250.40380682,64280.0,1.337091569423533e-11,67370.0,BID
1314,1712700411.0524793,320255.25637168,64270.0,-2.0905736343771674e-10,67370.0,ASK
1315,1712700420.2051308,320255.25637168,64270.0,-0.0,67370.0,ASK
1316,1712700429.7125502,320255.51856509,64270.0,-1.129560984963342e-11,67370.0,ASK
1317,1712700429.7222214,320267.41161428,64270.0,-5.123669720148422e-10,67370.0,ASK
1318,1712700431.082558,320282.83467501,64270.0,-6.644441470964378e-10,67370.0,ASK
1319,1712700436.5025983,320297.59764929,64270.0,-6.36006822887342e-10,67370.0,ASK
1320,1712700439.0125017,320304.02503952,64280.0,2.7689976031340365e-10,67370.0,BID
1321,1712700439.016331,320308.13723015,64280.0,1.7715815580845147e-10,67370.0,BID
1322,1712700447.1340268,320323.46858375,64280.0,6.60493292799903e-10,67370.0,BID
1323,1712700448.8123183,320323.56858375,64280.0,4.308121186672238e-12,67370.0,BID
1324,1712700450.22216,320323.56858375,64280.0,0.0,67370.0,BID
1325,1712700450.7322586,320323.85746877,64270.0,-1.244316305545416e-11,67370.0,ASK
1326,1712700471.863803,320350.98473973,64280.0,1.1684546875865581e-09,67370.0,BID
1327,1712700477.4225078,320367.71161469,64450.0,7.20477761456313e-10,67370.0,BID
1328,1712700477.4266193,320383.60338621,64300.0,6.845072972480656e-10,67370.0,BID
1329,1712700480.1381032,320383.60338621,64300.0,0.0,67370.0,BID
1330,1712700502.1522694,320384.07635044,64300.0,-2.0368630255686708e-11,67370.0,ASK
1331,1712700502.156459,320384.35657215,64280.0,-1.2068000156152331e-11,67370.0,ASK
1332,1712700510.1438794,320384.35657215,64280.0,-0.0,67370.0,ASK
1333,1712700535.7726994,320394.54408098,64280.0,-4.387333220718152e-10,67370.0,ASK
1334,1712700535.7755451,320402.81779324,64280.0,-3.5631412215471304e-10,67370.0,ASK
1335,1712700535.7783256,320402.91779324,64300.0,-4.30658102281398e-12,67370.0,ASK
1336,1712700539.1825595,320408.83744067,64440.0,2.549344128977289e-10,67370.0,BID
1337,1712700539.1860423,320448.43130277,64440.0,1.705141751793905e-09,67370.0,BID
1338,1712700540.2117867,320448.43130277,64440.0,0.0,67370.0,BID
1339,1712700547.7321856,320448.50888228,64450.0,3.340430894897287e-12,67370.0,BID
1340,1712700568.7319832,320449.50888228,64440.0,4.305815923940922e-11,67370.0,BID
1341,1712700569.0767348,320459.58421002,64440.0,4.3382506622034646e-10,67370.0,BID
1342,1712700569.0784547,320492.32050299,64450.0,1.409564515608461e-09,67370.0,BID
1343,1712700569.1327708,320505.34499603,64450.0,-5.608106953286e-10,67370.0,ASK
1344,1712700569.1363738,320527.05248441,64450.0,-9.346844913546676e-10,67370.0,ASK
1345,1712700570.215736,320527.05248441,64450.0,-0.0,67370.0,ASK
1346,1712700578.9584975,320528.60359346,64470.0,6.677333208413611e-11,67370.0,BID
1347,1712700579.05239,320531.25922582,64470.0,-1.1432169870326804e-10,67370.0,ASK
1348,1712700579.061291,320534.86005882,64470.0,-1.5501142082042075e-10,67370.0,ASK
1349,1712700600.157334,320534.86005882,64470.0,-0.0,67370.0,ASK
1350,1712700609.0919526,320535.86005882,64470.0,4.321809030476303e-11,67370.0,BID
1351,1712700630.13468,320535.86005882,64470.0,0.0,67370.0,BID
1352,1712700653.972098,320535.94755023,64470.0,3.7812011240208935e-12,67370.0,BID
1353,1712700653.9757926,320536.63561334,64470.0,2.9736690768555693e-11,67370.0,BID
1354,1712700656.141744,320536.9262925,64470.0,1.2562563183103764e-11,67370.0,BID
1355,1712700656.1440246,320537.31490956,64490.0,1.6795240398303884e-11,67370.0,BID
1356,1712700660.2116122,320537.31490956,64490.0,0.0,67370.0,BID
1357,1712700660.8823996,320540.41712756,64450.0,-1.3407102059401787e-10,67370.0,ASK
1358,1712700660.9063609,320540.41712764,64450.0,-3.456443658698879e-18,67370.0,ASK
1359,1712700673.7820394,320543.52116564,64400.0,-1.3414967698056018e-10,67370.0,ASK
1360,1712700680.111617,320543.52116568,64400.0,-1.7307374360879394e-18,67370.0,ASK
1361,1712700684.994495,320545.81293198,64400.0,9.904508542052146e-11,67370.0,BID
1362,1712700690.2048776,320545.81293198,64400.0,0.0,67370.0,BID
1363,1712700712.0416763,320546.81293198,64400.0,4.321677223661201e-11,67370.0,BID
1364,1712700720.139742,320546.81293198,64400.0,0.0,67370.0,BID
1365,1712700750.1349356,320546.81293198,64400.0,0.0,67370.0,BID
1366,1712700755.75348,320547.27877048,64400.0,2.0131980323345016e-11,67370.0,BID
1367,1712700777.3717232,320547.82132525,64330.0,-2.3447400663722468e-11,67370.0,ASK
1368,1712700777.375489,320563.36858893,64320.0,-6.719006833525208e-10,67370.0,ASK
1369,1712700777.3792007,320572.17466921,64300.0,-3.805693065722506e-10,67370.0,ASK
1370,1712700780.217142,320572.17466921,64300.0,-0.0,67370.0,ASK
1371,1712700810.214732,320572.17466921,64300.0,-0.0,67370.0,ASK
1372,1712700817.9914248,320573.47729777,64300.0,-5.629127701541485e-11,67370.0,ASK
1373,1712700840.1551778,320573.47729777,64300.0,-0.0,67370.0,ASK
1374,1712700864.8416774,320573.55494957,64390.0,3.355602124644732e-12,67370.0,BID
1375,1712700865.28192,320574.85030107,64310.0,-5.597660640680498e-11,67370.0,ASK
1376,1712700870.133527,320574.85030107,64310.0,-0.0,67370.0,ASK
1377,1712700874.9118018,320612.47464504,64310.0,-1.625871477383063e-09,67370.0,ASK
1378,1712700878.204299,320614.02985499,64300.0,-6.720572991512581e-11,67370.0,ASK
1379,1712700878.209476,320645.11015952,64310.0,-1.3430820397560972e-09,67370.0,ASK
1380,1712700878.2112672,320648.99834026,64300.0,-1.6802106022435356e-10,67370.0,ASK
1381,1712700898.4916945,320669.72008209,64300.0,-8.95454523538697e-10,67370.0,ASK
1382,1712700900.1712804,320669.72008209,64300.0,-0.0,67370.0,ASK
1383,1712700901.8519332,320686.99546609,64290.0,-7.478950247123654e-10,67370.0,ASK
1384,1712700904.4219656,320686.99546706,64290.0,-4.199507873494132e-17,67370.0,ASK
1385,1712700904.4259472,320697.88532209,64280.0,-4.714493406792331e-10,67370.0,ASK
1386,1712700904.4820397,320697.88532392,64280.0,-7.92249193128005e-17,67370.0,ASK
1387,1712700929.811957,320706.21496492,64270.0,-3.6061120618572815e-10,67370.0,ASK
1388,1712700930.137722,320706.21496492,64270.0,-0.0,67370.0,ASK
1389,1712700935.393036,320706.95518509,64280.0,-3.204274717286094e-11,67370.0,ASK
1390,1712700935.3965786,320708.51087892,64280.0,-6.734307722457239e-11,67370.0,ASK
1391,1712700960.2119462,320708.51087892,64280.0,-0.0,67370.0,ASK
1392,1712700988.2322772,320718.85621946,64300.0,4.4782758838315127e-10,67370.0,BID
1393,1712700990.2120297,320718.85621946,64300.0,0.0,67370.0,BID
1394,1712700996.6824253,320719.45554449,64300.0,2.594274722286036e-11,67370.0,BID
1395,1712701020.1441896,320719.45554449,64300.0,0.0,67370.0,BID
1396,1712701028.6223788,320729.81123756,64300.0,4.4826207156206796e-10,67370.0,BID
1397,1712701030.0824614,320745.36333709,64300.0,6.7319650218917e-10,67370.0,BID
1398,1712701030.1625345,320748.96417017,64300.0,1.5586758750827287e-10,67370.0,BID
1399,1712701050.1473706,320748.96417017,64300.0,0.0,67370.0,BID
1400,1712701052.948147,320751.06875026,64300.0,9.109249832044052e-11,67370.0,BID
1401,1712701073.5524805,320751.22427125,64300.0,6.731411928754498e-12,67370.0,BID
1402,1712701080.2347398,320751.22427125,64300.0,0.0,67370.0,BID
1403,1712701082.0627513,320751.37979224,64300.0,6.7313695853992e-12,67370.0,BID
1404,1712701082.066959,320760.36702593,64300.0,3.8899181088584366e-10,67370.0,BID
1405,1712701082.07252,320766.93189177,64300.0,2.8414517073668337e-10,67370.0,BID
1406,1712701085.2924335,320772.91530888,64300.0,2.589784951825725e-10,67370.0,BID
1407,1712701110.2057142,320772.91530888,64300.0,0.0,67370.0,BID
1408,1712701140.1527102,320772.91530888,64300.0,0.0,67370.0,BID
1409,1712701143.317545,320773.07082987,64300.0,-6.730963254123542e-12,67370.0,ASK
1410,1712701148.1531198,320773.29668894,64300.0,9.775202052678508e-12,67370.0,BID
1411,1712701153.7327936,320773.45220993,64300.0,6.73096325160431e-12,67370.0,BID
1412,1712701160.8934543,320816.76560766,64300.0,1.874607977254677e-09,67370.0,BID
1413,1712701164.092737,320822.91530888,64300.0,2.661596542616266e-10,67370.0,BID
1414,1712701170.1425352,320822.91530888,64300.0,0.0,67370.0,BID
1415,1712701178.9635515,320822.99303311,64330.0,3.3634440661716015e-12,67370.0,BID
1416,1712701186.2830482,320832.99303311,64330.0,4.3274073808594277e-10,67370.0,BID
1417,1712701193.002821,320886.13978477,64330.0,2.299876454023546e-09,67370.0,BID
1418,1712701197.542773,320886.60613017,64330.0,2.0180665258487448e-11,67370.0,BID
1419,1712701198.523065,320958.15505957,64330.0,3.0962136517808677e-09,67370.0,BID
1420,1712701200.1752758,320958.15505957,64330.0,0.0,67370.0,BID
1421,1712701202.6030526,320966.55030284,64330.0,3.6398467760723747e-10,67370.0,BID
1422,1712701211.0929782,320967.45492246,64330.0,3.922074324168899e-11,67370.0,BID
1423,1712701218.5928664,320969.14510186,64380.0,7.327952082020606e-11,67370.0,BID
1424,1712701228.8329797,320969.24048224,64330.0,-4.135317553660133e-12,67370.0,ASK
1425,1712701230.135126,320969.24048224,64330.0,-0.0,67370.0,ASK
1426,1712701232.7429435,320969.34048224,64330.0,4.335472019733961e-12,67370.0,BID
1427,1712701247.8057518,320969.44048224,64330.0,4.335472017210384e-12,67370.0,BID
1428,1712701260.206417,320969.44048224,64330.0,0.0,67370.0,BID
1429,1712701264.2529962,320999.87448659,64330.0,1.319457006621794e-09,67370.0,BID
1430,1712701290.2129586,320999.87448659,64330.0,0.0,67370.0,BID
1431,1712701297.7732434,321024.25852179,64330.0,1.0570727082826908e-09,67370.0,BID
1432,1712701320.146131,321024.25852179,64330.0,0.0,67370.0,BID
1433,1712701320.3529437,321025.03576413,64330.0,3.369195427639849e-11,67370.0,BID
1434,1712701321.4831665,321035.27914905,64330.0,4.440309522335996e-10,67370.0,BID
1435,1712701329.013162,321038.04187173,64330.0,-1.1975869226201696e-10,67370.0,ASK
1436,1712701350.142329,321038.04187173,64330.0,-0.0,67370.0,ASK
1437,1712701368.9133303,321038.19650293,64380.0,6.702706241114329e-12,67370.0,BID
1438,1712701375.5332484,321039.90643608,64330.0,-7.411945063628128e-11,67370.0,ASK
1439,1712701380.2380152,321039.90643608,64330.0,-0.0,67370.0,ASK
1440,1712701391.4535458,321116.99584456,64340.0,-3.3415311568753715e-09,67370.0,ASK
1441,1712701410.2162971,321116.99584456,64340.0,-0.0,67370.0,ASK
1442,1712701430.9534612,321120.85937751,64340.0,-1.6743338650841616e-10,67370.0,ASK
1443,1712701430.9577496,321121.59871085,64340.0,-3.204038544025056e-11,67370.0,ASK
1444,1712701440.1458018,321121.59871085,64340.0,-0.0,67370.0,ASK
1445,1712701467.703465,321123.15295393,64340.0,6.735515029900946e-11,67370.0,BID
1446,1712701469.5333052,321123.30837823,64340.0,6.735514683056526e-12,67370.0,BID
1447,1712701470.1431196,321123.30837823,64340.0,0.0,67370.0,BID
1448,1712701481.1739204,321125.32170304,64340.0,8.724963969908275e-11,67370.0,BID
1449,1712701481.1783557,321133.30837823,64340.0,3.4611133249721514e-10,67370.0,BID
1450,1712701491.483813,321133.38609038,64340.0,3.367741287527823e-12,67370.0,BID
1451,1712701500.207384,321133.38609038,64340.0,0.0,67370.0,BID
1452,1712701501.3133807,321134.22967219,64330.0,-3.6725865848562704e-11,67370.0,ASK
1453,1712701502.0434017,321134.38509649,64340.0,6.766494872253163e-12,67370.0,BID
1454,1712701528.913429,321134.57136863,64340.0,8.109475032089708e-12,67370.0,BID
1455,1712701530.2144492,321134.57136863,64340.0,0.0,67370.0,BID
1456,1712701539.6934698,321137.05815756,64340.0,1.0826356421524912e-10,67370.0,BID
1457,1712701548.403411,321138.54368506,64330.0,-6.467316141979825e-11,67370.0,ASK
1458,1712701560.1464238,321138.54368506,64330.0,-0.0,67370.0,ASK
1459,1712701590.143278,321138.54368506,64330.0,-0.0,67370.0,ASK
1460,1712701612.1235318,321146.17145012,64330.0,-3.320747629557695e-10,67370.0,ASK
1461,1712701620.2133336,321146.17145012,64330.0,-0.0,67370.0,ASK
1462,1712701621.5536518,321147.2182416,64330.0,-4.557109509596827e-11,67370.0,ASK
1463,1712701621.5563807,321151.60541769,64330.0,-1.9099163740964358e-10,67370.0,ASK
1464,1712701621.558925,321152.61687251,64330.0,-4.4032746412334585e-11,67370.0,ASK
1465,1712701624.583852,321154.61687251,64330.0,-8.70681429204214e-11,67370.0,ASK
1466,1712701650.2073212,321154.61687251,64330.0,-0.0,67370.0,ASK
1467,1712701674.3837228,321159.5652691,64330.0,-2.1541875572165478e-10,67370.0,ASK
1468,1712701674.3882654,321162.82634327,64330.0,-1.4196447823846754e-10,67370.0,ASK
1469,1712701680.153528,321162.82634327,64330.0,-0.0,67370.0,ASK
1470,1712701710.1458664,321162.82634327,64330.0,-0.0,67370.0,ASK
1471,1712701717.6636243,321163.82634327,64370.0,4.353204100358035e-11,67370.0,BID
1472,1712701717.667908,321164.00119182,64380.0,7.611514247985951e-12,67370.0,BID
1473,1712701740.2177014,321164.00119182,64380.0,0.0,67370.0,BID
1474,1712701754.8736026,321166.06596348,64380.0,8.988342865151862e-11,67370.0,BID
1475,1712701770.2162936,321166.06596348,64380.0,0.0,67370.0,BID
1476,1712701772.0540695,321169.61001231,64380.0,1.542782783087685e-10,67370.0,BID
1477,1712701772.0595305,321170.38665102,64380.0,3.380836122584744e-11,67370.0,BID
1478,1712701789.9536843,321170.85225672,64400.0,2.026858240915957e-11,67370.0,BID
1479,1712701798.323506,321173.94918218,64400.0,1.3481426214340762e-10,67370.0,BID
1480,1712701799.5837944,321181.39703089,64380.0,-3.2421711189707767e-10,67370.0,ASK
1481,1712701799.5883446,321187.32522168,64380.0,-2.58063901610741e-10,67370.0,ASK
1482,1712701800.1752126,321187.32522168,64380.0,-0.0,67370.0,ASK
1483,1712701805.6836083,321187.40288555,64380.0,3.3874085441699506e-12,67370.0,BID
1484,1712701830.143495,321187.40288555,64380.0,0.0,67370.0,BID
1485,1712701832.4699943,321202.9356597,64380.0,6.774815675922953e-10,67370.0,BID
1486,1712701859.6450806,321203.7122984,64380.0,3.387407805185562e-11,67370.0,BID
1487,1712701860.2636423,321203.7122984,64380.0,0.0,67370.0,BID
1488,1712701869.5137298,321211.47868547,64380.0,3.387252709506761e-10,67370.0,BID
