,time,acc_trade_volume,trade_price,dev,high,ask_bid
0,1712689619.1166692,450748.52433862,15700.0,0.0,16150.0,ASK
1,1712689620.293117,450748.52433862,15700.0,-0.0,16150.0,ASK
2,1712689650.314257,450748.52433862,15700.0,-0.0,16150.0,ASK
3,1712689680.3118358,450748.52433862,15700.0,-0.0,16150.0,ASK
4,1712689710.3036578,450748.52433862,15700.0,-0.0,16150.0,ASK
5,1712689740.4423783,450748.52433862,15700.0,-0.0,16150.0,ASK
6,1712689740.7025144,450749.16047093,15720.0,7.64197066740496e-11,16150.0,BID
7,1712689770.452877,450749.16047093,15720.0,0.0,16150.0,BID
8,1712689800.3036618,450749.16047093,15720.0,0.0,16150.0,BID
9,1712689801.7622375,450780.9670867,15710.0,3.8219607361508344e-09,16150.0,BID
10,1712689818.251954,450781.61635468,15710.0,7.801762830010002e-11,16150.0,BID
11,1712689830.312177,450781.61635468,15710.0,0.0,16150.0,BID
12,1712689860.4521356,450781.61635468,15710.0,0.0,16150.0,BID
13,1712689890.452083,450781.61635468,15710.0,0.0,16150.0,BID
14,1712689899.611992,450819.96835468,15700.0,-4.608187774912626e-09,16150.0,ASK
15,1712689899.694764,450829.51294521,15700.0,-1.146831075219325e-09,16150.0,ASK
16,1712689899.701799,450834.60653968,15700.0,-6.12021270521037e-10,16150.0,ASK
17,1712689899.752149,450834.60653991,15700.0,-2.7640076079523808e-17,16150.0,ASK
18,1712689920.2939248,450834.60653991,15700.0,-0.0,16150.0,ASK
19,1712689939.872381,450840.97596666,15700.0,7.652425094944606e-10,16150.0,BID
20,1712689950.312079,450840.97596666,15700.0,0.0,16150.0,BID
21,1712689980.4437797,450840.97596666,15700.0,0.0,16150.0,BID
22,1712690010.4538653,450840.97596666,15700.0,0.0,16150.0,BID
23,1712690022.08286,450842.25066392,15690.0,-1.5314420734061256e-10,16150.0,ASK
24,1712690040.292441,450842.25066392,15690.0,-0.0,16150.0,ASK
25,1712690068.2828884,450843.52536117,15690.0,1.5314383815877963e-10,16150.0,BID
26,1712690070.2928236,450843.52536117,15690.0,0.0,16150.0,BID
27,1712690100.333359,450843.52536117,15690.0,0.0,16150.0,BID
28,1712690130.283234,450843.52536117,15690.0,0.0,16150.0,BID
29,1712690160.452669,450843.52536117,15690.0,0.0,16150.0,BID
30,1712690189.1023388,450844.80087137,15680.0,-1.5356172953032878e-10,16150.0,ASK
31,1712690190.5021555,450844.80087137,15680.0,-0.0,16150.0,ASK
32,1712690213.062633,450845.43903346,15670.0,-7.682967826915041e-11,16150.0,ASK
33,1712690213.0646071,450853.09697858,15670.0,-9.21956144079163e-10,16150.0,ASK
34,1712690213.1421084,450870.45254832,15670.0,2.0894735996449523e-09,16150.0,BID
35,1712690213.1620457,450882.28778773,15670.0,1.4248694029134663e-09,16150.0,BID
36,1712690215.3523114,450920.19650173,15670.0,4.563909931286892e-09,16150.0,BID
37,1712690215.3541288,451006.18807534,15670.0,1.0352706683889074e-08,16150.0,BID
38,1712690220.30488,451006.18807534,15670.0,0.0,16150.0,BID
39,1712690250.3439012,451006.18807534,15670.0,0.0,16150.0,BID
40,1712690271.4629376,451006.51468534,15670.0,-3.930929761609521e-11,16150.0,ASK
41,1712690271.5823462,451020.42410934,15670.0,1.6740751590676523e-09,16150.0,BID
42,1712690271.902291,451043.6749917,15670.0,2.7983707006997344e-09,16150.0,BID
43,1712690271.9823265,451058.3994815,15680.0,1.772172780417758e-09,16150.0,BID
44,1712690280.4422605,451058.3994815,15680.0,0.0,16150.0,BID
45,1712690310.4529347,451058.3994815,15680.0,0.0,16150.0,BID
46,1712690340.2938683,451058.3994815,15680.0,0.0,16150.0,BID
47,1712690370.3122709,451058.3994815,15680.0,0.0,16150.0,BID
48,1712690400.3231273,451058.3994815,15680.0,0.0,16150.0,BID
49,1712690430.1523497,451059.67336685,15700.0,1.5366441560711858e-10,16150.0,BID
50,1712690430.3021111,451059.67336685,15700.0,0.0,16150.0,BID
51,1712690447.212498,451157.67336685,15670.0,-1.1821374975857049e-08,16150.0,ASK
52,1712690447.213954,451269.50336685,15670.0,-1.3489636362758025e-08,16150.0,ASK
53,1712690447.3722126,451286.91857086,15670.0,2.100731192683004e-09,16150.0,BID
54,1712690447.3922482,451303.47213911,15670.0,1.996795280320465e-09,16150.0,BID
55,1712690447.3937426,451321.18654833,15670.0,2.136823202712064e-09,16150.0,BID
56,1712690449.2521148,451340.57125791,15670.0,2.3383053137051942e-09,16150.0,BID
57,1712690449.385005,451353.21901385,15670.0,1.525651689485881e-09,16150.0,BID
58,1712690449.6121948,451362.56368132,15670.0,1.127212430488288e-09,16150.0,BID
59,1712690450.0223503,451372.67668376,15670.0,1.2198938160736982e-09,16150.0,BID
60,1712690450.0849433,451382.92717658,15670.0,1.23647876849449e-09,16150.0,BID
61,1712690450.0865414,451393.03813503,15670.0,1.2196472571720114e-09,16150.0,BID
62,1712690459.1322875,451411.08673574,15670.0,2.177135477371384e-09,16150.0,BID
63,1712690459.1521063,451462.58732863,15670.0,6.212324694195987e-09,16150.0,BID
64,1712690460.4532185,451462.58732863,15670.0,0.0,16150.0,BID
65,1712690465.1926332,451476.90713131,15670.0,1.7260299266283243e-09,16150.0,BID
66,1712690474.4826052,451532.65860994,15670.0,6.719975318033289e-09,16150.0,BID
67,1712690490.4533222,451532.65860994,15670.0,0.0,16150.0,BID
68,1712690520.3022609,451532.65860994,15670.0,0.0,16150.0,BID
69,1712690539.6323738,451563.19597666,15680.0,-3.680318440120503e-09,16150.0,ASK
70,1712690550.3143702,451563.19597666,15680.0,-0.0,16150.0,ASK
71,1712690558.5948503,451596.88431466,15700.0,4.059834573336175e-09,16150.0,BID
72,1712690580.4423325,451596.88431466,15700.0,0.0,16150.0,BID
73,1712690591.2525938,451596.88431533,15700.0,8.074102760647435e-17,16150.0,BID
74,1712690591.2542226,451678.61145066,15710.0,9.84843782714081e-09,16150.0,BID
75,1712690596.67312,451678.6114518,15710.0,1.3737407920013903e-16,16150.0,BID
76,1712690596.674708,451750.61145166,15720.0,8.67628015239398e-09,16150.0,BID
77,1712690610.4433494,451750.61145166,15720.0,0.0,16150.0,BID
78,1712690640.2925744,451750.61145166,15720.0,0.0,16150.0,BID
79,1712690670.2934191,451750.61145166,15720.0,0.0,16150.0,BID
80,1712690699.7825751,451750.6114518,15720.0,1.686436099871538e-17,16150.0,BID
81,1712690700.4520776,451750.6114518,15720.0,0.0,16150.0,BID
82,1712690730.453333,451750.6114518,15720.0,0.0,16150.0,BID
83,1712690739.0543358,451758.2901538,15720.0,-9.257311997795223e-10,16150.0,ASK
84,1712690760.2646897,451758.2901538,15720.0,-0.0,16150.0,ASK
85,1712690790.2932386,451758.2901538,15720.0,-0.0,16150.0,ASK
86,1712690820.4518454,451758.2901538,15720.0,-0.0,16150.0,ASK
87,1712690825.5921247,451768.49015379,15730.0,1.2296766848311791e-09,16150.0,BID
88,1712690826.8834648,451811.27829979,15730.0,5.1583907426416125e-09,16150.0,BID
89,1712690842.8121972,452433.91010813,15730.0,7.506233516672881e-08,16150.0,BID
90,1712690842.8137877,452806.47829979,15730.0,4.49155312983488e-08,16150.0,BID
91,1712690842.81544,453806.47829979,15730.0,1.2055653784674056e-07,16150.0,BID
92,1712690842.8718882,454330.40401029,15730.0,6.316266974677189e-08,16150.0,BID
93,1712690842.8739865,454350.74730341,15730.0,2.452516986953056e-09,16150.0,BID
94,1712690842.8924575,454398.93732015,15730.0,5.80962157695108e-09,16150.0,BID
95,1712690842.8944664,454822.56942752,15730.0,5.107162018523995e-08,16150.0,BID
96,1712690842.896359,455402.24835493,15730.0,6.988408455126702e-08,16150.0,BID
97,1712690842.911618,455433.91010813,15730.0,3.817031347949303e-09,16150.0,BID
98,1712690850.4718597,455433.91010813,15730.0,0.0,16150.0,BID
99,1712690880.3080103,455433.91010813,15730.0,0.0,16150.0,BID
100,1712690910.2858202,455433.91010813,15730.0,0.0,16150.0,BID
101,1712690940.4425294,455433.91010813,15730.0,0.0,16150.0,BID
102,1712690970.4559803,455433.91010813,15730.0,0.0,16150.0,BID
103,1712691000.371673,455433.91010813,15730.0,0.0,16150.0,BID
104,1712691030.292005,455433.91010813,15730.0,0.0,16150.0,BID
105,1712691030.9518802,455510.71010813,15760.0,9.204697458388686e-09,16150.0,BID
106,1712691030.9613929,455561.05568982,15760.0,6.034060518526034e-09,16150.0,BID
107,1712691060.442062,455561.05568982,15760.0,0.0,16150.0,BID
108,1712691090.4855168,455561.05568982,15760.0,0.0,16150.0,BID
109,1712691120.3130093,455561.05568982,15760.0,0.0,16150.0,BID
110,1712691150.2917037,455561.05568982,15760.0,0.0,16150.0,BID
111,1712691167.9316452,455562.32472535,15760.0,1.520609821413134e-10,16150.0,BID
112,1712691180.4228373,455562.32472535,15760.0,0.0,16150.0,BID
113,1712691210.443123,455562.32472535,15760.0,0.0,16150.0,BID
114,1712691240.2917206,455562.32472535,15760.0,0.0,16150.0,BID
115,1712691247.1819775,455570.340592,15740.0,-9.604913381756995e-10,16150.0,ASK
116,1712691247.2815716,455662.070592,15740.0,1.0991434151550849e-08,16150.0,BID
117,1712691270.297146,455662.070592,15740.0,0.0,16150.0,BID
118,1712691300.4416485,455662.070592,15740.0,0.0,16150.0,BID
119,1712691330.4425375,455662.070592,15740.0,0.0,16150.0,BID
120,1712691331.3315375,455662.70591601,15740.0,-7.622474773158321e-11,16150.0,ASK
121,1712691360.3134346,455662.70591601,15740.0,-0.0,16150.0,ASK
122,1712691390.3124423,455662.70591601,15740.0,-0.0,16150.0,ASK
123,1712691420.4324205,455662.70591601,15740.0,-0.0,16150.0,ASK
124,1712691450.4532244,455662.70591601,15740.0,-0.0,16150.0,ASK
125,1712691480.2849,455662.70591601,15740.0,-0.0,16150.0,ASK
126,1712691510.2915795,455662.70591601,15740.0,-0.0,16150.0,ASK
127,1712691524.4716482,455672.33293634,15730.0,1.1550268902856851e-09,16150.0,BID
128,1712691540.441718,455672.33293634,15730.0,0.0,16150.0,BID
129,1712691546.171738,455675.51157588,15730.0,3.813586462078576e-10,16150.0,BID
130,1712691570.441206,455675.51157588,15730.0,0.0,16150.0,BID
131,1712691574.1419833,455677.97157588,15720.0,-2.9513778778984987e-10,16150.0,ASK
132,1712691599.0916831,455677.97920006,15720.0,-9.147087879213626e-13,16150.0,ASK
133,1712691600.2982364,455677.97920006,15720.0,-0.0,16150.0,ASK
134,1712691613.4915946,455740.97920006,15710.0,-7.573239948455496e-09,16150.0,ASK
135,1712691613.501242,455810.46920006,15710.0,-8.353403873303204e-09,16150.0,ASK
136,1712691615.5018125,455813.6470613,15700.0,-3.8201120148207075e-10,16150.0,ASK
137,1712691615.5045395,455813.64920006,15710.0,-2.571006772240946e-13,16150.0,ASK
138,1712691630.3017297,455813.64920006,15710.0,-0.0,16150.0,ASK
139,1712691644.0822835,455813.65446063,15700.0,-6.322119688593559e-13,16150.0,ASK
140,1712691644.0851216,455822.39680821,15680.0,-1.0506497969843255e-09,16150.0,ASK
141,1712691660.4423652,455822.39680821,15680.0,-0.0,16150.0,ASK
142,1712691690.4524298,455822.39680821,15680.0,-0.0,16150.0,ASK
143,1712691720.3119214,455822.39680821,15680.0,-0.0,16150.0,ASK
144,1712691750.2845073,455822.39680821,15680.0,-0.0,16150.0,ASK
145,1712691780.442309,455822.39680821,15680.0,-0.0,16150.0,ASK
146,1712691810.4916384,455822.39680821,15680.0,-0.0,16150.0,ASK
147,1712691840.2825367,455822.39680821,15680.0,-0.0,16150.0,ASK
148,1712691870.2912936,455822.39680821,15680.0,-0.0,16150.0,ASK
149,1712691900.335575,455822.39680821,15680.0,-0.0,16150.0,ASK
150,1712691930.3013818,455822.39680821,15680.0,-0.0,16150.0,ASK
151,1712691960.432946,455822.39680821,15680.0,-0.0,16150.0,ASK
152,1712691990.4431877,455822.39680821,15680.0,-0.0,16150.0,ASK
153,1712691996.0411968,455825.10043647,15710.0,3.2516677213442843e-10,16150.0,BID
154,1712692008.502072,455920.58043647,15710.0,1.1483429087757109e-08,16150.0,BID
155,1712692020.283535,455920.58043647,15710.0,0.0,16150.0,BID
156,1712692027.291544,456020.35843647,15710.0,1.1998125966599213e-08,16150.0,BID
157,1712692031.5819848,456141.27435924,15710.0,1.4539923357480573e-08,16150.0,BID
158,1712692031.584648,456186.46843647,15710.0,5.434506920862374e-09,16150.0,BID
159,1712692050.28382,456186.46843647,15710.0,0.0,16150.0,BID
160,1712692080.4314864,456186.46843647,15710.0,0.0,16150.0,BID
161,1712692110.445052,456186.46843647,15710.0,0.0,16150.0,BID
162,1712692140.303277,456186.46843647,15710.0,0.0,16150.0,BID
163,1712692170.2917764,456186.46843647,15710.0,0.0,16150.0,BID
164,1712692200.3213136,456186.46843647,15710.0,0.0,16150.0,BID
165,1712692209.8417268,456196.26673506,15710.0,1.178108011898912e-09,16150.0,BID
166,1712692230.3015609,456196.26673506,15710.0,0.0,16150.0,BID
167,1712692241.6114483,456213.23673506,15710.0,-2.0403667802636384e-09,16150.0,ASK
168,1712692260.4413402,456213.23673506,15710.0,-0.0,16150.0,ASK
169,1712692290.4439783,456213.23673506,15710.0,-0.0,16150.0,ASK
170,1712692320.303037,456213.23673506,15710.0,-0.0,16150.0,ASK
171,1712692346.6414895,456233.83023697,15730.0,2.4759546475167924e-09,16150.0,BID
172,1712692350.3023806,456233.83023697,15730.0,0.0,16150.0,BID
173,1712692364.261542,456242.09469977,15730.0,9.935968274690315e-10,16150.0,BID
174,1712692380.432724,456242.09469977,15730.0,0.0,16150.0,BID
175,1712692410.441468,456242.09469977,15730.0,0.0,16150.0,BID
176,1712692440.270052,456242.09469977,15730.0,0.0,16150.0,BID
177,1712692470.2933276,456242.09469977,15730.0,0.0,16150.0,BID
178,1712692500.4416156,456242.09469977,15730.0,0.0,16150.0,BID
179,1712692530.4512525,456242.09469977,15730.0,0.0,16150.0,BID
180,1712692560.3012035,456242.09469977,15730.0,0.0,16150.0,BID
181,1712692590.2815957,456242.09469977,15730.0,0.0,16150.0,BID
182,1712692617.771556,456256.07001247,15740.0,1.68062456658136e-09,16150.0,BID
183,1712692620.444949,456256.07001247,15740.0,0.0,16150.0,BID
184,1712692627.8114452,456259.24663254,15740.0,3.819996462138759e-10,16150.0,BID
185,1712692650.452513,456259.24663254,15740.0,0.0,16150.0,BID
186,1712692680.3421996,456259.24663254,15740.0,0.0,16150.0,BID
187,1712692692.5099995,456777.13163254,15740.0,6.2277103628394e-08,16150.0,BID
188,1712692710.3014414,456777.13163254,15740.0,0.0,16150.0,BID
189,1712692740.4290729,456777.13163254,15740.0,0.0,16150.0,BID
190,1712692746.0691953,456959.46905358,15740.0,2.1905106895869096e-08,16150.0,BID
191,1712692751.0294602,457041.76205358,15740.0,9.886269924737452e-09,16150.0,BID
192,1712692770.43853,457041.76205358,15740.0,0.0,16150.0,BID
193,1712692773.7082927,457054.84757562,15740.0,1.5712430049231763e-09,16150.0,BID
194,1712692777.458459,457088.60993522,15740.0,4.054012609443828e-09,16150.0,BID
195,1712692800.380342,457088.60993522,15740.0,0.0,16150.0,BID
196,1712692830.2879958,457088.60993522,15740.0,0.0,16150.0,BID
197,1712692860.4371605,457088.60993522,15740.0,0.0,16150.0,BID
198,1712692890.4280162,457088.60993522,15740.0,0.0,16150.0,BID
199,1712692900.0363262,457089.35080731,15720.0,-8.898082340179483e-11,16150.0,ASK
200,1712692920.2881217,457089.35080731,15720.0,-0.0,16150.0,ASK
201,1712692945.0386531,457095.71213047,15720.0,-7.640117485222253e-10,16150.0,ASK
202,1712692947.5656974,457651.01914527,15740.0,6.669384225148917e-08,16150.0,BID
203,1712692950.287455,457651.01914527,15740.0,0.0,16150.0,BID
204,1712692954.5855267,457660.87634567,15740.0,1.182620185636901e-09,16150.0,BID
205,1712692962.1768422,457672.44023617,15740.0,1.38738077494552e-09,16150.0,BID
206,1712692962.6553798,457680.28433031,15740.0,9.410972377064355e-10,16150.0,BID
207,1712692962.7354906,457688.07203893,15740.0,9.343323702602035e-10,16150.0,BID
208,1712692962.855353,457695.91606161,15740.0,9.41088664270494e-10,16150.0,BID
209,1712692964.1956415,457705.72897902,15740.0,1.1773073223715866e-09,16150.0,BID
210,1712692964.2556093,457713.57314463,15740.0,9.41105812343536e-10,16150.0,BID
211,1712692964.5155804,457723.38747799,15740.0,1.1774772013432676e-09,16150.0,BID
212,1712692964.6652455,457731.27312385,15740.0,9.460824161372032e-10,16150.0,BID
213,1712692970.1755323,457966.63640199,15740.0,2.8237770603222842e-08,16150.0,BID
214,1712692970.1854591,458650.19738939,15740.0,8.201040752003197e-08,16150.0,BID
215,1712692970.805235,458885.56223287,15740.0,2.8237958405294093e-08,16150.0,BID
216,1712692974.0965836,459111.68532866,15740.0,2.7129177318856872e-08,16150.0,BID
217,1712692980.1151512,459119.76947826,15740.0,9.698979540526084e-10,16150.0,BID
218,1712692980.445041,459119.76947826,15740.0,0.0,16150.0,BID
219,1712692982.8294291,459355.1245783,15740.0,2.8158688391297664e-08,16150.0,BID
220,1712692986.7552197,459439.27265962,15740.0,1.006776398817226e-08,16150.0,BID
221,1712692987.0050128,459454.12662032,15740.0,1.777178615029052e-09,16150.0,BID
222,1712692987.6853695,459468.98011511,15740.0,1.7771228719566123e-09,16150.0,BID
223,1712692990.9150915,459704.35228357,15740.0,2.8160730515391824e-08,16150.0,BID
224,1712692991.2151394,459719.20520556,15740.0,1.777054340214762e-09,16150.0,BID
225,1712692992.2151716,459750.58041089,15740.0,3.753836776638825e-09,16150.0,BID
226,1712692993.908692,459759.99583562,15740.0,1.1264935877677226e-09,16150.0,BID
227,1712692994.7853043,459769.66339872,15740.0,1.1566602839274056e-09,16150.0,BID
228,1712692995.2950416,459833.04139872,15740.0,7.582760486436361e-09,16150.0,BID
229,1712692995.4751778,459864.41519689,15740.0,3.7536684192130956e-09,16150.0,BID
230,1712692995.6148508,459879.26751909,15740.0,1.776982579280854e-09,16150.0,BID
231,1712692996.4148836,459954.99658516,15740.0,9.060484235389072e-09,16150.0,BID
232,1712693001.8153944,460004.99658516,15740.0,5.982170853003598e-09,16150.0,BID
233,1712693001.819106,460035.10843642,15740.0,3.602684778745005e-09,16150.0,BID
234,1712693010.4268436,460035.10843642,15740.0,0.0,16150.0,BID
235,1712693040.2698913,460035.10843642,15740.0,0.0,16150.0,BID
236,1712693070.2962575,460035.10843642,15740.0,0.0,16150.0,BID
237,1712693100.4349456,460035.10843642,15740.0,0.0,16150.0,BID
238,1712693130.4636643,460035.10843642,15740.0,0.0,16150.0,BID
239,1712693160.294231,460035.10843642,15740.0,0.0,16150.0,BID
240,1712693167.012971,460055.92825497,15740.0,2.490325643869082e-09,16150.0,BID
241,1712693170.943226,460075.00009222,15730.0,-2.2812439630694383e-09,16150.0,ASK
242,1712693170.9528503,460084.64241102,15730.0,-1.153348849618757e-09,16150.0,ASK
243,1712693190.2829642,460084.64241102,15730.0,-0.0,16150.0,ASK
244,1712693220.454148,460084.64241102,15730.0,-0.0,16150.0,ASK
245,1712693250.4451067,460084.64241102,15730.0,-0.0,16150.0,ASK
246,1712693280.2934222,460084.64241102,15730.0,-0.0,16150.0,ASK
247,1712693310.293687,460084.64241102,15730.0,-0.0,16150.0,ASK
248,1712693339.201436,460092.37654819,15740.0,9.250188568434527e-10,16150.0,BID
249,1712693340.4336157,460092.37654819,15740.0,0.0,16150.0,BID
250,1712693350.0216022,460099.81886505,15740.0,8.901035823940461e-10,16150.0,BID
251,1712693359.2528093,460111.79372074,15740.0,1.4321967404656107e-09,16150.0,BID
252,1712693359.311339,460119.19721696,15740.0,8.854606208887042e-10,16150.0,BID
253,1712693368.94121,460246.26202,15740.0,1.5196992886795894e-08,16150.0,BID
254,1712693370.4333816,460246.26202,15740.0,0.0,16150.0,BID
255,1712693374.1440382,460254.08498548,15740.0,9.35358319772068e-10,16150.0,BID
256,1712693374.9812407,460262.06344239,15740.0,9.539497609711811e-10,16150.0,BID
257,1712693377.7508163,460269.7718185,15740.0,9.216573618891187e-10,16150.0,BID
258,1712693378.266286,460277.12168157,15740.0,8.787915003981997e-10,16150.0,BID
259,1712693378.7701452,460341.40224498,15740.0,7.685750363978531e-09,16150.0,BID
260,1712693378.8211854,460353.91820021,15740.0,1.4964789099835123e-09,16150.0,BID
261,1712693378.9700634,460361.69783485,15740.0,9.301774376871943e-10,16150.0,BID
262,1712693379.6615312,460370.99293333,15740.0,1.1113749279131731e-09,16150.0,BID
263,1712693379.6809938,460380.41538798,15740.0,1.1266023571365582e-09,16150.0,BID
264,1712693380.1210847,460380.56672935,15740.0,1.809523638220299e-11,16150.0,BID
265,1712693380.123117,460393.982376,15740.0,1.604051141645187e-09,16150.0,BID
266,1712693381.3716574,460395.56672935,15740.0,1.8943431249455567e-10,16150.0,BID
267,1712693381.376071,460401.81896915,15740.0,7.47553409139583e-10,16150.0,BID
268,1712693382.356071,460409.54303568,15740.0,9.235333978914492e-10,16150.0,BID
269,1712693388.551118,460425.15595401,15740.0,1.866769461435982e-09,16150.0,BID
270,1712693388.6311145,460440.66188416,15740.0,1.8539773451271115e-09,16150.0,BID
271,1712693388.730731,460448.45913221,15740.0,9.32283397331579e-10,16150.0,BID
272,1712693400.3216617,460448.45913221,15740.0,0.0,16150.0,BID
273,1712693430.295526,460448.45913221,15740.0,0.0,16150.0,BID
274,1712693459.8506534,460449.45254131,15730.0,-1.1927998825845987e-10,16150.0,ASK
275,1712693459.853963,460460.53796247,15720.0,-1.331041668356519e-09,16150.0,ASK
276,1712693460.4321735,460460.53796247,15720.0,-0.0,16150.0,ASK
277,1712693490.4479463,460460.53796247,15720.0,-0.0,16150.0,ASK
278,1712693507.7102177,460472.80796247,15740.0,1.4732420782605683e-09,16150.0,BID
279,1712693520.2799664,460472.80796247,15740.0,0.0,16150.0,BID
280,1712693550.295066,460472.80796247,15740.0,0.0,16150.0,BID
281,1712693580.421414,460472.80796247,15740.0,0.0,16150.0,BID
282,1712693606.499377,460475.60996247,15740.0,3.3642449726984965e-10,16150.0,BID
283,1712693608.4696343,460480.60918681,15740.0,6.002360939669909e-10,16150.0,BID
284,1712693608.4727316,460483.28796247,15740.0,3.2162946278518007e-10,16150.0,BID
285,1712693608.750242,460483.28873813,15740.0,9.313027090045273e-14,16150.0,BID
286,1712693610.4304357,460483.28873813,15740.0,0.0,16150.0,BID
287,1712693611.4194083,460523.97820479,15750.0,4.8853184277191575e-09,16150.0,BID
288,1712693640.3117826,460523.97820479,15750.0,0.0,16150.0,BID
289,1712693663.3837645,460608.64912755,15750.0,1.0165102378895337e-08,16150.0,BID
290,1712693670.280661,460608.64912755,15750.0,0.0,16150.0,BID
291,1712693700.301274,460608.64912755,15750.0,0.0,16150.0,BID
292,1712693706.3690276,460616.42686806,15750.0,9.363709167687787e-10,16150.0,BID
293,1712693706.3710363,460624.16780267,15750.0,9.319398131179431e-10,16150.0,BID
294,1712693722.7688987,460632.03373809,15750.0,9.469888010569392e-10,16150.0,BID
295,1712693729.688903,460663.77976983,15750.0,3.821940421629562e-09,16150.0,BID
296,1712693730.282627,460663.77976983,15750.0,0.0,16150.0,BID
297,1712693760.4199705,460663.77976983,15750.0,0.0,16150.0,BID
298,1712693768.2888558,460678.24422697,15750.0,1.741210222999298e-09,16150.0,BID
299,1712693769.8884442,460686.31196369,15750.0,9.711823622066483e-10,16150.0,BID
300,1712693774.77255,460694.13718901,15750.0,9.419891941034334e-10,16150.0,BID
301,1712693775.328257,460709.66779012,15750.0,1.869551076844882e-09,16150.0,BID
302,1712693775.8484216,460717.47808135,15750.0,9.401914501597899e-10,16150.0,BID
303,1712693776.4387977,460725.25793592,15750.0,9.365275294876967e-10,16150.0,BID
304,1712693776.6441162,460740.99290062,15750.0,1.894152067304108e-09,16150.0,BID
305,1712693776.6583738,460795.61705545,15750.0,6.575575971640659e-09,16150.0,BID
306,1712693776.6612668,460804.39390062,15750.0,1.0565438016632112e-09,16150.0,BID
307,1712693776.738532,460806.214614,15750.0,2.1917481725891719e-10,16150.0,BID
308,1712693776.742279,460828.68090404,15760.0,2.7044591796190726e-09,16150.0,BID
309,1712693790.4284482,460828.68090404,15760.0,0.0,16150.0,BID
310,1712693820.2814546,460828.68090404,15760.0,0.0,16150.0,BID
311,1712693835.1579404,460838.09314539,15760.0,1.1326777076086858e-09,16150.0,BID
312,1712693850.2928824,460838.09314539,15760.0,0.0,16150.0,BID
313,1712693859.1506002,460840.98686366,15760.0,3.482264793651853e-10,16150.0,BID
314,1712693871.298243,460844.15945249,15760.0,3.817854178121912e-10,16150.0,BID
315,1712693871.3577185,460847.33204132,15760.0,3.817854178121912e-10,16150.0,BID
316,1712693871.4176714,460850.50463015,15760.0,3.817854178121912e-10,16150.0,BID
317,1712693880.430339,460850.50463015,15760.0,0.0,16150.0,BID
318,1712693910.429384,460850.50463015,15760.0,0.0,16150.0,BID
319,1712693940.2877295,460850.50463015,15760.0,0.0,16150.0,BID
320,1712693946.9775538,460851.13914791,15760.0,7.635528552568979e-11,16150.0,BID
321,1712693970.287687,460851.13914791,15760.0,0.0,16150.0,BID
322,1712694000.3294106,460851.13914791,15760.0,0.0,16150.0,BID
323,1712694030.2702267,460851.13914791,15760.0,0.0,16150.0,BID
324,1712694060.4296308,460851.13914791,15760.0,0.0,16150.0,BID
325,1712694090.4290972,460851.13914791,15760.0,0.0,16150.0,BID
326,1712694120.278972,460851.13914791,15760.0,0.0,16150.0,BID
327,1712694150.300624,460851.13914791,15760.0,0.0,16150.0,BID
328,1712694153.6470828,460854.55914791,15740.0,-4.1178139465532677e-10,16150.0,ASK
329,1712694180.4304247,460854.55914791,15740.0,-0.0,16150.0,ASK
330,1712694210.437823,460854.55914791,15740.0,-0.0,16150.0,ASK
331,1712694227.336182,460873.60914791,15740.0,-2.293679744250951e-09,16150.0,ASK
332,1712694240.2774715,460873.60914791,15740.0,-0.0,16150.0,ASK
333,1712694270.2762754,460873.60914791,15740.0,-0.0,16150.0,ASK
334,1712694300.428223,460873.60914791,15740.0,-0.0,16150.0,ASK
335,1712694330.419298,460873.60914791,15740.0,-0.0,16150.0,ASK
336,1712694351.0856764,460876.78057806,15750.0,3.820874218920808e-10,16150.0,BID
337,1712694360.286936,460876.78057806,15750.0,0.0,16150.0,BID
338,1712694390.2867436,460876.78057806,15750.0,0.0,16150.0,BID
339,1712694412.2858114,460876.79029851,15740.0,-1.1710928964974037e-12,16150.0,ASK
340,1712694412.2882435,460910.03057806,15740.0,-4.004696835445193e-09,16150.0,ASK
341,1712694412.9051871,460910.03396431,15740.0,-4.0796602305793386e-13,16150.0,ASK
342,1712694420.4466796,460910.03396431,15740.0,-0.0,16150.0,ASK
343,1712694450.4456112,460910.03396431,15740.0,-0.0,16150.0,ASK
344,1712694452.715177,460914.47900878,15740.0,5.35492881561669e-10,16150.0,BID
345,1712694480.2654016,460914.47900878,15740.0,0.0,16150.0,BID
346,1712694482.8751554,460915.96328088,15730.0,-1.788082099185187e-10,16150.0,ASK
347,1712694482.8880162,460916.59900878,15730.0,-7.658526208598357e-11,16150.0,ASK
348,1712694510.2564244,460916.59900878,15730.0,-0.0,16150.0,ASK
349,1712694540.2965136,460916.59900878,15730.0,-0.0,16150.0,ASK
350,1712694570.3082798,460916.59900878,15730.0,-0.0,16150.0,ASK
351,1712694600.5348282,460916.59900878,15730.0,-0.0,16150.0,ASK
352,1712694630.424427,460916.59900878,15730.0,-0.0,16150.0,ASK
353,1712694660.267266,460916.59900878,15730.0,-0.0,16150.0,ASK
354,1712694690.3390236,460916.59900878,15730.0,-0.0,16150.0,ASK
355,1712694720.4244504,460916.59900878,15730.0,-0.0,16150.0,ASK
356,1712694750.4250066,460916.59900878,15730.0,-0.0,16150.0,ASK
357,1712694772.075219,460917.59894522,15730.0,-1.2049797573329507e-10,16150.0,ASK
358,1712694772.0781066,460917.59900878,15730.0,-7.659334760615227e-15,16150.0,ASK
359,1712694780.305422,460917.59900878,15730.0,-0.0,16150.0,ASK
360,1712694810.2595868,460917.59900878,15730.0,-0.0,16150.0,ASK
361,1712694840.438142,460917.59900878,15730.0,-0.0,16150.0,ASK
362,1712694849.146031,460949.36520954,15740.0,3.827998940109468e-09,16150.0,BID
363,1712694870.4175944,460949.36520954,15740.0,0.0,16150.0,BID
364,1712694872.0813522,460949.3652731,15730.0,-7.658858775017346e-15,16150.0,ASK
365,1712694895.416015,460955.72255218,15730.0,7.660403446835397e-10,16150.0,BID
366,1712694900.2785313,460955.72255218,15730.0,0.0,16150.0,BID
367,1712694930.279588,460955.72255218,15730.0,0.0,16150.0,BID
368,1712694960.4297557,460955.72255218,15730.0,0.0,16150.0,BID
369,1712694987.576761,460963.73215287,15720.0,-9.652923060526247e-10,16150.0,ASK
370,1712694990.426541,460963.73215287,15720.0,-0.0,16150.0,ASK
371,1712695000.387152,460965.72255218,15720.0,-2.39873129749234e-10,16150.0,ASK
372,1712695000.3916163,460971.74175355,15720.0,-7.254045275993178e-10,16150.0,ASK
373,1712695020.260443,460971.74175355,15720.0,-0.0,16150.0,ASK
374,1712695042.2677147,460972.08387533,15720.0,-4.123020764931768e-11,16150.0,ASK
375,1712695042.272862,460983.08375355,15720.0,-1.325631075459691e-09,16150.0,ASK
376,1712695050.2884698,460983.08375355,15720.0,-0.0,16150.0,ASK
377,1712695056.986924,460983.08387533,15720.0,-1.467578497127307e-14,16150.0,ASK
378,1712695080.4395351,460983.08387533,15720.0,-0.0,16150.0,ASK
379,1712695110.427309,460983.08387533,15720.0,-0.0,16150.0,ASK
380,1712695140.278729,460983.08387533,15720.0,-0.0,16150.0,ASK
381,1712695170.2693334,460983.08387533,15720.0,-0.0,16150.0,ASK
382,1712695200.310023,460983.08387533,15720.0,-0.0,16150.0,ASK
383,1712695228.3076632,460983.73921884,15720.0,7.903384122573472e-11,16150.0,BID
384,1712695230.27994,460983.73921884,15720.0,0.0,16150.0,BID
385,1712695260.4194007,460983.73921884,15720.0,0.0,16150.0,BID
386,1712695281.9978368,460984.37106307,15710.0,-7.619975439725719e-11,16150.0,ASK
387,1712695282.0017242,460984.37575608,15710.0,-5.659720996208055e-13,16150.0,ASK
388,1712695290.4275627,460984.37575608,15710.0,-0.0,16150.0,ASK
389,1712695299.5581837,460993.74391185,15710.0,-1.1297884415875794e-09,16150.0,ASK
390,1712695299.5625,460996.37575608,15710.0,-3.1739728331902725e-10,16150.0,ASK
391,1712695314.3277245,460996.38044908,15710.0,-5.659702237034906e-13,16150.0,ASK
392,1712695314.4077106,461012.02610153,15710.0,1.886847073538529e-09,16150.0,BID
393,1712695320.2809277,461012.02610153,15710.0,0.0,16150.0,BID
394,1712695350.279822,461012.02610153,15710.0,0.0,16150.0,BID
395,1712695380.4208124,461012.02610153,15710.0,0.0,16150.0,BID
396,1712695410.4281094,461012.02610153,15710.0,0.0,16150.0,BID
397,1712695420.9683304,461014.02610153,15710.0,2.4118498596924755e-10,16150.0,BID
398,1712695440.2802885,461014.02610153,15710.0,0.0,16150.0,BID
399,1712695462.998062,461019.97953883,15710.0,7.17937125558273e-10,16150.0,BID
400,1712695470.2882218,461019.97953883,15710.0,0.0,16150.0,BID
401,1712695477.8003995,461023.16222501,15710.0,3.8380227775745797e-10,16150.0,BID
402,1712695500.3086824,461023.16222501,15710.0,0.0,16150.0,BID
403,1712695530.2896018,461023.16222501,15710.0,0.0,16150.0,BID
404,1712695559.2786932,461027.57080553,15710.0,5.320319412104706e-10,16150.0,BID
405,1712695560.419567,461027.57080553,15710.0,0.0,16150.0,BID
406,1712695570.39833,461028.20734276,15710.0,7.681731251848513e-11,16150.0,BID
407,1712695590.4195511,461028.20734276,15710.0,0.0,16150.0,BID
408,1712695620.2736409,461028.20734276,15710.0,0.0,16150.0,BID
409,1712695650.280423,461028.20734276,15710.0,0.0,16150.0,BID
410,1712695680.4598274,461028.20734276,15710.0,0.0,16150.0,BID
411,1712695710.4182594,461028.20734276,15710.0,0.0,16150.0,BID
412,1712695740.279094,461028.20734276,15710.0,0.0,16150.0,BID
413,1712695770.2856662,461028.20734276,15710.0,0.0,16150.0,BID
414,1712695793.0340793,461034.57676951,15700.0,-7.68661488597397e-10,16150.0,ASK
415,1712695793.038417,461044.57676951,15700.0,-1.2067985374003882e-09,16150.0,ASK
416,1712695793.0404756,461047.43811199,15700.0,-3.4530639198640447e-10,16150.0,ASK
417,1712695794.379109,461050.94619626,15700.0,-4.2335509661099265e-10,16150.0,ASK
418,1712695794.383653,461057.31562301,15700.0,-7.68661488597397e-10,16150.0,ASK
419,1712695794.3867884,461061.4472472,15700.0,-4.98603802960465e-10,16150.0,ASK
420,1712695800.3817284,461061.4472472,15700.0,-0.0,16150.0,ASK
421,1712695800.959268,461080.46676246,15700.0,2.2958219732917048e-09,16150.0,BID
422,1712695815.3691962,461080.78523379,15700.0,3.844227716890732e-11,16150.0,BID
423,1712695815.548263,461087.15466054,15700.0,7.68845561519728e-10,16150.0,BID
424,1712695818.3781786,461095.23836228,15700.0,9.75773558188249e-10,16150.0,BID
425,1712695818.4980235,461159.05239791,15700.0,7.702912676842658e-09,16150.0,BID
426,1712695830.2808626,461159.05239791,15700.0,0.0,16150.0,BID
427,1712695846.798277,461164.41320346,15700.0,-6.469764800738662e-10,16150.0,ASK
428,1712695860.4295645,461164.41320346,15700.0,-0.0,16150.0,ASK
429,1712695890.4330492,461164.41320346,15700.0,-0.0,16150.0,ASK
430,1712695920.2687418,461164.41320346,15700.0,-0.0,16150.0,ASK
431,1712695950.2819543,461164.41320346,15700.0,-0.0,16150.0,ASK
432,1712695980.4404235,461164.41320346,15700.0,-0.0,16150.0,ASK
433,1712696010.4307249,461164.41320346,15700.0,-0.0,16150.0,ASK
434,1712696040.3182013,461164.41320346,15700.0,-0.0,16150.0,ASK
435,1712696070.2898142,461164.41320346,15700.0,-0.0,16150.0,ASK
436,1712696100.419869,461164.41320346,15700.0,-0.0,16150.0,ASK
437,1712696129.0791173,461173.41320346,15710.0,1.0882315141727111e-09,16150.0,BID
438,1712696129.0845027,461179.77857584,15710.0,7.69666535930029e-10,16150.0,BID
439,1712696129.089089,461194.96699098,15710.0,1.8365013339687277e-09,16150.0,BID
440,1712696130.4197302,461194.96699098,15710.0,0.0,16150.0,BID
441,1712696150.447877,461200.3235743,15710.0,6.47651608390739e-10,16150.0,BID
442,1712696160.262996,461200.3235743,15710.0,0.0,16150.0,BID
443,1712696163.924859,461237.7535743,15710.0,4.525525247693856e-09,16150.0,BID
444,1712696190.290792,461237.7535743,15710.0,0.0,16150.0,BID
445,1712696197.002225,461263.08053873,15710.0,3.061973515534137e-09,16150.0,BID
446,1712696220.4193757,461263.08053873,15710.0,0.0,16150.0,BID
447,1712696250.4376397,461263.08053873,15710.0,0.0,16150.0,BID
448,1712696280.271539,461263.08053873,15710.0,0.0,16150.0,BID
449,1712696310.2707088,461263.08053873,15710.0,0.0,16150.0,BID
450,1712696340.4410193,461263.08053873,15710.0,0.0,16150.0,BID
451,1712696370.437697,461263.08053873,15710.0,0.0,16150.0,BID
452,1712696400.398956,461263.08053873,15710.0,0.0,16150.0,BID
453,1712696430.280024,461263.08053873,15710.0,0.0,16150.0,BID
454,1712696460.4274125,461263.08053873,15710.0,0.0,16150.0,BID
455,1712696490.4374688,461263.08053873,15710.0,0.0,16150.0,BID
456,1712696520.2720346,461263.08053873,15710.0,0.0,16150.0,BID
457,1712696526.0372214,461263.39860488,15720.0,3.845655074577426e-11,16150.0,BID
458,1712696550.2888334,461263.39860488,15720.0,0.0,16150.0,BID
459,1712696553.307171,461273.39860488,15720.0,1.2090732539877528e-09,16150.0,BID
460,1712696563.8877282,461294.28885905,15710.0,-2.525784758594534e-09,16150.0,ASK
461,1712696563.892116,461308.27995388,15710.0,-1.6916258552935487e-09,16150.0,ASK
462,1712696565.0079474,461337.12096188,15710.0,-3.4870891390868105e-09,16150.0,ASK
463,1712696568.858253,461361.78969971,15710.0,-2.982631111983313e-09,16150.0,ASK
464,1712696568.86238,461370.14095088,15710.0,-1.0097274427028296e-09,16150.0,ASK
465,1712696574.3774283,461426.73195088,15710.0,-6.842266451643893e-09,16150.0,ASK
466,1712696580.4121523,461426.73195088,15710.0,-0.0,16150.0,ASK
467,1712696610.4607286,461426.73195088,15710.0,-0.0,16150.0,ASK
468,1712696621.3071122,461426.73572134,15710.0,-4.557348355618301e-13,16150.0,ASK
469,1712696640.2586217,461426.73572134,15710.0,-0.0,16150.0,ASK
470,1712696670.2569194,461426.73572134,15710.0,-0.0,16150.0,ASK
471,1712696700.4299977,461426.73572134,15710.0,-0.0,16150.0,ASK
472,1712696730.438549,461426.73572134,15710.0,-0.0,16150.0,ASK
473,1712696760.2798855,461426.73572134,15710.0,-0.0,16150.0,ASK
474,1712696790.290912,461426.73572134,15710.0,-0.0,16150.0,ASK
475,1712696816.1295164,461479.78572134,15700.0,-6.4257763080618675e-09,16150.0,ASK
476,1712696816.1317515,461579.78572134,15700.0,-1.2112679185793169e-08,16150.0,ASK
477,1712696816.272805,461600.73572134,15700.0,-2.537606289425079e-09,16150.0,ASK
478,1712696816.275934,461601.05572134,15700.0,-3.8760573395384195e-11,16150.0,ASK
479,1712696816.4695745,461601.06172334,15700.0,-7.27003005842692e-13,16150.0,ASK
480,1712696820.4224155,461601.06172334,15700.0,-0.0,16150.0,ASK
481,1712696821.741087,461619.24704181,15700.0,-2.2019992913178435e-09,16150.0,ASK
482,1712696831.1031122,461682.98190478,15690.0,-7.717441040349318e-09,16150.0,ASK
483,1712696831.1052504,461721.22282256,15690.0,-4.630464623962905e-09,16150.0,ASK
484,1712696831.1073294,461731.61425356,15690.0,-1.258263567700546e-09,16150.0,ASK
485,1712696831.1094055,461829.36704181,15690.0,-1.1836557649836772e-08,16150.0,ASK
486,1712696840.2117295,461829.37206107,15690.0,-6.07765377080174e-13,16150.0,ASK
487,1712696840.2138698,461831.35429959,15680.0,-2.4002262173479803e-10,16150.0,ASK
488,1712696840.2194178,461849.54025565,15680.0,-2.2020764949564267e-09,16150.0,ASK
489,1712696840.2215009,461868.17430597,15680.0,-2.256334727750311e-09,16150.0,ASK
490,1712696840.2236388,461868.81206107,15680.0,-7.72236285273744e-11,16150.0,ASK
491,1712696850.4154615,461868.81206107,15680.0,-0.0,16150.0,ASK
492,1712696873.851576,461868.81643586,15680.0,-5.294593512776903e-13,16150.0,ASK
493,1712696873.8629715,461901.13101836,15680.0,-3.910875234287587e-09,16150.0,ASK
494,1712696880.2740283,461901.13101836,15680.0,-0.0,16150.0,ASK
495,1712696910.293108,461901.13101836,15680.0,-0.0,16150.0,ASK
496,1712696935.182128,461901.76918045,15670.0,-7.722888744617688e-11,16150.0,ASK
497,1712696935.1860163,461908.15080136,15670.0,-7.7228887570154e-10,16150.0,ASK
498,1712696936.6219945,461925.23256659,15680.0,2.0671953803703397e-09,16150.0,BID
499,1712696940.431085,461925.23256659,15680.0,0.0,16150.0,BID
500,1712696965.0624957,461925.55150791,15680.0,3.8595769717645344e-11,16150.0,BID
501,1712696965.0825398,461929.37803852,15680.0,4.6305663449156967e-10,16150.0,BID
502,1712696970.438393,461929.37803852,15680.0,0.0,16150.0,BID
503,1712696972.952799,461929.77803852,15680.0,4.8404472811795394e-11,16150.0,BID
504,1712696997.763707,461932.9688485,15670.0,-3.8612368728598397e-10,16150.0,ASK
505,1712696997.7678576,461932.96884852,15670.0,-2.4230595803657185e-18,16150.0,ASK
506,1712697000.314269,461932.96884852,15670.0,-0.0,16150.0,ASK
507,1712697018.7737832,461934.24435872,15680.0,1.5483485453026294e-10,16150.0,BID
508,1712697019.688982,461943.61852217,15680.0,1.1379346351838803e-09,16150.0,BID
509,1712697019.6912692,461946.99946076,15680.0,4.104139149588622e-10,16150.0,BID
510,1712697030.3038585,461946.99946076,15680.0,0.0,16150.0,BID
511,1712697060.447104,461946.99946076,15680.0,0.0,16150.0,BID
512,1712697068.1045024,461946.99946124,15670.0,-5.827057966600163e-17,16150.0,ASK
513,1712697090.4479065,461946.99946124,15670.0,-0.0,16150.0,ASK
514,1712697096.9787798,461947.63803084,15660.0,-7.751422976062267e-11,16150.0,ASK
515,1712697096.981048,461955.61523693,15660.0,-9.68331385805483e-10,16150.0,ASK
516,1712697096.9832227,461956.89237614,15660.0,-1.550284607294749e-10,16150.0,ASK
517,1712697120.3045166,461956.89237614,15660.0,-0.0,16150.0,ASK
518,1712697140.6715724,461958.80808496,15660.0,-2.3253831866231587e-10,16150.0,ASK
519,1712697150.2895298,461958.80808496,15660.0,-0.0,16150.0,ASK
520,1712697168.5861394,461972.55034978,15660.0,-1.668098766167583e-09,16150.0,ASK
521,1712697168.5912862,461975.29592903,15660.0,-3.3327092872168473e-10,16150.0,ASK
522,1712697174.826161,461979.1200208,15690.0,4.641856962274879e-10,16150.0,BID
523,1712697180.4562368,461979.1200208,15690.0,0.0,16150.0,BID
524,1712697210.4565527,461979.1200208,15690.0,0.0,16150.0,BID
525,1712697217.5894933,461983.15029952,15660.0,-4.891947134861822e-10,16150.0,ASK
526,1712697217.593608,461990.21196664,15660.0,-8.571442482019897e-10,16150.0,ASK
527,1712697217.596105,462022.51603095,15660.0,-3.9210631776063906e-09,16150.0,ASK
528,1712697217.8696804,462037.90951509,15660.0,-1.8684591281516157e-09,16150.0,ASK
529,1712697240.2770247,462037.90951509,15660.0,-0.0,16150.0,ASK
530,1712697252.9174154,462060.14649909,15690.0,2.6988206756516047e-09,16150.0,BID
531,1712697270.2894375,462060.14649909,15690.0,0.0,16150.0,BID
532,1712697300.2980368,462060.14649909,15690.0,0.0,16150.0,BID
533,1712697330.28981,462060.14649909,15690.0,0.0,16150.0,BID
534,1712697360.450956,462060.14649909,15690.0,0.0,16150.0,BID
535,1712697362.0479505,462068.12093231,15660.0,-9.710420184081675e-10,16150.0,ASK
536,1712697390.4512484,462068.12093231,15660.0,-0.0,16150.0,ASK
537,1712697420.3040888,462068.12093231,15660.0,-0.0,16150.0,ASK
538,1712697450.2992885,462068.12093231,15660.0,-0.0,16150.0,ASK
539,1712697457.7389472,462074.50662836,15660.0,-7.775706084005864e-10,16150.0,ASK
540,1712697480.433859,462074.50662836,15660.0,-0.0,16150.0,ASK
541,1712697496.4892747,462075.14397698,15690.0,7.760743947092808e-11,16150.0,BID
542,1712697510.439473,462075.14397698,15690.0,0.0,16150.0,BID
543,1712697522.2394135,462075.4639572,15690.0,3.8962687826570425e-11,16150.0,BID
544,1712697540.2985368,462075.4639572,15690.0,0.0,16150.0,BID
545,1712697569.8159478,462087.97960175,15660.0,-1.523978117918965e-09,16150.0,ASK
546,1712697570.2982657,462087.97960175,15660.0,-0.0,16150.0,ASK
547,1712697577.32992,462103.90216389,15690.0,1.938778069965134e-09,16150.0,BID
548,1712697600.3284814,462103.90216389,15690.0,0.0,16150.0,BID
549,1712697619.8801007,462203.75311334,15660.0,-1.2205622721180026e-08,16150.0,ASK
550,1712697625.185053,462204.70488998,15660.0,-1.1634367671971187e-10,16150.0,ASK
551,1712697625.3000915,462205.65666662,15660.0,-1.1634367671259666e-10,16150.0,ASK
552,1712697630.2920256,462205.65666662,15660.0,-0.0,16150.0,ASK
553,1712697660.341019,462205.65666662,15660.0,-0.0,16150.0,ASK
554,1712697678.6907444,462208.84951464,15660.0,-3.9021270368586007e-10,16150.0,ASK
555,1712697678.7003958,462305.50761607,15660.0,-1.1813033021262713e-08,16150.0,ASK
556,1712697690.2911406,462305.50761607,15660.0,-0.0,16150.0,ASK
557,1712697691.4808998,462311.81774985,15660.0,-7.71043246024792e-10,16150.0,ASK
558,1712697720.4405348,462311.81774985,15660.0,-0.0,16150.0,ASK
559,1712697730.100843,462314.99235302,15660.0,-3.8790410207132735e-10,16150.0,ASK
560,1712697732.5476675,462358.01653033,15660.0,-5.2571152906347156e-09,16150.0,ASK
561,1712697732.5529945,462370.78792241,15660.0,-1.5605337460075902e-09,16150.0,ASK
562,1712697732.557875,462498.37419313,15660.0,-1.5589739923307982e-08,16150.0,ASK
563,1712697732.560262,462503.52435802,15660.0,-6.292975783675601e-10,16150.0,ASK
564,1712697733.5921483,462503.5243582,15660.0,-2.1998597522824368e-17,16150.0,ASK
565,1712697735.0910451,462504.16333583,15650.0,-7.80765439061571e-11,16150.0,ASK
566,1712697735.101251,462504.80231346,15650.0,-7.807654391326948e-11,16150.0,ASK
567,1712697735.1059735,462511.19208981,15650.0,-7.80765445235118e-10,16150.0,ASK
568,1712697735.1099198,462930.60222073,15650.0,-5.1247636797793056e-08,16150.0,ASK
569,1712697736.4210298,462931.88099225,15640.0,-1.5625282646628222e-10,16150.0,ASK
570,1712697736.4262366,462932.20132473,15640.0,-3.914135920895268e-11,16150.0,ASK
571,1712697743.893017,462936.93278187,15640.0,-5.781357653508438e-10,16150.0,ASK
572,1712697743.8980477,462936.93278273,15640.0,-1.0507833165283132e-16,16150.0,ASK
573,1712697745.2307055,462936.93278339,15640.0,-8.064729948635809e-17,16150.0,ASK
574,1712697749.2209616,462968.874586,15630.0,-3.902962227530087e-09,16150.0,ASK
575,1712697749.2315316,462971.43376706,15630.0,-3.127058022539137e-10,16150.0,ASK
576,1712697749.235618,462971.43376764,15630.0,-7.086777423776982e-17,16150.0,ASK
577,1712697749.2434998,462978.47151497,15630.0,-8.599408847206011e-10,16150.0,ASK
578,1712697749.571086,462979.7519247,15620.0,-1.5645299900244635e-10,16150.0,ASK
579,1712697749.576305,462981.56327925,15620.0,-2.213290362998e-10,16150.0,ASK
580,1712697749.6909337,462993.13327925,15620.0,1.413735897247354e-09,16150.0,BID
581,1712697750.5556974,462993.13327925,15620.0,0.0,16150.0,BID
582,1712697764.4013264,462994.41368898,15620.0,1.5624941684497764e-10,16150.0,BID
583,1712697774.2515166,462996.33553395,15610.0,-2.3452426891321845e-10,16150.0,ASK
584,1712697774.2556546,463003.87056185,15610.0,-9.195054424529499e-10,16150.0,ASK
585,1712697779.4512126,463006.7277047,15610.0,-3.4865941245369844e-10,16150.0,ASK
586,1712697780.3062503,463006.7277047,15610.0,-0.0,16150.0,ASK
587,1712697791.3309216,463009.39580514,15620.0,3.2558198514664757e-10,16150.0,BID
588,1712697795.9110198,463037.42684859,15610.0,-3.420561923140025e-09,16150.0,ASK
589,1712697810.3037028,463037.42684859,15610.0,-0.0,16150.0,ASK
590,1712697837.9210677,463069.45759811,15620.0,-3.908408027425605e-09,16150.0,ASK
591,1712697840.4436345,463069.45759811,15620.0,-0.0,16150.0,ASK
592,1712697870.443325,463069.45759811,15620.0,-0.0,16150.0,ASK
593,1712697900.2958455,463069.45759811,15620.0,-0.0,16150.0,ASK
594,1712697930.2981565,463069.45759811,15620.0,-0.0,16150.0,ASK
595,1712697955.783128,463075.85964676,15620.0,-7.82005282033595e-10,16150.0,ASK
596,1712697955.7885878,463077.79517198,15610.0,-2.364229059022543e-10,16150.0,ASK
597,1712697955.7928348,463350.04235485,15620.0,-3.325478243972252e-08,16150.0,ASK
598,1712697955.7952366,463661.62890071,15610.0,-3.80600551472686e-08,16150.0,ASK
599,1712697955.7976134,463668.67115422,15620.0,-8.60205809628337e-10,16150.0,ASK
600,1712697955.8000154,463684.69293512,15610.0,-1.9570481226297717e-09,16150.0,ASK
601,1712697960.433817,463684.69293512,15610.0,-0.0,16150.0,ASK
602,1712697968.382164,463689.43348605,15610.0,-5.783759285168168e-10,16150.0,ASK
603,1712697990.4447403,463689.43348605,15610.0,-0.0,16150.0,ASK
604,1712698020.3241289,463689.43348605,15610.0,-0.0,16150.0,ASK
605,1712698050.2937927,463689.43348605,15610.0,-0.0,16150.0,ASK
606,1712698073.4723775,463691.43348605,15630.0,-2.4400991162025195e-10,16150.0,ASK
607,1712698073.4756055,463691.89163605,15630.0,-5.589657050689763e-11,16150.0,ASK
608,1712698073.8121362,463737.63831584,15610.0,-5.5813216462351234e-09,16150.0,ASK
609,1712698073.8164904,463769.64855911,15620.0,-3.905408315630457e-09,16150.0,ASK
610,1712698079.8125796,463778.29939031,15640.0,1.0554442782778123e-09,16150.0,BID
611,1712698080.4523396,463778.29939031,15640.0,0.0,16150.0,BID
612,1712698110.4430218,463778.29939031,15640.0,0.0,16150.0,BID
613,1712698119.692449,463820.55415449,15620.0,-5.154417882286695e-09,16150.0,ASK
614,1712698120.8122437,463821.01671093,15640.0,5.6424624111543035e-11,16150.0,BID
615,1712698140.2990594,463821.01671093,15640.0,0.0,16150.0,BID
616,1712698170.2948763,463821.01671093,15640.0,0.0,16150.0,BID
617,1712698197.372969,463821.33640402,15640.0,3.899436427200495e-11,16150.0,BID
618,1712698199.8527236,463831.33640402,15620.0,-1.2197437319189199e-09,16150.0,ASK
619,1712698200.3951738,463831.33640402,15620.0,-0.0,16150.0,ASK
620,1712698224.212716,463836.69298734,15630.0,-6.552199041428541e-10,16150.0,ASK
621,1712698230.2889402,463836.69298734,15630.0,-0.0,16150.0,ASK
622,1712698231.212682,463841.33640402,15630.0,-5.679791935454801e-10,16150.0,ASK
623,1712698231.2225113,463906.11653692,15620.0,-7.923856543052967e-09,16150.0,ASK
624,1712698260.22703,463909.47761748,15640.0,4.1112481550298254e-10,16150.0,BID
625,1712698260.4402494,463909.47761748,15640.0,0.0,16150.0,BID
626,1712698276.7857273,463914.82545507,15640.0,6.540524586174522e-10,16150.0,BID
627,1712698277.0227797,463915.82545507,15640.0,1.2230222919199303e-10,16150.0,BID
628,1712698290.430472,463915.82545507,15640.0,0.0,16150.0,BID
629,1712698303.132862,463931.17072363,15640.0,1.876737764735266e-09,16150.0,BID
630,1712698318.26284,463936.15097299,15640.0,6.090882030005045e-10,16150.0,BID
631,1712698320.2995837,463936.15097299,15640.0,0.0,16150.0,BID
632,1712698335.0031855,463937.15097299,15640.0,1.2229598953106028e-10,16150.0,BID
633,1712698337.6930275,463943.53197299,15640.0,7.80370709196955e-10,16150.0,BID
634,1712698342.333014,463944.53197299,15640.0,1.2229598953106028e-10,16150.0,BID
635,1712698350.307094,463944.53197299,15640.0,0.0,16150.0,BID
636,1712698355.5033498,464003.45577886,15640.0,7.2060296301517885e-09,16150.0,BID
637,1712698355.5089197,464019.54588099,15640.0,1.9677234182140606e-09,16150.0,BID
638,1712698363.6330435,464020.54588099,15640.0,1.2229402910684508e-10,16150.0,BID
639,1712698369.5934508,464025.39420478,15630.0,-5.92921050694558e-10,16150.0,ASK
640,1712698375.138658,464029.40901784,15640.0,4.909876652180768e-10,16150.0,BID
641,1712698380.3051455,464029.40901784,15640.0,0.0,16150.0,BID
642,1712698389.303661,464030.00646192,15650.0,7.305198469881303e-11,16150.0,BID
643,1712698389.3093438,464031.00646192,15650.0,1.222741795347907e-10,16150.0,BID
644,1712698409.823487,464031.64543955,15650.0,7.813046545003004e-11,16150.0,BID
645,1712698410.3069637,464031.64543955,15650.0,0.0,16150.0,BID
646,1712698440.4463477,464031.64543955,15650.0,0.0,16150.0,BID
647,1712698457.013618,464038.0352159,15650.0,7.813013169527485e-10,16150.0,BID
648,1712698458.153731,464066.06625936,15640.0,-3.427458172439693e-09,16150.0,ASK
649,1712698466.8634105,464097.37616351,15650.0,3.8283764573516385e-09,16150.0,BID
650,1712698470.436071,464097.37616351,15650.0,0.0,16150.0,BID
651,1712698481.5333257,464118.0712575,15650.0,2.530146650543923e-09,16150.0,BID
652,1712698484.0908923,464118.39854184,15650.0,4.001322135335136e-11,16150.0,BID
653,1712698499.4750326,464122.33782488,15650.0,4.816099793528823e-10,16150.0,BID
654,1712698499.478081,464128.93854183,15650.0,8.069923185779067e-10,16150.0,BID
655,1712698500.3299637,464128.93854183,15650.0,0.0,16150.0,BID
656,1712698500.6255636,464136.66940947,15650.0,9.4745223233484e-10,16150.0,BID
657,1712698500.6504548,464147.13793061,15650.0,1.2829638515621032e-09,16150.0,BID
658,1712698500.6783636,464168.98060444,15650.0,2.6769168797188563e-09,16150.0,BID
659,1712698500.903378,464192.60421473,15650.0,2.8951785682198237e-09,16150.0,BID
660,1712698501.223397,464211.46650065,15650.0,2.311657078358064e-09,16150.0,BID
661,1712698501.489984,464226.52706365,15650.0,1.8457390165077407e-09,16150.0,BID
662,1712698503.277196,464243.59050174,15650.0,2.091200271752874e-09,16150.0,BID
663,1712698503.3587537,464260.60324506,15650.0,2.084987402099622e-09,16150.0,BID
664,1712698503.456851,464273.36150626,15650.0,1.5635816854621483e-09,16150.0,BID
665,1712698503.5420332,464286.13836533,15650.0,1.5658609371949671e-09,16150.0,BID
666,1712698512.1636362,464465.47732187,15640.0,-2.1978787198384053e-08,16150.0,ASK
667,1712698512.168617,465540.44129446,15640.0,-1.317416185267995e-07,16150.0,ASK
668,1712698530.308729,465540.44129446,15640.0,-0.0,16150.0,ASK
669,1712698534.273734,465693.79708763,15640.0,-1.8743720151074552e-08,16150.0,ASK
670,1712698534.278199,465698.14274089,15640.0,-5.311420383566903e-10,16150.0,ASK
671,1712698560.4354334,465698.14274089,15640.0,-0.0,16150.0,ASK
672,1712698590.443597,465698.14274089,15640.0,-0.0,16150.0,ASK
673,1712698620.2985978,465698.14274089,15640.0,-0.0,16150.0,ASK
674,1712698623.447748,465709.15359836,15640.0,-1.3453827150237911e-09,16150.0,ASK
675,1712698650.3093104,465709.15359836,15640.0,-0.0,16150.0,ASK
676,1712698680.45799,465709.15359836,15640.0,-0.0,16150.0,ASK
677,1712698710.4358132,465709.15359836,15640.0,-0.0,16150.0,ASK
678,1712698719.6640224,465717.17271629,15640.0,-9.798106706584708e-10,16150.0,ASK
679,1712698740.2818525,465717.17271629,15640.0,-0.0,16150.0,ASK
680,1712698770.2990174,465717.17271629,15640.0,-0.0,16150.0,ASK
681,1712698778.7444346,465749.12159807,15650.0,-3.9035933698234884e-09,16150.0,ASK
682,1712698778.7508008,465767.51879387,15640.0,-2.247814870097089e-09,16150.0,ASK
683,1712698783.3640094,465768.51879387,15660.0,1.2218247251030384e-10,16150.0,BID
684,1712698800.3067594,465768.51879387,15660.0,0.0,16150.0,BID
685,1712698813.4531746,465787.67588199,15660.0,2.342324397913937e-09,16150.0,BID
686,1712698819.7532835,465791.33510337,15650.0,-4.4741055958470645e-10,16150.0,ASK
687,1712698821.622893,465801.29552929,15660.0,1.217854639484546e-09,16150.0,BID
688,1712698821.682918,465812.45585656,15660.0,1.3645657779221531e-09,16150.0,BID
689,1712698825.2732303,465812.77514136,15660.0,3.903873972467729e-11,16150.0,BID
690,1712698830.309452,465812.77514136,15660.0,0.0,16150.0,BID
691,1712698830.893167,465835.03497566,15660.0,2.7214645028100562e-09,16150.0,BID
692,1712698830.8996203,465835.67558566,15660.0,7.832032133111993e-11,16150.0,BID
693,1712698860.452257,465835.67558566,15660.0,0.0,16150.0,BID
694,1712698880.3220136,465837.77514136,15660.0,-2.566782717665344e-10,16150.0,ASK
695,1712698880.3291173,465845.42648235,15660.0,-9.354040866731759e-10,16150.0,ASK
696,1712698888.4714632,465879.0532834,15660.0,4.110997949921333e-09,16150.0,BID
697,1712698890.4340482,465879.0532834,15660.0,0.0,16150.0,BID
698,1712698920.3061988,465879.0532834,15660.0,0.0,16150.0,BID
699,1712698950.3002677,465879.0532834,15660.0,0.0,16150.0,BID
700,1712698952.800226,465879.6938934,15680.0,7.83103841733623e-11,16150.0,BID
701,1712698952.8126194,465880.00991605,15680.0,3.8631702795888254e-11,16150.0,BID
702,1712698980.446277,465880.00991605,15680.0,0.0,16150.0,BID
703,1712699010.4293306,465880.00991605,15680.0,0.0,16150.0,BID
704,1712699011.7492237,465880.64807814,15670.0,-7.801100013231923e-11,16150.0,ASK
705,1712699011.7561078,465901.70861412,15660.0,-2.574508108408174e-09,16150.0,ASK
706,1712699027.3247008,465902.34636922,15680.0,7.796124835666882e-11,16150.0,BID
707,1712699040.1370523,465911.51599259,15660.0,-1.120924450330522e-09,16150.0,ASK
708,1712699040.1399837,465912.14636922,15660.0,-7.7059280296407e-11,16150.0,ASK
709,1712699040.279417,465912.14636922,15660.0,-0.0,16150.0,ASK
710,1712699070.3194027,465912.14636922,15660.0,-0.0,16150.0,ASK
711,1712699100.3095543,465912.14636922,15660.0,-0.0,16150.0,ASK
712,1712699130.2808137,465912.14636922,15660.0,-0.0,16150.0,ASK
713,1712699160.441195,465912.14636922,15660.0,-0.0,16150.0,ASK
714,1712699190.449737,465912.14636922,15660.0,-0.0,16150.0,ASK
715,1712699197.3365371,465912.15456219,15660.0,-1.0047980109807269e-12,16150.0,ASK
716,1712699197.3414605,465983.65477659,15660.0,-8.768892492740652e-09,16150.0,ASK
717,1712699220.3120744,465983.65477659,15660.0,-0.0,16150.0,ASK
718,1712699250.295038,465983.65477659,15660.0,-0.0,16150.0,ASK
719,1712699280.4385004,465983.65477659,15660.0,-0.0,16150.0,ASK
720,1712699310.4449778,465983.65477659,15660.0,-0.0,16150.0,ASK
721,1712699312.6757236,465993.65477659,15700.0,1.2262464444167932e-09,16150.0,BID
722,1712699312.6821425,465994.29539659,15690.0,7.855579972469766e-11,16150.0,BID
723,1712699312.686774,466120.07703698,15700.0,1.5423928930113985e-08,16150.0,BID
724,1712699312.6894915,466283.65477659,15700.0,2.0058662158248333e-08,16150.0,BID
725,1712699338.8858173,466293.25528242,15690.0,1.177258613866665e-09,16150.0,BID
726,1712699340.3008747,466293.25528242,15690.0,0.0,16150.0,BID
727,1712699370.308915,466293.25528242,15690.0,0.0,16150.0,BID
728,1712699400.3563838,466293.25528242,15690.0,0.0,16150.0,BID
729,1712699430.2940862,466293.25528242,15690.0,0.0,16150.0,BID
730,1712699436.9638536,466329.28034296,15690.0,4.4198195181657966e-09,16150.0,BID
731,1712699460.4339292,466329.28034296,15690.0,0.0,16150.0,BID
732,1712699490.4362216,466329.28034296,15690.0,0.0,16150.0,BID
733,1712699520.3062963,466329.28034296,15690.0,0.0,16150.0,BID
734,1712699550.2888336,466329.28034296,15690.0,0.0,16150.0,BID
735,1712699564.183011,466339.28034296,15660.0,-1.2267885111350815e-09,16150.0,ASK
736,1712699564.542875,466348.96079025,15650.0,-1.187586151803449e-09,16150.0,ASK
737,1712699564.5489123,466349.28034296,15650.0,-3.920235933163208e-11,16150.0,ASK
738,1712699580.4228463,466349.28034296,15650.0,-0.0,16150.0,ASK
739,1712699610.4246073,466349.28034296,15650.0,-0.0,16150.0,ASK
740,1712699640.275067,466349.28034296,15650.0,-0.0,16150.0,ASK
741,1712699670.296562,466349.28034296,15650.0,-0.0,16150.0,ASK
742,1712699700.3056626,466349.28034296,15650.0,-0.0,16150.0,ASK
743,1712699730.3146484,466349.28034296,15650.0,-0.0,16150.0,ASK
744,1712699760.3557696,466349.28034296,15650.0,-0.0,16150.0,ASK
745,1712699790.292577,466349.28034296,15650.0,-0.0,16150.0,ASK
746,1712699820.431413,466349.28034296,15650.0,-0.0,16150.0,ASK
747,1712699846.6912682,466349.59989567,15650.0,-3.935714970577549e-11,16150.0,ASK
748,1712699846.7010725,466355.65789398,15650.0,-7.46122748786438e-10,16150.0,ASK
749,1712699850.4372396,466355.65789398,15650.0,-0.0,16150.0,ASK
750,1712699880.2960908,466355.65789398,15650.0,-0.0,16150.0,ASK
751,1712699884.411122,466356.15789398,15650.0,-6.158086704682205e-11,16150.0,ASK
752,1712699910.309832,466356.15789398,15650.0,-0.0,16150.0,ASK
753,1712699940.429078,466356.15789398,15650.0,-0.0,16150.0,ASK
754,1712699970.4457264,466356.15789398,15650.0,-0.0,16150.0,ASK
755,1712699989.8607073,466357.94360826,15680.0,2.1993145536801315e-10,16150.0,BID
756,1712700000.3734083,466357.94360826,15680.0,0.0,16150.0,BID
757,1712700030.3203442,466357.94360826,15680.0,0.0,16150.0,BID
758,1712700052.8403766,466358.58136336,15680.0,7.878204402457891e-11,16150.0,BID
759,1712700058.420496,466359.21911846,15680.0,7.878204403176932e-11,16150.0,BID
760,1712700060.4302735,466359.21911846,15680.0,0.0,16150.0,BID
761,1712700065.4654772,466359.85728055,15670.0,-7.883212483642619e-11,16150.0,ASK
762,1712700065.4749098,466360.85728055,15660.0,-1.2352994023699578e-10,16150.0,ASK
763,1712700065.4778545,466361.49585015,15660.0,-7.888246452603083e-11,16150.0,ASK
764,1712700065.480762,466364.92703316,15650.0,-4.2385383216632056e-10,16150.0,ASK
765,1712700090.432204,466364.92703316,15650.0,-0.0,16150.0,ASK
766,1712700101.7704208,466472.98210404,15650.0,-1.3347889108901593e-08,16150.0,ASK
767,1712700101.7757463,466677.14260388,15650.0,-2.5219655959594377e-08,16150.0,ASK
768,1712700120.2804277,466677.14260388,15650.0,-0.0,16150.0,ASK
769,1712700150.2866156,466677.14260388,15650.0,-0.0,16150.0,ASK
770,1712700180.4283376,466677.14260388,15650.0,-0.0,16150.0,ASK
771,1712700210.4321997,466677.14260388,15650.0,-0.0,16150.0,ASK
772,1712700240.2936318,466677.14260388,15650.0,-0.0,16150.0,ASK
773,1712700270.277862,466677.14260388,15650.0,-0.0,16150.0,ASK
774,1712700300.421738,466677.14260388,15650.0,-0.0,16150.0,ASK
775,1712700318.5796802,466677.78076597,15670.0,-7.899676359199636e-11,16150.0,ASK
776,1712700318.5827422,466682.31057445,15660.0,-5.60735611268237e-10,16150.0,ASK
777,1712700324.4594605,466684.22383975,15680.0,2.36839149434436e-10,16150.0,BID
778,1712700330.4235888,466684.22383975,15680.0,0.0,16150.0,BID
779,1712700331.739558,466690.32383975,15660.0,-7.550959984716311e-10,16150.0,ASK
780,1712700357.1898088,466690.33260087,15660.0,-1.0845060052264952e-12,16150.0,ASK
781,1712700357.1978016,466699.32383975,15660.0,-1.112991557307195e-09,16150.0,ASK
782,1712700360.3002737,466699.32383975,15660.0,-0.0,16150.0,ASK
783,1712700390.2896304,466699.32383975,15660.0,-0.0,16150.0,ASK
784,1712700390.68951,466699.96200184,15670.0,7.899336653967439e-11,16150.0,BID
785,1712700420.421566,466699.96200184,15670.0,0.0,16150.0,BID
786,1712700450.442888,466699.96200184,15670.0,0.0,16150.0,BID
787,1712700480.27308,466699.96200184,15670.0,0.0,16150.0,BID
788,1712700510.3072052,466699.96200184,15670.0,0.0,16150.0,BID
789,1712700524.479386,466754.69528569,15680.0,6.775020122898337e-09,16150.0,BID
790,1712700524.487399,466799.72079591,15680.0,5.573368092073666e-09,16150.0,BID
791,1712700540.438871,466799.72079591,15680.0,0.0,16150.0,BID
792,1712700544.828896,466800.72079591,15680.0,1.2375849030969613e-10,16150.0,BID
793,1712700570.4412043,466800.72079591,15680.0,0.0,16150.0,BID
794,1712700573.669119,466837.97308485,15680.0,4.610278093399277e-09,16150.0,BID
795,1712700573.6790257,466846.01531121,15680.0,9.952918616462147e-10,16150.0,BID
796,1712700576.423061,466856.0087659,15670.0,-1.2367724654117043e-09,16150.0,ASK
797,1712700576.4288018,466856.98692799,15670.0,-1.2105562862449378e-10,16150.0,ASK
798,1712700576.4325414,466858.15531121,15670.0,-1.4459706281945223e-10,16150.0,ASK
799,1712700600.2992597,466858.15531121,15670.0,-0.0,16150.0,ASK
800,1712700603.298889,466858.16185652,15670.0,-8.10991803750621e-13,16150.0,ASK
801,1712700611.1289282,466859.13298741,15670.0,1.20327256639425e-10,16150.0,BID
802,1712700612.4289348,466862.32379787,15670.0,3.9535501656636807e-10,16150.0,BID
803,1712700630.2770352,466862.32379787,15670.0,0.0,16150.0,BID
804,1712700660.4460323,466862.32379787,15670.0,0.0,16150.0,BID
805,1712700664.5487463,466862.32550823,15660.0,-2.1191917869841825e-13,16150.0,ASK
806,1712700664.5535953,466874.78379787,15660.0,-1.543622695607472e-09,16150.0,ASK
807,1712700689.799054,466875.14341287,15660.0,-4.455747070895345e-11,16150.0,ASK
808,1712700689.8058631,466875.1512484,15660.0,-9.708477050101953e-13,16150.0,ASK
809,1712700690.4339497,466875.1512484,15660.0,-0.0,16150.0,ASK
810,1712700720.2944684,466875.1512484,15660.0,-0.0,16150.0,ASK
811,1712700722.3601265,466877.1512484,15650.0,-2.4780035162015216e-10,16150.0,ASK
812,1712700722.3678064,467026.41157921,15650.0,-1.84933812288337e-08,16150.0,ASK
813,1712700722.3738406,467037.05055684,15650.0,-1.318171198797171e-09,16150.0,ASK
814,1712700738.5687866,467039.05055684,15660.0,2.4780035162015216e-10,16150.0,BID
815,1712700749.909702,467041.05055684,15660.0,2.4780035162015216e-10,16150.0,BID
816,1712700750.283646,467041.05055684,15660.0,0.0,16150.0,BID
817,1712700777.588528,467041.68912644,15650.0,7.909344213296886e-11,16150.0,BID
818,1712700780.438658,467041.68912644,15650.0,0.0,16150.0,BID
819,1712700801.8986487,467043.68912644,15650.0,2.477203557344032e-10,16150.0,BID
820,1712700810.4500349,467043.68912644,15650.0,0.0,16150.0,BID
821,1712700840.3087864,467043.68912644,15650.0,0.0,16150.0,BID
822,1712700870.2732606,467043.68912644,15650.0,0.0,16150.0,BID
823,1712700900.3174129,467043.68912644,15650.0,0.0,16150.0,BID
824,1712700914.459108,467044.32851262,15640.0,-7.942655140645224e-11,16150.0,ASK
825,1712700914.46543,467065.97456874,15640.0,-2.688940804251742e-09,16150.0,ASK
826,1712700930.284268,467065.97456874,15640.0,-0.0,16150.0,ASK
827,1712700946.349184,467385.14704196,15640.0,-3.964688645449442e-08,16150.0,ASK
828,1712700946.3562064,467396.42456874,15640.0,-1.400869001091051e-09,16150.0,ASK
829,1712700950.2193203,467399.16072848,15650.0,3.398796062810881e-10,16150.0,BID
830,1712700960.4291997,467399.16072848,15650.0,0.0,16150.0,BID
831,1712700990.4392023,467399.16072848,15650.0,0.0,16150.0,BID
832,1712701013.9068177,467401.37676681,15650.0,2.750932255528556e-10,16150.0,BID
833,1712701020.3016713,467401.37676681,15650.0,0.0,16150.0,BID
834,1712701041.1037383,467401.37801239,15640.0,-1.5462238749818957e-13,16150.0,ASK
835,1712701041.1087475,467404.56757727,15640.0,-3.959425708374338e-10,16150.0,ASK
836,1712701050.2833369,467404.56757727,15640.0,-0.0,16150.0,ASK
837,1712701080.4616678,467404.56757727,15640.0,-0.0,16150.0,ASK
838,1712701110.4329531,467404.56757727,15640.0,-0.0,16150.0,ASK
839,1712701113.6728504,467407.24647948,15640.0,-3.3254845004608004e-10,16150.0,ASK
1040,1712701116.3195956,467409.16463804,15650.0,2.3811270664660436e-10,16150.0,BID
840,1712701116.3195956,467409.16463804,15650.0,2.381127066466044e-10,16150.0,BID
841,1712701132.480356,467414.50195489,15650.0,6.625536532157786e-10,16150.0,BID
842,1712701132.4855783,467483.37760904,15650.0,8.549954510384612e-09,16150.0,BID
843,1712701132.5595858,467483.37760906,15650.0,2.478405333116805e-18,16150.0,BID
844,1712701140.3127189,467483.37760906,15650.0,0.0,16150.0,BID
845,1712701150.2999923,467542.06760906,15660.0,7.284431943752019e-09,16150.0,BID
846,1712701170.2938805,467542.06760906,15660.0,0.0,16150.0,BID
847,1712701188.7898705,467544.62188747,15660.0,3.1699343955498467e-10,16150.0,BID
848,1712701200.322038,467544.62188747,15660.0,0.0,16150.0,BID
849,1712701230.2901618,467544.62188747,15660.0,0.0,16150.0,BID
850,1712701235.0601926,467625.72022667,15660.0,1.008340205594874e-08,16150.0,BID
851,1712701243.3998628,467627.13410917,15660.0,1.7579577890594628e-10,16150.0,BID
852,1712701260.4304368,467627.13410917,15660.0,0.0,16150.0,BID
853,1712701276.0999925,467642.06760906,15660.0,1.8564658259185502e-09,16150.0,BID
854,1712701290.4438815,467642.06760906,15660.0,0.0,16150.0,BID
855,1712701320.2877512,467642.06760906,15660.0,0.0,16150.0,BID
856,1712701350.2855446,467642.06760906,15660.0,0.0,16150.0,BID
857,1712701380.4527397,467642.06760906,15660.0,0.0,16150.0,BID
858,1712701410.4550295,467642.06760906,15660.0,0.0,16150.0,BID
859,1712701440.3028712,467642.06760906,15660.0,0.0,16150.0,BID
860,1712701470.2947574,467642.06760906,15660.0,0.0,16150.0,BID
861,1712701500.424203,467642.06760906,15660.0,0.0,16150.0,BID
862,1712701530.4333122,467642.06760906,15660.0,0.0,16150.0,BID
863,1712701560.300864,467642.06760906,15660.0,0.0,16150.0,BID
864,1712701590.2905447,467642.06760906,15660.0,0.0,16150.0,BID
865,1712701602.8308306,467647.43703581,15700.0,6.683031833505781e-10,16150.0,BID
866,1712701602.8385303,467648.43703581,15690.0,1.2446453121719975e-10,16150.0,BID
867,1712701620.420585,467648.43703581,15690.0,0.0,16150.0,BID
868,1712701648.8633444,467649.39244982,15700.0,1.1891367696488042e-10,16150.0,BID
869,1712701650.4344285,467649.39244982,15700.0,0.0,16150.0,BID
870,1712701660.9710991,467718.28025236,15700.0,8.573965337616387e-09,16150.0,BID
871,1712701662.510424,467724.64967911,15700.0,7.92756368491516e-10,16150.0,BID
872,1712701680.295798,467724.64967911,15700.0,0.0,16150.0,BID
873,1712701710.2906103,467724.64967911,15700.0,0.0,16150.0,BID
874,1712701713.2036326,467729.86284931,15680.0,-6.487500951206605e-10,16150.0,ASK
875,1712701713.2110574,467959.25769007,15680.0,-2.8546914651500096e-08,16150.0,ASK
876,1712701713.2149842,468330.90131815,15680.0,-4.624898666605408e-08,16150.0,ASK
877,1712701713.250522,468336.83146856,15670.0,7.379743025759991e-10,16150.0,BID
878,1712701713.2705798,468342.74146856,15700.0,7.354666959043714e-10,16150.0,BID
879,1712701721.8613782,468344.74146856,15700.0,2.488888987818325e-10,16150.0,BID
880,1712701740.4346206,468344.74146856,15700.0,0.0,16150.0,BID
881,1712701770.4354453,468344.74146856,15700.0,0.0,16150.0,BID
882,1712701800.3647375,468344.74146856,15700.0,0.0,16150.0,BID
883,1712701830.294864,468344.74146856,15700.0,0.0,16150.0,BID
884,1712701853.1106777,468345.37760087,15700.0,7.933591440099422e-11,16150.0,BID
885,1712701860.4813576,468345.37760087,15700.0,0.0,16150.0,BID
886,1712701874.4192195,468346.94917562,15700.0,1.960003643681752e-10,16150.0,BID
887,1712701874.4225943,468347.10834517,15710.0,1.9850974187074584e-11,16150.0,BID
888,1712701874.4257982,468348.56221286,15700.0,1.8132042206794128e-10,16150.0,BID
889,1712701890.4208653,468348.56221286,15700.0,0.0,16150.0,BID
890,1712701920.3020327,468348.56221286,15700.0,0.0,16150.0,BID
891,1712701950.2947507,468348.56221286,15700.0,0.0,16150.0,BID
892,1712701980.274698,468348.56221286,15700.0,0.0,16150.0,BID
893,1712702010.2908587,468348.56221286,15700.0,0.0,16150.0,BID
894,1712702015.6208386,468354.93163961,15700.0,7.94363856399246e-10,16150.0,BID
895,1712702040.4231198,468354.93163961,15700.0,0.0,16150.0,BID
896,1712702070.4506862,468354.93163961,15700.0,0.0,16150.0,BID
897,1712702100.3146636,468354.93163961,15700.0,0.0,16150.0,BID
898,1712702113.7108357,468354.93163962,15700.0,1.2585416385200253e-18,16150.0,BID
899,1712702115.1206243,468355.56858228,15700.0,-8.006806472658723e-11,16150.0,ASK
900,1712702122.8509288,468358.61206763,15700.0,3.8258700082253216e-10,16150.0,BID
901,1712702130.2848835,468358.61206763,15700.0,0.0,16150.0,BID
902,1712702133.361331,468360.97883268,15710.0,2.9751645262916533e-10,16150.0,BID
903,1712702133.3688087,468361.61740268,15710.0,8.027204946246524e-11,16150.0,BID
904,1712702133.3720908,468362.17340968,15720.0,6.989338899044865e-11,16150.0,BID
905,1712702133.37538,468389.74817447,15730.0,3.466312045821446e-09,16150.0,BID
906,1712702133.378666,468390.38674447,15730.0,8.027204946246524e-11,16150.0,BID
907,1712702142.4909208,468390.70548251,15690.0,-4.0067268602152586e-11,16150.0,ASK
908,1712702142.500797,468418.83505083,15690.0,-3.536054151471642e-09,16150.0,ASK
909,1712702142.506382,468428.53041898,15700.0,-1.2187654786204123e-09,16150.0,ASK
910,1712702160.4446356,468428.53041898,15700.0,-0.0,16150.0,ASK
911,1712702190.424894,468428.53041898,15700.0,-0.0,16150.0,ASK
912,1712702220.3007915,468428.53041898,15700.0,-0.0,16150.0,ASK
913,1712702220.61371,468428.95522298,15720.0,5.339301929549069e-11,16150.0,BID
914,1712702220.6172168,468429.16641694,15730.0,2.654467279108464e-11,16150.0,BID
915,1712702250.285684,468429.16641694,15730.0,0.0,16150.0,BID
916,1712702252.6610367,468431.28624874,15700.0,-2.664383526011395e-10,16150.0,ASK
917,1712702252.6685672,468495.45617564,15690.0,-8.065418025058911e-09,16150.0,ASK
918,1712702280.4405744,468495.45617564,15690.0,-0.0,16150.0,ASK
919,1712702310.4341326,468495.45617564,15690.0,-0.0,16150.0,ASK
920,1712702340.309427,468495.45617564,15690.0,-0.0,16150.0,ASK
921,1712702370.3008816,468495.45617564,15690.0,-0.0,16150.0,ASK
922,1712702400.3245947,468495.45617564,15690.0,-0.0,16150.0,ASK
923,1712702430.2813869,468495.45617564,15690.0,-0.0,16150.0,ASK
924,1712702460.440768,468495.45617564,15690.0,-0.0,16150.0,ASK
925,1712702477.3409271,468501.82966193,15690.0,-8.039221585279106e-10,16150.0,ASK
926,1712702477.3506572,468747.49424699,15690.0,-3.098699746253273e-08,16150.0,ASK
927,1712702477.3548875,468802.84967359,15700.0,-6.982278146325103e-09,16150.0,ASK
928,1712702477.3606608,468804.12437084,15690.0,-1.6078443070265862e-10,16150.0,ASK
929,1712702490.430694,468804.12437084,15690.0,-0.0,16150.0,ASK
930,1712702520.2935123,468804.12437084,15690.0,-0.0,16150.0,ASK
931,1712702550.2918582,468804.12437084,15690.0,-0.0,16150.0,ASK
932,1712702580.440893,468804.12437084,15690.0,-0.0,16150.0,ASK
933,1712702610.4333208,468804.12437084,15690.0,-0.0,16150.0,ASK
934,1712702640.270947,468804.12437084,15690.0,-0.0,16150.0,ASK
935,1712702670.3108342,468804.12437084,15690.0,-0.0,16150.0,ASK
936,1712702673.2006607,468804.44680797,15720.0,4.064589974294646e-11,16150.0,BID
937,1712702673.2065225,468807.12437084,15720.0,3.3752921687300314e-10,16150.0,BID
938,1712702700.3348055,468807.12437084,15720.0,0.0,16150.0,BID
939,1712702721.97088,468959.30718968,15720.0,1.9276704630453683e-08,16150.0,BID
940,1712702721.978785,468997.96406549,15720.0,4.89659202402599e-09,16150.0,BID
941,1712702730.307717,468997.96406549,15720.0,0.0,16150.0,BID
942,1712702737.500805,469188.80376014,15720.0,2.416411418904028e-08,16150.0,BID
943,1712702748.500499,469191.98837213,15710.0,-4.0323543755019357e-10,16150.0,ASK
944,1712702760.4406192,469191.98837213,15710.0,-0.0,16150.0,ASK
945,1712702776.0310314,469193.98837213,15720.0,2.531421545503243e-10,16150.0,BID
946,1712702785.380734,469194.30643828,15720.0,4.025797524393824e-11,16150.0,BID
947,1712702787.6707642,469210.21794328,15710.0,-2.0139363289223563e-09,16150.0,ASK
948,1712702790.43295,469210.21794328,15710.0,-0.0,16150.0,ASK
949,1712702794.380627,469212.21794328,15720.0,2.5313297817869576e-10,16150.0,BID
950,1712702805.2130592,469212.85407559,15720.0,8.051303306919719e-11,16150.0,BID
951,1712702815.6104608,469214.85407559,15720.0,2.5313297817869576e-10,16150.0,BID
952,1712702820.2885404,469214.85407559,15720.0,0.0,16150.0,BID
953,1712702833.4104052,469216.85407559,15720.0,2.531306432596952e-10,16150.0,BID
954,1712702850.2855048,469216.85407559,15720.0,0.0,16150.0,BID
955,1712702863.940627,469218.85407559,15720.0,2.5312963600277664e-10,16150.0,BID
956,1712702872.2706122,469219.85407559,15720.0,1.2656481800138832e-10,16150.0,BID
957,1712702879.090732,469220.85407559,15720.0,1.2656481800138832e-10,16150.0,BID
958,1712702880.4407046,469220.85407559,15720.0,0.0,16150.0,BID
959,1712702885.7709472,469221.85407559,15720.0,1.2656381075649396e-10,16150.0,BID
960,1712702891.5908897,469222.85407559,15720.0,1.2656381075649396e-10,16150.0,BID
961,1712702903.8714523,469223.85407559,15720.0,1.2656381075649396e-10,16150.0,BID
962,1712702904.037588,469414.69377024,15720.0,2.415339899851334e-08,16150.0,BID
963,1712702910.434224,469414.69377024,15720.0,0.0,16150.0,BID
964,1712702911.4613442,469415.69377024,15720.0,1.2651501895131362e-10,16150.0,BID
965,1712702940.3145654,469415.69377024,15720.0,0.0,16150.0,BID
966,1712702946.0822906,469416.69377024,15720.0,1.2651476733670772e-10,16150.0,BID
967,1712702953.512179,469417.69377024,15720.0,1.2651476733670772e-10,16150.0,BID
968,1712702960.372537,469418.69377024,15720.0,1.2651476733670772e-10,16150.0,BID
969,1712702967.9223225,469419.69377024,15720.0,1.2651476733670772e-10,16150.0,BID
970,1712702970.3138795,469419.69377024,15720.0,0.0,16150.0,BID
971,1712702974.862647,469420.69377024,15720.0,1.2651376088829229e-10,16150.0,BID
972,1712702976.5325077,469427.05509339,15720.0,8.047949159311479e-10,16150.0,BID
973,1712702981.0626354,469428.05509339,15720.0,1.2651376088829229e-10,16150.0,BID
974,1712702995.252905,469428.05509352,15710.0,-1.6443968521405288e-17,16150.0,ASK
975,1712702995.2590923,469429.01991681,15710.0,-1.22063423011425e-10,16150.0,ASK
976,1712703000.3862684,469429.01991681,15710.0,-0.0,16150.0,ASK
977,1712703012.833305,469437.28684491,15710.0,-1.052299168170944e-09,16150.0,ASK
978,1712703017.8132255,469445.26386144,15720.0,1.015396258130873e-09,16150.0,BID
979,1712703025.5438857,469461.48604348,15710.0,-2.0649252612393277e-09,16150.0,ASK
980,1712703028.713493,469471.55133929,15710.0,-1.2812138051882703e-09,16150.0,ASK
981,1712703028.7738545,469481.64641932,15710.0,-1.2850050453673743e-09,16150.0,ASK
982,1712703030.2971854,469481.64641932,15710.0,-0.0,16150.0,ASK
983,1712703035.453834,469501.80696033,15720.0,2.56596980951618e-09,16150.0,BID
984,1712703044.1236012,469516.6173498,15710.0,-1.885019465918278e-09,16150.0,ASK
985,1712703060.4165392,469516.6173498,15710.0,-0.0,16150.0,ASK
986,1712703066.353691,469518.6173498,15720.0,2.5453586085950367e-10,16150.0,BID
987,1712703085.155111,469520.6173498,15720.0,2.5453586085950367e-10,16150.0,BID
988,1712703090.438854,469520.6173498,15720.0,0.0,16150.0,BID
989,1712703092.7549317,469525.83991394,15710.0,-6.646596106226269e-10,16150.0,ASK
990,1712703092.7628262,469557.6667758,15710.0,-4.0505064263825484e-09,16150.0,ASK
991,1712703092.8559012,469557.66677581,15710.0,-1.2741603922080993e-18,16150.0,ASK
992,1712703120.300049,469557.66677581,15710.0,-0.0,16150.0,ASK
993,1712703122.085579,469585.69870636,15710.0,3.56727299078031e-09,16150.0,BID
994,1712703137.3952825,469588.69870636,15710.0,3.8177245599448497e-10,16150.0,BID
995,1712703142.3955104,469595.06407873,15710.0,8.10041281004422e-10,16150.0,BID
996,1712703144.8652992,469601.43350549,15700.0,-8.10557232481702e-10,16150.0,ASK
997,1712703150.2836866,469601.43350549,15700.0,-0.0,16150.0,ASK
998,1712703175.6764312,469725.06407873,15700.0,-1.5731539492474498e-08,16150.0,ASK
999,1712703175.682206,469744.63350549,15700.0,-2.490138174177323e-09,16150.0,ASK
1000,1712703175.8360405,469744.64345786,15700.0,-1.2664027754734546e-12,16150.0,ASK
1201,1712703180.43601,469744.64345786,15700.0,-0.0,16150.0,ASK
1202,1712703182.866397,469757.8288728,15690.0,-1.6773160757678095e-09,16150.0,ASK
1203,1712703182.8691432,469764.20235909,15690.0,-8.10770920864139e-10,16150.0,ASK
1204,1712703182.8717625,469766.20235909,15690.0,-2.5441991524727967e-10,16150.0,ASK
1205,1712703182.8744133,469783.17910333,15680.0,-2.159610915362025e-09,16150.0,ASK
1206,1712703210.446308,469783.17910333,15680.0,-0.0,16150.0,ASK
1207,1712703240.2937376,469783.17910333,15680.0,-0.0,16150.0,ASK
1208,1712703270.309676,469783.17910333,15680.0,-0.0,16150.0,ASK
1209,1712703300.4209037,469783.17910333,15680.0,-0.0,16150.0,ASK
1210,1712703330.45212,469783.17910333,15680.0,-0.0,16150.0,ASK
1211,1712703333.4879577,469787.51119702,15680.0,-5.54942463765202e-10,16150.0,ASK
1212,1712703333.497727,469802.42220788,15680.0,-1.910104835216877e-09,16150.0,ASK
1213,1712703360.3026018,469802.42220788,15680.0,-0.0,16150.0,ASK
1214,1712703390.3011143,469802.42220788,15680.0,-0.0,16150.0,ASK
1215,1712703402.5583615,469802.74067921,15700.0,4.0794693357805366e-11,16150.0,BID
1216,1712703420.2904344,469802.74067921,15700.0,0.0,16150.0,BID
1217,1712703430.7947452,469816.5136792,15680.0,-1.7642559893073735e-09,16150.0,ASK
1218,1712703450.2819655,469816.5136792,15680.0,-0.0,16150.0,ASK
1219,1712703454.7795274,469836.15965889,15700.0,2.516487225185172e-09,16150.0,BID
1220,1712703454.782945,469838.8629492,15700.0,3.4626909110231227e-10,16150.0,BID
1221,1712703463.2389607,469858.36635239,15680.0,-2.4982243568314686e-09,16150.0,ASK
1222,1712703463.248968,469881.72504088,15680.0,-2.992054461514589e-09,16150.0,ASK
1223,1712703480.4290128,469881.72504088,15680.0,-0.0,16150.0,ASK
1224,1712703510.4436486,469881.72504088,15680.0,-0.0,16150.0,ASK
1225,1712703540.3222392,469881.72504088,15680.0,-0.0,16150.0,ASK
1226,1712703570.2847357,469881.72504088,15680.0,-0.0,16150.0,ASK
1227,1712703580.3936932,469885.71478296,15680.0,-5.10985948246683e-10,16150.0,ASK
1228,1712703580.3951976,469913.71920069,15680.0,-3.586663915051766e-09,16150.0,ASK
1229,1712703594.3801892,469926.92823123,15680.0,-1.6917456969655702e-09,16150.0,ASK
1230,1712703600.4419231,469926.92823123,15680.0,-0.0,16150.0,ASK
1231,1712703630.2979195,469926.92823123,15680.0,-0.0,16150.0,ASK
1232,1712703637.3503072,469938.33724459,15680.0,-1.4657258803380827e-09,16150.0,ASK
1233,1712703660.4137435,469938.33724459,15680.0,-0.0,16150.0,ASK
1234,1712703690.4445932,469938.33724459,15680.0,-0.0,16150.0,ASK
1235,1712703720.3024893,469938.33724459,15680.0,-0.0,16150.0,ASK
1236,1712703750.304518,469938.33724459,15680.0,-0.0,16150.0,ASK
1237,1712703763.641093,469948.30763974,15690.0,1.2808759084437267e-09,16150.0,BID
1238,1712703780.4417207,469948.30763974,15690.0,0.0,16150.0,BID
1239,1712703810.4494796,469948.30763974,15690.0,0.0,16150.0,BID
1240,1712703837.5818307,469954.68112603,15690.0,8.187720604653361e-10,16150.0,BID
1241,1712703840.335163,469954.68112603,15690.0,0.0,16150.0,BID
1242,1712703866.6232138,469955.28112603,15690.0,7.707821167371818e-11,16150.0,BID
1243,1712703870.2916584,469955.28112603,15690.0,0.0,16150.0,BID
1244,1712703871.1214848,469961.65461232,15700.0,8.187605520437297e-10,16150.0,BID
1245,1712703874.1518395,469974.40112603,15690.0,-1.6374621560313811e-09,16150.0,ASK
1246,1712703874.1545413,469980.17461232,15690.0,-7.41682433592462e-10,16150.0,ASK
1247,1712703891.1923697,469981.17461232,15700.0,1.2846353075709776e-10,16150.0,BID
1248,1712703900.1824198,469981.1750712,15690.0,-5.894934221849071e-14,16150.0,ASK
1249,1712703900.456161,469981.1750712,15690.0,-0.0,16150.0,ASK
1250,1712703900.611003,469982.1750712,15690.0,1.2928252055821048e-10,16150.0,BID
1251,1712703910.962457,470004.42260906,15680.0,-2.876217770755864e-09,16150.0,ASK
1252,1712703921.1319957,470005.42260906,15690.0,1.2928252055821048e-10,16150.0,BID
1253,1712703930.442964,470005.42260906,15690.0,0.0,16150.0,BID
1254,1712703937.9722996,470018.3109236,15680.0,-1.666151888145759e-09,16150.0,ASK
1255,1712703937.9745784,470082.2270588,15680.0,-8.262832895346726e-09,16150.0,ASK
1256,1712703937.976889,470520.68260906,15680.0,-5.6681852438340665e-08,16150.0,ASK
1257,1712703938.1154544,470781.73162566,15690.0,3.3747415967974675e-08,16150.0,BID
1258,1712703960.3068082,470781.73162566,15690.0,0.0,16150.0,BID
1259,1712703990.268355,470781.73162566,15690.0,0.0,16150.0,BID
1260,1712704020.42268,470781.73162566,15690.0,0.0,16150.0,BID
1261,1712704021.874351,470781.73388788,15680.0,-2.919915489283892e-13,16150.0,ASK
1262,1712704021.8774805,470785.24162566,15670.0,-4.5275427624043724e-10,16150.0,ASK
1263,1712704039.69796,470785.2422478,15670.0,-8.030148431429139e-14,16150.0,ASK
1264,1712704044.6023705,470786.51467436,15660.0,-1.6423592707729034e-10,16150.0,ASK
1265,1712704044.6119246,470860.37163476,15660.0,-9.53294024484378e-09,16150.0,ASK
1266,1712704044.6153188,470888.2922478,15660.0,-3.603797587499153e-09,16150.0,ASK
1267,1712704046.7019782,470894.8200555,15660.0,-8.425637935447542e-10,16150.0,ASK
1268,1712704046.7048233,470929.5021518,15660.0,-4.476522589113268e-09,16150.0,ASK
1269,1712704050.5760548,470929.5021518,15660.0,-0.0,16150.0,ASK
1270,1712704064.9633102,470930.10152966,15670.0,7.734040411754e-11,16150.0,BID
1271,1712704064.965763,470933.37468904,15670.0,4.2235038378911517e-10,16150.0,BID
1272,1712704080.3078544,470933.37468904,15670.0,0.0,16150.0,BID
1273,1712704094.7108674,470935.37468904,15670.0,2.580669180518525e-10,16150.0,BID
1274,1712704101.4739437,470937.37468904,15670.0,2.580669180518525e-10,16150.0,BID
1275,1712704110.312989,470937.37468904,15670.0,0.0,16150.0,BID
1276,1712704140.3328533,470937.37468904,15670.0,0.0,16150.0,BID
1277,1712704143.922856,470947.37468904,15670.0,1.2903241543533592e-09,16150.0,BID
1278,1712704150.7632372,470960.65576535,15670.0,1.713689355856401e-09,16150.0,BID
1279,1712704170.306565,470960.65576535,15670.0,0.0,16150.0,BID
1280,1712704172.623047,470986.67144245,15670.0,-3.3567076454693996e-09,16150.0,ASK
1281,1712704178.1630428,471047.37468904,15670.0,-7.832317842422714e-09,16150.0,ASK
1282,1712704189.183652,471049.37468904,15670.0,2.580526835846433e-10,16150.0,BID
1283,1712704189.7633083,471049.69377008,15670.0,4.1169859324276366e-11,16150.0,BID
1284,1712704200.3379498,471049.69377008,15670.0,0.0,16150.0,BID
1285,1712704230.3231874,471049.69377008,15670.0,0.0,16150.0,BID
1286,1712704258.5901427,471075.4080558,15660.0,-3.321211571858734e-09,16150.0,ASK
1287,1712704259.1231437,471081.78967673,15670.0,8.242388495891393e-10,16150.0,BID
1288,1712704260.4371223,471081.78967673,15670.0,0.0,16150.0,BID
1289,1712704277.6711824,471083.78967673,15670.0,2.5829968516705173e-10,16150.0,BID
1290,1712704286.993578,471085.78967673,15670.0,2.5829968516705173e-10,16150.0,BID
1291,1712704290.4432764,471085.78967673,15670.0,0.0,16150.0,BID
1292,1712704293.903398,471087.78967673,15670.0,2.5829759421906283e-10,16150.0,BID
1293,1712704300.3635223,471089.78967673,15670.0,2.5829759421906283e-10,16150.0,BID
1294,1712704320.2967222,471089.78967673,15670.0,0.0,16150.0,BID
1295,1712704323.883665,471091.704163,15670.0,2.4725159733877684e-10,16150.0,BID
1296,1712704326.3986788,471123.25749649,15660.0,-4.075042077378933e-09,16150.0,ASK
1297,1712704326.4012444,471129.64727284,15650.0,-8.25225249164454e-10,16150.0,ASK
1298,1712704326.404083,471134.36401405,15650.0,-6.091565223936443e-10,16150.0,ASK
1299,1712704326.4065166,471165.95332152,15660.0,-4.079688036010708e-09,16150.0,ASK
1300,1712704326.408986,471189.13490978,15650.0,-2.993850003511006e-09,16150.0,ASK
1301,1712704326.4109898,471201.91446249,15650.0,-1.6504504996218999e-09,16150.0,ASK
1302,1712704326.4136045,471233.42684398,15650.0,-4.0697532186444146e-09,16150.0,ASK
1303,1712704326.4151628,471302.10548583,15650.0,-8.869692181473856e-09,16150.0,ASK
1304,1712704326.416607,471347.97611935,15650.0,-5.924089185983573e-09,16150.0,ASK
1305,1712704326.4339209,471370.42616496,15650.0,-2.899372915029505e-09,16150.0,ASK
1306,1712704326.4371035,471376.79965126,15650.0,-8.231214258326545e-10,16150.0,ASK
1307,1712704326.4398592,471377.43862889,15650.0,-8.252252427145352e-11,16150.0,ASK
1308,1712704326.4432986,471390.2181816,15650.0,-1.650450499614382e-09,16150.0,ASK
1309,1712704350.3099246,471390.2181816,15650.0,-0.0,16150.0,ASK
1310,1712704350.4042008,471390.85756778,15640.0,-8.252516994869433e-11,16150.0,ASK
1311,1712704350.4058895,471392.9553555,15640.0,-2.7076013450713693e-10,16150.0,ASK
1312,1712704350.4073946,471429.94760106,15640.0,-4.7745657428364714e-09,16150.0,ASK
1313,1712704357.8044007,471430.94760106,15630.0,-1.290693676623077e-10,16150.0,ASK
1314,1712704357.8060951,471432.22719158,15630.0,-1.6515593928543846e-10,16150.0,ASK
1315,1712704357.8137949,471514.06913762,15630.0,-1.0563288223634104e-08,16150.0,ASK
1316,1712704357.903864,471519.68740404,15630.0,7.25146094191834e-10,16150.0,BID
1317,1712704359.293772,471530.77526154,15630.0,1.431102756256028e-09,16150.0,BID
1318,1712704363.2436984,471531.34983299,15620.0,-7.415957372184522e-11,16150.0,ASK
1319,1712704378.3040724,471538.39587099,15630.0,9.094276691884004e-10,16150.0,BID
1320,1712704380.446344,471538.39587099,15630.0,0.0,16150.0,BID
1321,1712704410.460425,471538.39587099,15630.0,0.0,16150.0,BID
1322,1712704420.8257458,471538.39587132,15630.0,4.2577480815945826e-17,16150.0,BID
1323,1712704420.82795,471573.5554314,15630.0,4.5366658261555524e-09,16150.0,BID
1324,1712704421.2104266,471588.77130417,15630.0,1.963316089668298e-09,16150.0,BID
1325,1712704421.213672,471604.05424063,15630.0,1.971969370592589e-09,16150.0,BID
1326,1712704421.7738142,471619.51629015,15630.0,1.9950804702902167e-09,16150.0,BID
1327,1712704422.9538076,471630.33972482,15630.0,1.3965563299767415e-09,16150.0,BID
1328,1712704424.184007,471637.91612909,15630.0,9.775894311159052e-10,16150.0,BID
1329,1712704426.8039298,471655.59440509,15630.0,2.2810419246450924e-09,16150.0,BID
1330,1712704440.3203824,471655.59440509,15630.0,0.0,16150.0,BID
1331,1712704451.4542542,471656.23460995,15620.0,-8.258661888096526e-11,16150.0,ASK
1332,1712704451.456982,471658.30024336,15620.0,-2.664673292104408e-10,16150.0,ASK
1333,1712704451.4588895,471699.41845981,15620.0,-5.304262250147639e-09,16150.0,ASK
1334,1712704470.2975318,471699.41845981,15620.0,-0.0,16150.0,ASK
1335,1712704482.194214,471699.41846044,15630.0,8.126062849261489e-17,16150.0,BID
1336,1712704482.2038963,471700.69559901,15660.0,1.647367113971003e-10,16150.0,BID
1337,1712704500.334096,471700.69559901,15660.0,0.0,16150.0,BID
1338,1712704508.6950884,471707.08129505,15650.0,8.27302449849581e-10,16150.0,BID
1339,1712704519.714922,471713.47515694,15640.0,8.28360381150815e-10,16150.0,BID
1340,1712704530.3073244,471713.47515694,15640.0,0.0,16150.0,BID
1341,1712704546.2848518,471719.88130684,15610.0,-8.299308636440491e-10,16150.0,ASK
1342,1712704546.288579,471756.65859667,15610.0,-4.764579097837233e-09,16150.0,ASK
1343,1712704546.292273,471757.29921166,15610.0,-8.299308636063449e-11,16150.0,ASK
1344,1712704557.6849222,471788.13158086,15610.0,-3.9944015044637535e-09,16150.0,ASK
1345,1712704557.6885483,471801.24986508,15610.0,-1.699502684480693e-09,16150.0,ASK
1346,1712704557.6920474,471807.29921166,15610.0,-7.837062057542768e-10,16150.0,ASK
1347,1712704560.4442918,471807.29921166,15610.0,-0.0,16150.0,ASK
1348,1712704590.4543288,471807.29921166,15610.0,-0.0,16150.0,ASK
1349,1712704620.304597,471807.29921166,15610.0,-0.0,16150.0,ASK
1350,1712704620.8044405,471807.61890475,15640.0,4.1409088641048734e-11,16150.0,BID
1351,1712704633.5344932,471817.13047009,15640.0,1.232010527025634e-09,16150.0,BID
1352,1712704633.5380795,471863.8848894,15640.0,6.055989179020211e-09,16150.0,BID
1353,1712704646.5144985,471913.8848894,15640.0,6.4763815575077506e-09,16150.0,BID
1354,1712704650.3198366,471913.8848894,15640.0,0.0,16150.0,BID
1355,1712704659.8844812,471917.08386572,15630.0,4.1426637538346055e-10,16150.0,BID
1356,1712704667.3745074,471918.08386572,15630.0,1.2949966924990789e-10,16150.0,BID
1357,1712704670.2644596,471982.06339227,15630.0,8.285327526988779e-09,16150.0,BID
1358,1712704680.4520476,471982.06339227,15630.0,0.0,16150.0,BID
1359,1712704680.7979257,471982.43062273,15620.0,-4.7549661314140305e-11,16150.0,ASK
1360,1712704710.4596808,471982.43062273,15620.0,-0.0,16150.0,ASK
1361,1712704711.9952617,471984.65856547,15630.0,2.884778240768799e-10,16150.0,BID
1362,1712704711.9981525,472005.16960518,15630.0,2.6558043879662046e-09,16150.0,BID
1363,1712704727.665243,472021.47955342,15610.0,-2.111839902598937e-09,16150.0,ASK
1364,1712704727.6692162,472028.51437161,15620.0,-9.108802518947943e-10,16150.0,ASK
1365,1712704727.6724014,472030.17997058,15610.0,-2.1566459407105028e-10,16150.0,ASK
1366,1712704740.2678213,472030.17997058,15610.0,-0.0,16150.0,ASK
1367,1712704745.7545652,472089.17415624,15610.0,-7.637930063060327e-09,16150.0,ASK
1368,1712704746.3183577,472129.03115624,15610.0,5.160253932097619e-09,16150.0,BID
1369,1712704751.376023,472136.6117363,15610.0,9.814516411757928e-10,16150.0,BID
1370,1712704751.3788793,472159.15433159,15610.0,2.918571793787998e-09,16150.0,BID
1371,1712704766.3872788,472296.76433159,15610.0,1.7816256707644697e-08,16150.0,BID
1372,1712704769.570765,472360.59133159,15610.0,8.26363067276954e-09,16150.0,BID
1373,1712704769.7139666,472405.13133159,15610.0,5.766558198955033e-09,16150.0,BID
1374,1712704770.3157396,472405.13133159,15610.0,0.0,16150.0,BID
1375,1712704797.4547057,472437.14157486,15620.0,4.1412024813866624e-09,16150.0,BID
1376,1712704800.3268583,472437.14157486,15620.0,0.0,16150.0,BID
1377,1712704828.1953776,472437.79458382,15620.0,8.504529494690205e-11,16150.0,BID
1378,1712704829.1463392,472438.11573766,15600.0,-4.182580136012144e-11,16150.0,ASK
1379,1712704829.1493216,472443.7567633,15600.0,-7.34664788353329e-10,16150.0,ASK
1380,1712704829.1522465,472819.15115597,15600.0,-4.888987564313672e-08,16150.0,ASK
1381,1712704829.155192,473067.88868159,15600.0,-3.239458801941072e-08,16150.0,ASK
1382,1712704830.0318062,473092.61299559,15590.0,-3.219996516801624e-09,16150.0,ASK
1383,1712704830.2920916,473092.61299559,15590.0,-0.0,16150.0,ASK
1384,1712704860.465788,473092.61299559,15590.0,-0.0,16150.0,ASK
1385,1712704862.5449133,473163.56013994,15610.0,9.227586285408395e-09,16150.0,BID
1386,1712704862.6858778,473163.56014026,15610.0,-4.1615879722010385e-17,16150.0,ASK
1387,1712704862.694064,473367.87411026,15610.0,-2.6573652889949865e-08,16150.0,ASK
1388,1712704879.8061452,473368.33347626,15600.0,-5.974644139163575e-11,16150.0,ASK
1389,1712704879.8099985,473369.35911728,15600.0,-1.3339777233362552e-10,16150.0,ASK
1390,1712704885.8269532,473370.64199092,15590.0,-1.6685417453994942e-10,16150.0,ASK
1391,1712704885.8308954,473370.96591651,15590.0,-4.2130678533536967e-11,16150.0,ASK
1392,1712704885.8346744,473441.91306086,15590.0,-9.227586285415966e-09,16150.0,ASK
1393,1712704885.8366728,473442.55449767,15590.0,-8.342708596403707e-11,16150.0,ASK
1394,1712704885.8383615,473444.55449767,15580.0,-2.601256574863441e-10,16150.0,ASK
1395,1712704885.840288,473476.62633859,15590.0,-4.171354353058805e-09,16150.0,ASK
1396,1712704885.842011,473477.91003564,15580.0,-1.6696126957312288e-10,16150.0,ASK
1397,1712704885.8437653,474030.19035594,15590.0,-7.183114071740598e-08,16150.0,ASK
1398,1712704885.84875,474030.83220446,15580.0,-8.348063413169995e-11,16150.0,ASK
1399,1712704885.8505025,474031.83220446,15590.0,-1.3006282874317204e-10,16150.0,ASK
1400,1712704885.8522804,474457.82867228,15580.0,-5.54063056392714e-08,16150.0,ASK
1401,1712704885.8540213,474496.07259145,15590.0,-4.9741123094748955e-09,16150.0,ASK
1402,1712704885.8557978,474865.42287635,15580.0,-4.803874285118953e-08,16150.0,ASK
1403,1712704885.857558,474881.23212488,15570.0,-2.0561955841175704e-09,16150.0,ASK
1404,1712704885.8593438,474883.15767045,15580.0,-2.504419037048228e-10,16150.0,ASK
1405,1712704885.861096,475935.20511053,15570.0,-1.3683226602882154e-07,16150.0,ASK
1406,1712704885.8628626,476117.44737128,15570.0,-2.370294394969259e-08,16150.0,ASK
1407,1712704890.4579227,476117.44737128,15570.0,-0.0,16150.0,ASK
1408,1712704920.315353,476117.44737128,15570.0,-0.0,16150.0,ASK
1409,1712704920.4189496,476123.22771811,15590.0,-7.472278883301019e-10,16150.0,ASK
1410,1712704927.5623274,476129.63797452,15600.0,8.286565671089177e-10,16150.0,BID
1411,1712704932.8550367,476151.77491778,15600.0,2.861652051803048e-09,16150.0,BID
1412,1712704932.982999,476234.73209378,15600.0,-1.0723909354765196e-08,16150.0,ASK
1413,1712704932.9953763,476234.73209412,15600.0,-4.395077408747527e-17,16150.0,ASK
1414,1712704950.297876,476234.73209412,15600.0,-0.0,16150.0,ASK
1415,1712704955.3331056,476245.64703367,15600.0,1.4106452355116551e-09,16150.0,BID
1416,1712704969.944272,476246.28805931,15600.0,8.284606257167536e-11,16150.0,BID
1417,1712704973.2539604,476277.59796346,15590.0,-4.046487560585873e-09,16150.0,ASK
1418,1712704980.4749763,476277.59796346,15590.0,-0.0,16150.0,ASK
1419,1712705010.4467986,476277.59796346,15590.0,-0.0,16150.0,ASK
1420,1712705013.2529917,476360.89992636,15590.0,-1.0765003925453129e-08,16150.0,ASK
1421,1712705040.3136003,476360.89992636,15590.0,-0.0,16150.0,ASK
1422,1712705060.266558,476366.32032354,15610.0,7.003533141515393e-10,16150.0,BID
1423,1712705070.2971573,476366.32032354,15610.0,0.0,16150.0,BID
1424,1712705079.9313848,476372.08585845,15610.0,7.44939384311469e-10,16150.0,BID
1425,1712705100.4599645,476372.08585845,15610.0,0.0,16150.0,BID
1426,1712705112.3407924,476373.08585845,15610.0,1.2966543254499899e-10,16150.0,BID
1427,1712705113.7082677,476375.08585845,15610.0,2.5933086508999797e-10,16150.0,BID
1428,1712705113.9508147,476401.58150285,15610.0,3.435569191686124e-09,16150.0,BID
1429,1712705113.9549675,476407.11660796,15610.0,7.177117982740333e-10,16150.0,BID
1430,1712705119.2108774,476409.11660796,15610.0,2.5933086508999797e-10,16150.0,BID
1431,1712705130.4609704,476409.11660796,15610.0,0.0,16150.0,BID
1432,1712705137.9784636,476415.52275786,15610.0,-8.305939421373725e-10,16150.0,ASK
1433,1712705137.9823613,476418.46619296,15610.0,-3.8163318081393916e-10,16150.0,ASK
1434,1712705137.9967964,476418.46619325,15610.0,-3.7598934104560385e-17,16150.0,ASK
1435,1712705146.5879526,476419.10680824,15610.0,8.305939421751072e-11,16150.0,BID
1436,1712705150.2011604,476420.13244926,15600.0,-1.3298021921149258e-10,16150.0,ASK
1437,1712705150.2031636,476484.20297724,15600.0,-8.307110080239444e-09,16150.0,ASK
1438,1712705150.2598622,476484.20297809,15600.0,-1.1020064949714788e-16,16150.0,ASK
1439,1712705158.2905476,476485.43952715,15590.0,-1.6032565182741706e-10,16150.0,ASK
1440,1712705158.2948456,476488.02706986,15590.0,-3.3548969872818877e-10,16150.0,ASK
1441,1712705160.3202145,476488.02706986,15590.0,-0.0,16150.0,ASK
1442,1712705162.886274,476490.58952982,15610.0,3.321845553517392e-10,16150.0,BID
1443,1712705174.9195237,476520.58952982,15600.0,3.889050684156153e-09,16150.0,BID
1444,1712705190.3325326,476520.58952982,15600.0,0.0,16150.0,BID
1445,1712705219.5590472,476535.56308956,15590.0,-1.940969936587486e-09,16150.0,ASK
1446,1712705219.579064,476725.24163554,15590.0,-2.458736344299233e-08,16150.0,ASK
1447,1712705219.6026452,476863.21767426,15590.0,-1.7885349093685847e-08,16150.0,ASK
1448,1712705219.607205,477100.66696317,15590.0,-3.0779716997231043e-08,16150.0,ASK
1449,1712705219.8196838,477113.13136791,15590.0,-1.615716990343491e-09,16150.0,ASK
1450,1712705220.4364371,477113.13136791,15590.0,-0.0,16150.0,ASK
1451,1712705231.279015,477114.15700893,15600.0,1.3279123022471288e-10,16150.0,BID
1452,1712705250.4467435,477114.15700893,15600.0,0.0,16150.0,BID
1453,1712705271.8810625,477116.15700893,15600.0,2.5894236395714525e-10,16150.0,BID
1454,1712705280.1302547,477118.15700893,15600.0,2.5894236395714525e-10,16150.0,BID
1455,1712705280.2852986,477118.15700893,15600.0,0.0,16150.0,BID
1456,1712705283.0680397,477119.43906021,15600.0,1.6598735356978814e-10,16150.0,BID
1457,1712705291.8979962,477194.04959961,15590.0,-9.65983668233424e-09,16150.0,ASK
1458,1712705291.9025872,477196.04959961,15600.0,-2.589402719782333e-10,16150.0,ASK
1459,1712705306.4278216,477197.07524063,15600.0,-1.327898823403576e-10,16150.0,ASK
1460,1712705306.432056,477198.07524063,15600.0,-1.2947013598911668e-10,16150.0,ASK
1461,1712705306.435403,477203.84158822,15600.0,-7.46569806632738e-10,16150.0,ASK
1462,1712705310.3004515,477203.84158822,15600.0,-0.0,16150.0,ASK
1463,1712705321.5575714,477373.83839026,15590.0,-2.200570289510233e-08,16150.0,ASK
1464,1712705321.561055,477431.6716702,15590.0,-7.486387746926311e-09,16150.0,ASK
1465,1712705321.5644777,477448.61824495,15590.0,-2.1936959081765194e-09,16150.0,ASK
1466,1712705332.3773637,477449.64454385,15590.0,1.3285207958663688e-10,16150.0,BID
1467,1712705336.8729131,477452.85172794,15590.0,4.1516275229011967e-10,16150.0,BID
1468,1712705340.4271424,477452.85172794,15590.0,0.0,16150.0,BID
1469,1712705370.430892,477452.85172794,15590.0,0.0,16150.0,BID
1470,1712705382.598717,477453.87868557,15580.0,-1.3287057991548603e-10,16150.0,ASK
1471,1712705382.6021967,477492.89121764,15580.0,-5.047547833483752e-09,16150.0,ASK
1472,1712705382.6056252,477565.83286715,15580.0,-9.437389613519167e-09,16150.0,ASK
1473,1712705383.016529,477567.83286715,15580.0,2.587654564139017e-10,16150.0,BID
1474,1712705387.746995,477575.42097173,15580.0,9.81769672480727e-10,16150.0,BID
1475,1712705391.9265668,477588.70784313,15580.0,1.7190916710621567e-09,16150.0,BID
1476,1712705392.3469658,477589.73480076,15580.0,1.328705799230171e-10,16150.0,BID
1477,1712705392.4869268,477602.10360069,15580.0,1.6003090795933463e-09,16150.0,BID
1478,1712705392.646314,477638.66224992,15580.0,4.730057776937271e-09,16150.0,BID
1479,1712705396.4966533,477673.91596749,15580.0,-4.561222158641791e-09,16150.0,ASK
1480,1712705400.3970442,477673.91596749,15580.0,-0.0,16150.0,ASK
1481,1712705400.984229,477675.91596749,15580.0,2.598857218837475e-10,16150.0,BID
1482,1712705404.6164806,477676.87026131,15580.0,1.240036691522213e-10,16150.0,BID
1483,1712705430.3158972,477676.87026131,15580.0,0.0,16150.0,BID
1484,1712705439.3383818,477678.87026131,15600.0,2.59884167517396e-10,16150.0,BID
1485,1712705440.3558023,477685.28051772,15600.0,8.32962075337675e-10,16150.0,BID
1486,1712705460.4557962,477685.28051772,15600.0,0.0,16150.0,BID
1487,1712705490.439514,477685.28051772,15600.0,0.0,16150.0,BID
1488,1712705515.9055314,477689.50519086,15580.0,-5.489534722367152e-10,16150.0,ASK
1489,1712705515.9101174,477689.57785467,15580.0,-9.441925913907096e-12,16150.0,ASK
1490,1712705520.31555,477689.57785467,15580.0,-0.0,16150.0,ASK
1491,1712705542.035052,477737.89876367,15580.0,-6.2787579369176805e-09,16150.0,ASK
1492,1712705550.0294688,477749.5380339,15580.0,-1.5123920855188423e-09,16150.0,ASK
1493,1712705550.031621,477750.30720873,15580.0,-9.994560675028536e-11,16150.0,ASK
1494,1712705550.3025846,477750.30720873,15580.0,-0.0,16150.0,ASK
1495,1712705557.5893865,477810.30720873,15590.0,7.795365895262201e-09,16150.0,BID
1496,1712705564.0763938,477823.1441792,15580.0,-1.667814696668537e-09,16150.0,ASK
1497,1712705564.0801525,477826.28928199,15580.0,-4.0862045043438885e-10,16150.0,ASK
1498,1712705564.08778,477829.17864373,15580.0,-3.75393866121982e-10,16150.0,ASK
1499,1712705575.3216326,477830.06049857,15580.0,-1.1457301906818919e-10,16150.0,ASK
1500,1712705575.326679,477894.24535073,15580.0,-8.339073458681377e-09,16150.0,ASK
1501,1712705575.335394,477894.24535094,15580.0,-2.727793838538808e-17,16150.0,ASK
1502,1712705580.4346724,477894.24535094,15580.0,-0.0,16150.0,ASK
1503,1712705603.5143692,477895.27230857,15580.0,-1.3338630103522814e-10,16150.0,ASK
1504,1712705610.4462223,477895.27230857,15580.0,-0.0,16150.0,ASK
1505,1712705633.537016,477896.29992578,15570.0,-1.3347169314902728e-10,16150.0,ASK
1506,1712705633.5401163,477963.13315348,15570.0,-8.680609835009619e-09,16150.0,ASK
1507,1712705635.804458,477965.17054924,15590.0,2.6462641833678336e-10,16150.0,BID
1508,1712705640.2936764,477965.17054924,15590.0,0.0,16150.0,BID
1509,1712705643.014242,477978.03228558,15570.0,-1.670305900717203e-09,16150.0,ASK
1510,1712705670.2878733,477978.03228558,15570.0,-0.0,16150.0,ASK
1511,1712705699.023936,478215.82815661,15570.0,-3.088086294749391e-08,16150.0,ASK
1512,1712705700.433725,478215.82815661,15570.0,-0.0,16150.0,ASK
1513,1712705722.5243318,478222.88849037,15580.0,-9.198429754642571e-10,16150.0,ASK
1514,1712705722.5334444,478234.30815661,15580.0,-1.487790822656273e-09,16150.0,ASK
1515,1712705726.3234367,478234.46870796,15580.0,-2.0917145917217507e-11,16150.0,ASK
1516,1712705728.4332187,478235.49566559,15580.0,1.3379534086800696e-10,16150.0,BID
1517,1712705730.4563394,478235.49566559,15580.0,0.0,16150.0,BID
1518,1712705739.6952398,478248.00483052,15570.0,-1.629669155242823e-09,16150.0,ASK
1519,1712705739.699819,478260.64709127,15570.0,-1.647008614248122e-09,16150.0,ASK
1520,1712705739.701907,478267.06969884,15570.0,-8.36724554479105e-10,16150.0,ASK
1521,1712705739.704013,478276.36303913,15570.0,-1.2107179099916181e-09,16150.0,ASK
1522,1712705746.3733792,478282.7856467,15570.0,8.36724554486688e-10,16150.0,BID
1523,1712705749.6834664,478283.42726551,15570.0,8.358882387024714e-11,16150.0,BID
1524,1712705757.3532102,478290.48443056,15570.0,9.19393442310674e-10,16150.0,BID
1525,1712705759.0736728,478290.59996515,15570.0,1.5051616850467002e-11,16150.0,BID
1526,1712705760.2782073,478290.59996515,15570.0,0.0,16150.0,BID
1527,1712705771.923667,478298.48443056,15570.0,-1.027057690105967e-09,16150.0,ASK
1528,1712705771.9283054,478300.08107088,15570.0,-2.0798388142769423e-10,16150.0,ASK
1529,1712705774.7132556,478348.04232773,15580.0,6.247598931982796e-09,16150.0,BID
