,time,acc_trade_volume,trade_price,dev,high,ask_bid
0,1712689619.1704266,22266804.49771832,1335.0,0.0,1396.0,ASK
1,1712689620.6451807,22266804.49771832,1335.0,-0.0,1396.0,ASK
2,1712689638.855117,22266811.98835502,1335.0,2.068960536188796e-10,1396.0,BID
3,1712689650.6705463,22266811.98835502,1335.0,0.0,1396.0,BID
4,1712689650.8453526,22266927.45086364,1334.0,-3.18914556091465e-09,1396.0,ASK
5,1712689650.846963,22267301.88864474,1334.0,-1.0342201998528662e-08,1396.0,ASK
6,1712689680.6856458,22267301.88864474,1334.0,-0.0,1396.0,ASK
7,1712689710.6648169,22267301.88864474,1334.0,-0.0,1396.0,ASK
8,1712689712.904817,22267390.67883178,1333.0,-2.4523953529169475e-09,1396.0,ASK
9,1712689741.0248058,22267390.67883178,1333.0,-0.0,1396.0,ASK
10,1712689767.654956,22267540.60386926,1334.0,4.1409335369651704e-09,1396.0,BID
11,1712689771.0149288,22267540.60386926,1334.0,0.0,1396.0,BID
12,1712689795.7451277,22267544.40386926,1333.0,-1.0495552167389376e-10,1396.0,ASK
13,1712689795.7548285,22273540.60386926,1333.0,-1.656142891940872e-07,1396.0,ASK
14,1712689800.676345,22273540.60386926,1333.0,-0.0,1396.0,ASK
15,1712689807.2152123,22273715.11567221,1333.0,-4.836570986908313e-09,1396.0,ASK
16,1712689807.2165082,22276540.60386926,1333.0,-7.83080227628014e-08,1396.0,ASK
17,1712689830.6650422,22276540.60386926,1333.0,-0.0,1396.0,ASK
18,1712689835.07632,22276796.78189086,1333.0,-7.0991523664761765e-09,1396.0,ASK
19,1712689835.0779257,22277171.85696593,1332.0,-1.0394002928579072e-08,1396.0,ASK
20,1712689835.0795505,22282474.04796203,1331.0,-1.4693322058633628e-07,1396.0,ASK
21,1712689835.080818,22282555.36316027,1332.0,-2.253389960716418e-09,1396.0,ASK
22,1712689835.0820684,22282630.49464036,1331.0,-2.0820280418435284e-09,1396.0,ASK
23,1712689835.0833735,22282641.79972786,1332.0,-3.1328424730597825e-10,1396.0,ASK
24,1712689835.0846057,22283941.79972786,1331.0,-3.6025331207940735e-08,1396.0,ASK
25,1712689835.0859077,22283979.39371282,1330.0,-1.041796738100404e-09,1396.0,ASK
26,1712689835.08714,22289887.24517776,1331.0,-1.637171582706592e-07,1396.0,ASK
27,1712689835.0884292,22290233.75012077,1330.0,-9.602273336234336e-09,1396.0,ASK
28,1712689835.090002,22295244.15239609,1331.0,-1.388472318872523e-07,1396.0,ASK
29,1712689835.0912988,22297201.42249035,1330.0,-5.423946416087272e-08,1396.0,ASK
30,1712689835.0925868,22297208.94694482,1329.0,-2.0851612651299823e-10,1396.0,ASK
31,1712689835.093379,22315704.88618951,1330.0,-5.125556440706295e-07,1396.0,ASK
32,1712689835.0942624,22315714.88618951,1331.0,-2.771179323687749e-10,1396.0,ASK
33,1712689835.0950017,22437140.19983828,1329.0,-3.364913185557753e-06,1396.0,ASK
34,1712689835.0957391,22440215.3878082,1330.0,-8.52189731869365e-08,1396.0,ASK
35,1712689835.0964751,22445665.3878082,1329.0,-1.5102927314098234e-07,1396.0,ASK
36,1712689835.0972135,22451919.1096127,1330.0,-1.73301845607246e-07,1396.0,ASK
37,1712689835.0979483,22452069.59870224,1329.0,-4.170322533769937e-09,1396.0,ASK
38,1712689835.0986876,22455434.63873861,1330.0,-9.32512937216756e-08,1396.0,ASK
39,1712689844.1949284,22455439.14324311,1332.0,1.248278973890089e-10,1396.0,BID
40,1712689851.105023,22457514.33155256,1328.0,-5.75071893590555e-08,1396.0,ASK
41,1712689851.1064656,22458481.07851777,1328.0,-2.67902920121996e-08,1396.0,ASK
42,1712689851.1249118,22458526.60269342,1328.0,-1.261556542930099e-09,1396.0,ASK
43,1712689861.0048504,22458526.60269342,1328.0,-0.0,1396.0,ASK
44,1712689866.8449724,22458626.60269342,1329.0,-2.7527243862369555e-09,1396.0,ASK
45,1712689869.4378903,22458630.60269342,1329.0,-1.1010897544947824e-10,1396.0,ASK
46,1712689886.0949173,22460137.11659873,1329.0,-4.147017565349544e-08,1396.0,ASK
47,1712689890.9973686,22460137.11659873,1329.0,-0.0,1396.0,ASK
48,1712689920.645297,22460137.11659873,1329.0,-0.0,1396.0,ASK
49,1712689923.0950863,22464006.49956947,1329.0,-1.0650717338219477e-07,1396.0,ASK
50,1712689932.654992,22464011.88042947,1330.0,-1.4811151891389008e-10,1396.0,ASK
51,1712689932.656305,22464168.89038616,1329.0,-4.321796732585727e-09,1396.0,ASK
52,1712689950.6766603,22464168.89038616,1329.0,-0.0,1396.0,ASK
53,1712689957.2450004,22464671.91255928,1330.0,1.3843956414201092e-08,1396.0,BID
54,1712689972.1250002,22464912.78986498,1330.0,6.629319937590082e-09,1396.0,BID
55,1712689981.0049353,22464912.78986498,1330.0,0.0,1396.0,BID
56,1712690011.055028,22464912.78986498,1330.0,0.0,1396.0,BID
57,1712690035.3551793,22464917.78986498,1330.0,-1.3760406798010694e-10,1396.0,ASK
58,1712690040.6348789,22464917.78986498,1330.0,-0.0,1396.0,ASK
59,1712690057.4251933,22464924.78986498,1330.0,1.9264565991541047e-10,1396.0,BID
60,1712690057.9551682,22464928.35960182,1330.0,-9.824204423773824e-11,1396.0,ASK
61,1712690070.644997,22464928.35960182,1330.0,-0.0,1396.0,ASK
62,1712690100.6878638,22464928.35960182,1330.0,-0.0,1396.0,ASK
63,1712690130.624994,22464928.35960182,1330.0,-0.0,1396.0,ASK
64,1712690155.485538,22465079.81767889,1328.0,-4.1693037536595455e-09,1396.0,ASK
65,1712690161.0149517,22465079.81767889,1328.0,-0.0,1396.0,ASK
66,1712690179.5650413,22465226.12345796,1328.0,4.027450158134602e-09,1396.0,BID
67,1712690191.0649362,22465226.12345796,1328.0,0.0,1396.0,BID
68,1712690207.0149632,22465376.4993978,1330.0,4.139469864815587e-09,1396.0,BID
69,1712690220.6651423,22465376.4993978,1330.0,0.0,1396.0,BID
70,1712690250.7149854,22465376.4993978,1330.0,0.0,1396.0,BID
71,1712690280.9958107,22465376.4993978,1330.0,0.0,1396.0,BID
72,1712690311.005061,22465376.4993978,1330.0,0.0,1396.0,BID
73,1712690337.2050552,22465414.11217975,1330.0,1.0353791995853951e-09,1396.0,BID
74,1712690340.6459098,22465414.11217975,1330.0,0.0,1396.0,BID
75,1712690360.475557,22466961.173543,1330.0,4.258639928290169e-08,1396.0,BID
76,1712690360.477597,22467905.00432575,1330.0,2.5981099085398866e-08,1396.0,BID
77,1712690360.695574,22471367.89054762,1330.0,9.532385645381584e-08,1396.0,BID
78,1712690360.6969678,22473015.13533575,1330.0,4.534417698644137e-08,1396.0,BID
79,1712690360.775092,22473791.81358029,1330.0,2.1379843503285057e-08,1396.0,BID
80,1712690370.6776884,22473791.81358029,1330.0,0.0,1396.0,BID
81,1712690400.735038,22473791.81358029,1330.0,0.0,1396.0,BID
82,1712690422.9953682,22474418.77282791,1330.0,-1.728721753014057e-08,1396.0,ASK
83,1712690424.4453416,22474483.89858208,1330.0,-1.795719711335439e-09,1396.0,ASK
84,1712690430.6650012,22474483.89858208,1330.0,-0.0,1396.0,ASK
85,1712690457.155187,22474521.54918449,1330.0,-1.038117927973198e-09,1396.0,ASK
86,1712690461.0086644,22474521.54918449,1330.0,-0.0,1396.0,ASK
87,1712690465.2051525,22474690.26445377,1330.0,-4.6518805203501825e-09,1396.0,ASK
88,1712690465.3650928,22474858.40085891,1330.0,-4.635919861770371e-09,1396.0,ASK
89,1712690465.8651938,22475528.3560318,1330.0,-1.8472254654902283e-08,1396.0,ASK
90,1712690487.7689955,22475532.93839232,1330.0,-1.2634655842633674e-10,1396.0,ASK
91,1712690491.026095,22475532.93839232,1330.0,-0.0,1396.0,ASK
92,1712690520.6654546,22475532.93839232,1330.0,-0.0,1396.0,ASK
93,1712690527.0352595,22480408.04168783,1330.0,1.3441318658396586e-07,1396.0,BID
94,1712690527.4553795,22482660.43438912,1331.0,6.210151089467375e-08,1396.0,BID
95,1712690527.4574723,22487464.83020913,1331.0,1.3246368592276212e-07,1396.0,BID
96,1712690550.6451354,22487464.83020913,1331.0,0.0,1396.0,BID
97,1712690581.0051844,22487464.83020913,1331.0,0.0,1396.0,BID
98,1712690586.0458393,22488194.83020913,1336.0,2.0118280106939546e-08,1396.0,BID
99,1712690586.0486765,22609620.1438579,1336.0,3.3463951672040746e-06,1396.0,BID
100,1712690586.0507426,22615070.1438579,1335.0,1.5019811860660345e-07,1396.0,BID
101,1712690586.0527897,22620711.52638033,1336.0,1.5547248462554157e-07,1396.0,BID
102,1712690586.185571,22621451.52638033,1336.0,-2.03938729851168e-08,1396.0,ASK
103,1712690586.565345,22622078.48562795,1337.0,1.7278550355114213e-08,1396.0,BID
104,1712690586.7254567,22622167.86343706,1336.0,-2.4631887658085656e-09,1396.0,ASK
105,1712690586.8860934,22622872.86343706,1338.0,1.9429297911496413e-08,1396.0,BID
106,1712690586.888409,22628322.86343706,1338.0,1.5019811860660345e-07,1396.0,BID
107,1712690586.9289646,22628472.00423902,1336.0,-4.110214286547294e-09,1396.0,ASK
108,1712690605.0853343,22628842.00423902,1338.0,-1.01969364925584e-08,1396.0,ASK
109,1712690607.995149,22628931.38204813,1338.0,-2.4631887658085656e-09,1396.0,ASK
110,1712690611.0050344,22628931.38204813,1338.0,-0.0,1396.0,ASK
111,1712690614.1853456,22629011.93144813,1338.0,-2.208380823292136e-09,1396.0,ASK
112,1712690626.6454806,22629038.61212539,1340.0,7.314901911941119e-10,1396.0,BID
113,1712690631.5651968,22629311.78082427,1340.0,7.489323522197022e-09,1396.0,BID
114,1712690640.6650596,22629311.78082427,1340.0,0.0,1396.0,BID
115,1712690670.6750894,22629311.78082427,1340.0,0.0,1396.0,BID
116,1712690701.0149322,22629311.78082427,1340.0,0.0,1396.0,BID
117,1712690715.8551722,22629311.78091589,1338.0,-2.513758266455216e-15,1396.0,ASK
118,1712690731.0548806,22629311.78091589,1338.0,-0.0,1396.0,ASK
119,1712690734.7651927,22629391.36178933,1337.0,-2.183448350359794e-09,1396.0,ASK
120,1712690760.625825,22629391.36178933,1337.0,-0.0,1396.0,ASK
121,1712690790.63478,22629391.36178933,1337.0,-0.0,1396.0,ASK
122,1712690809.1676457,22629766.2653823,1340.0,1.0286142970836706e-08,1396.0,BID
123,1712690820.9947443,22629766.2653823,1340.0,0.0,1396.0,BID
124,1712690842.996641,22629770.81359403,1340.0,1.2478651081696703e-10,1396.0,BID
125,1712690851.0146382,22629770.81359403,1340.0,0.0,1396.0,BID
126,1712690872.734674,22630491.88813138,1340.0,1.9783678927959402e-08,1396.0,BID
127,1712690880.6548064,22630491.88813138,1340.0,0.0,1396.0,BID
128,1712690910.6246183,22630491.88813138,1340.0,0.0,1396.0,BID
129,1712690917.3014965,22630649.19124581,1339.0,-4.315714466102948e-09,1396.0,ASK
130,1712690936.3647604,22632487.80390329,1339.0,-5.044354825550384e-08,1396.0,ASK
131,1712690937.0664897,22632573.88616273,1339.0,-2.3617234388509882e-09,1396.0,ASK
132,1712690941.0173397,22632573.88616273,1339.0,-0.0,1396.0,ASK
133,1712690964.1348443,22632724.43754713,1339.0,-4.130160414008957e-09,1396.0,ASK
134,1712690971.0146549,22632724.43754713,1339.0,-0.0,1396.0,ASK
135,1712691000.744589,22632724.43754713,1339.0,-0.0,1396.0,ASK
136,1712691005.614537,22632810.88852058,1339.0,-2.3724109382736262e-09,1396.0,ASK
137,1712691030.6545477,22632810.88852058,1339.0,-0.0,1396.0,ASK
138,1712691035.5947902,22632961.43990498,1339.0,-4.13145858587014e-09,1396.0,ASK
139,1712691036.824921,22633049.6943163,1339.0,-2.4218936733484828e-09,1396.0,ASK
140,1712691060.9945316,22633049.6943163,1339.0,-0.0,1396.0,ASK
141,1712691091.0345054,22633049.6943163,1339.0,-0.0,1396.0,ASK
142,1712691101.0451243,22633087.00774913,1340.0,1.023953053069422e-09,1396.0,BID
143,1712691120.6746523,22633087.00774913,1340.0,0.0,1396.0,BID
144,1712691127.5748377,22633154.25936523,1340.0,1.845512404700981e-09,1396.0,BID
145,1712691127.5774648,22633311.7513069,1340.0,4.321878771646505e-09,1396.0,BID
146,1712691141.4049995,22633319.9785169,1341.0,2.2577030845484528e-10,1396.0,BID
147,1712691141.4078,22633569.9785169,1341.0,6.860476043838897e-09,1396.0,BID
148,1712691150.6444373,22633569.9785169,1341.0,0.0,1396.0,BID
149,1712691157.4847932,22633661.27631581,1341.0,-2.5053409367948877e-09,1396.0,ASK
150,1712691180.9750955,22633661.27631581,1341.0,-0.0,1396.0,ASK
151,1712691186.1246002,22633684.60738445,1341.0,-6.402354239439354e-10,1396.0,ASK
152,1712691186.1270125,22634276.74631581,1341.0,-1.6249076523801846e-08,1396.0,ASK
153,1712691190.1043422,22634509.89441581,1341.0,-6.397892652616545e-09,1396.0,ASK
154,1712691210.275493,22635136.85366343,1341.0,-1.7204592119057366e-08,1396.0,ASK
155,1712691210.2951243,22635732.54143122,1341.0,-1.6346461295594323e-08,1396.0,ASK
156,1712691210.296731,22637490.60593005,1341.0,-4.8243618283401146e-08,1396.0,ASK
157,1712691210.3545032,22639379.63060061,1341.0,-5.1837338843392464e-08,1396.0,ASK
158,1712691210.374519,22646281.49313247,1341.0,-1.893962489163608e-07,1396.0,ASK
159,1712691211.0045316,22646281.49313247,1341.0,-0.0,1396.0,ASK
160,1712691240.6144452,22646281.49313247,1341.0,-0.0,1396.0,ASK
161,1712691245.975952,22647016.00622175,1340.0,-2.0146655692942703e-08,1396.0,ASK
162,1712691246.0544407,22647090.63308742,1340.0,-2.046909428899741e-09,1396.0,ASK
163,1712691246.056214,22647102.71216231,1340.0,-3.313119486063865e-10,1396.0,ASK
164,1712691249.6449623,22647171.828463,1339.0,-1.8957624215433715e-09,1396.0,ASK
165,1712691249.6473258,22647208.58056187,1339.0,-1.008058117306907e-09,1396.0,ASK
166,1712691252.9745357,22647268.97925589,1340.0,1.656650794217202e-09,1396.0,BID
167,1712691270.6343746,22647268.97925589,1340.0,0.0,1396.0,BID
168,1712691300.964614,22647268.97925589,1340.0,0.0,1396.0,BID
169,1712691319.574649,22647641.92711032,1340.0,1.0238355375149977e-08,1396.0,BID
170,1712691331.0543227,22647641.92711032,1340.0,0.0,1396.0,BID
171,1712691358.9646287,22647703.0181831,1339.0,1.6770803879020035e-09,1396.0,BID
172,1712691360.31717,22647784.2757831,1339.0,-2.230694619125916e-09,1396.0,ASK
173,1712691360.664316,22647784.2757831,1339.0,-0.0,1396.0,ASK
174,1712691390.6443963,22647784.2757831,1339.0,-0.0,1396.0,ASK
175,1712691420.9950142,22647784.2757831,1339.0,-0.0,1396.0,ASK
176,1712691436.059282,22647891.42954756,1337.0,-2.9415842345716863e-09,1396.0,ASK
177,1712691451.004835,22647891.42954756,1337.0,-0.0,1396.0,ASK
178,1712691456.8449605,22647895.22954756,1337.0,-1.0431715757285235e-10,1396.0,ASK
179,1712691456.8485534,22649932.87785655,1337.0,-5.593728412767098e-08,1396.0,ASK
180,1712691456.85137,22649947.81437634,1337.0,-4.10035602174721e-10,1396.0,ASK
181,1712691456.8541129,22650105.19145991,1334.0,-4.3202973741800705e-09,1396.0,ASK
182,1712691456.856385,22650179.98577554,1337.0,-2.053244844171671e-09,1396.0,ASK
183,1712691456.8578415,22660003.74068614,1335.0,-2.696805759908306e-07,1396.0,ASK
184,1712691456.859075,22665453.74068614,1333.0,-1.4961276543699345e-07,1396.0,ASK
185,1712691456.86029,22665564.31292432,1337.0,-3.035416208217498e-09,1396.0,ASK
186,1712691456.8615167,22665639.27544306,1334.0,-2.057862336206079e-09,1396.0,ASK
187,1712691456.862751,22671635.71757779,1335.0,-1.6461363129540208e-07,1396.0,ASK
188,1712691456.8640084,22672415.71757779,1334.0,-2.141246918180824e-08,1396.0,ASK
189,1712691456.865246,22706462.08292249,1333.0,-9.346368573025148e-07,1396.0,ASK
190,1712691477.8944373,22706518.37279565,1333.0,-1.545263043968496e-09,1396.0,ASK
191,1712691480.6243565,22706518.37279565,1333.0,-0.0,1396.0,ASK
192,1712691510.6309566,22706518.37279565,1333.0,-0.0,1396.0,ASK
193,1712691540.975157,22706518.37279565,1333.0,-0.0,1396.0,ASK
194,1712691563.6248045,22706551.68622848,1333.0,-9.12557674757344e-10,1396.0,ASK
195,1712691563.6285594,22706555.68622848,1334.0,-1.0957233730646571e-10,1396.0,ASK
196,1712691570.9941514,22706555.68622848,1334.0,-0.0,1396.0,ASK
197,1712691600.6542275,22706555.68622848,1334.0,-0.0,1396.0,ASK
198,1712691603.064806,22706930.49882218,1334.0,-1.0272693597837714e-08,1396.0,ASK
199,1712691630.657572,22706930.49882218,1334.0,-0.0,1396.0,ASK
200,1712691661.004946,22706930.49882218,1334.0,-0.0,1396.0,ASK
201,1712691684.3646717,22707557.4580698,1334.0,1.7183179270574603e-08,1396.0,BID
202,1712691684.3846197,22707866.69775902,1334.0,8.475385023171237e-09,1396.0,BID
203,1712691691.004354,22707866.69775902,1334.0,0.0,1396.0,BID
204,1712691709.474738,22708016.39835782,1336.0,4.102729470376699e-09,1396.0,BID
205,1712691720.664669,22708016.39835782,1336.0,0.0,1396.0,BID
206,1712691725.3043945,22708076.93246202,1336.0,1.6590026624964363e-09,1396.0,BID
207,1712691727.5764792,22708151.89498076,1334.0,-2.054428983648304e-09,1396.0,ASK
208,1712691727.578514,22708372.94412634,1334.0,-6.058091152079781e-09,1396.0,ASK
209,1712691733.1748145,22708372.94412635,1334.0,-2.041912275798448e-19,1396.0,ASK
210,1712691750.6567347,22708372.94412635,1334.0,-0.0,1396.0,ASK
211,1712691781.0147674,22708372.94412635,1334.0,-0.0,1396.0,ASK
212,1712691790.404432,22708447.96288103,1333.0,-2.055943384071104e-09,1396.0,ASK
213,1712691790.4143682,22708537.98538664,1333.0,-2.467132060762812e-09,1396.0,ASK
214,1712691811.0518885,22708537.98538664,1333.0,-0.0,1396.0,ASK
215,1712691840.624391,22708537.98538664,1333.0,-0.0,1396.0,ASK
216,1712691870.664611,22708537.98538664,1333.0,-0.0,1396.0,ASK
217,1712691900.6879506,22708537.98538664,1333.0,-0.0,1396.0,ASK
218,1712691930.6542246,22708537.98538664,1333.0,-0.0,1396.0,ASK
219,1712691945.8647516,22708994.61453643,1333.0,1.251766140447163e-08,1396.0,BID
220,1712691951.3946073,22709070.21693703,1333.0,2.0725029326771486e-09,1396.0,BID
221,1712691960.9957714,22709070.21693703,1333.0,0.0,1396.0,BID
222,1712691977.6746104,22709145.23569171,1333.0,2.0564633409350348e-09,1396.0,BID
223,1712691989.7945497,22710921.68357262,1333.0,4.8697155261614215e-08,1396.0,BID
224,1712691991.004815,22710921.68357262,1333.0,0.0,1396.0,BID
225,1712692020.6140814,22710921.68357262,1333.0,0.0,1396.0,BID
226,1712692026.364559,22711146.73983668,1332.0,-6.1689726642026945e-09,1396.0,ASK
227,1712692036.5845945,22711183.21498683,1332.0,9.99813113988009e-10,1396.0,BID
228,1712692050.65701,22711183.21498683,1332.0,0.0,1396.0,BID
229,1712692066.9743035,22711487.00749328,1331.0,-8.3271166902565e-09,1396.0,ASK
230,1712692066.9773946,22711661.32854303,1331.0,-4.778234130271644e-09,1396.0,ASK
231,1712692080.9851596,22711661.32854303,1331.0,-0.0,1396.0,ASK
232,1712692111.0244305,22711661.32854303,1331.0,-0.0,1396.0,ASK
233,1712692120.7845528,22711736.46002312,1332.0,2.0593585284525784e-09,1396.0,BID
234,1712692130.487857,22712463.66379195,1331.0,-1.993270040020684e-08,1396.0,ASK
235,1712692131.245006,22712538.79527204,1332.0,2.0593585284525784e-09,1396.0,BID
236,1712692140.6641622,22712538.79527204,1332.0,0.0,1396.0,BID
237,1712692170.6371653,22712538.79527204,1332.0,0.0,1396.0,BID
238,1712692200.704317,22712538.79527204,1332.0,0.0,1396.0,BID
239,1712692230.6445458,22712538.79527204,1332.0,0.0,1396.0,BID
240,1712692243.824389,22712764.02049726,1332.0,6.173663171088656e-09,1396.0,BID
241,1712692254.5542877,22712839.09557233,1332.0,2.057887723662181e-09,1396.0,BID
242,1712692260.9951391,22712839.09557233,1332.0,0.0,1396.0,BID
243,1712692290.995464,22712839.09557233,1332.0,0.0,1396.0,BID
244,1712692320.654131,22712839.09557233,1332.0,0.0,1396.0,BID
245,1712692329.844493,22712934.83735276,1332.0,2.624355342302785e-09,1396.0,BID
246,1712692329.8479428,22716590.97338717,1332.0,1.0021748176176996e-07,1396.0,BID
247,1712692331.6361074,22716594.97338717,1331.0,-1.0964305574907859e-10,1396.0,ASK
248,1712692349.3745806,22716682.45840465,1332.0,2.398031162150142e-09,1396.0,BID
249,1712692349.4542456,22717309.41765227,1332.0,1.7185431934872345e-08,1396.0,BID
250,1712692350.6553698,22717309.41765227,1332.0,0.0,1396.0,BID
251,1712692381.0052,22717309.41765227,1332.0,0.0,1396.0,BID
252,1712692411.0502963,22717309.41765227,1332.0,0.0,1396.0,BID
253,1712692440.6154578,22717309.41765227,1332.0,0.0,1396.0,BID
254,1712692442.166119,22719800.8227618,1333.0,6.828017288300808e-08,1396.0,BID
255,1712692470.6546576,22719800.8227618,1333.0,0.0,1396.0,BID
256,1712692471.9242094,22719827.54057131,1333.0,-7.321694162187069e-10,1396.0,ASK
257,1712692500.985521,22719827.54057131,1333.0,-0.0,1396.0,ASK
258,1712692531.0481706,22719827.54057131,1333.0,-0.0,1396.0,ASK
259,1712692560.6644614,22719827.54057131,1333.0,-0.0,1396.0,ASK
260,1712692590.6307347,22719827.54057131,1333.0,-0.0,1396.0,ASK
261,1712692621.004468,22719827.54057131,1333.0,-0.0,1396.0,ASK
262,1712692651.0067225,22719827.54057131,1333.0,-0.0,1396.0,ASK
263,1712692671.179268,22719832.54057131,1334.0,-1.3725684547518515e-10,1396.0,ASK
264,1712692680.6963706,22719832.54057131,1334.0,-0.0,1396.0,ASK
265,1712692710.6877563,22719832.54057131,1334.0,-0.0,1396.0,ASK
266,1712692740.9827492,22719832.54057131,1334.0,-0.0,1396.0,ASK
267,1712692753.0219605,22721729.49209425,1335.0,-5.207390687682329e-08,1396.0,ASK
268,1712692753.0316107,22722928.51839175,1335.0,-3.2914907420648765e-08,1396.0,ASK
269,1712692755.611967,22723034.52291622,1334.0,-2.909968794135589e-09,1396.0,ASK
270,1712692771.003153,22723034.52291622,1334.0,-0.0,1396.0,ASK
271,1712692800.8042731,22723034.52291622,1334.0,-0.0,1396.0,ASK
272,1712692830.624971,22723034.52291622,1334.0,-0.0,1396.0,ASK
273,1712692861.011372,22723034.52291622,1334.0,-0.0,1396.0,ASK
274,1712692885.28019,22723220.77268825,1336.0,5.1145958078369804e-09,1396.0,BID
275,1712692890.9975538,22723220.77268825,1336.0,0.0,1396.0,BID
276,1712692920.631987,22723220.77268825,1336.0,0.0,1396.0,BID
277,1712692935.1090102,22724043.51016021,1338.0,2.2592998777262928e-08,1396.0,BID
278,1712692950.649375,22724043.51016021,1338.0,0.0,1396.0,BID
279,1712692955.4185035,22724468.40391021,1338.0,-1.1667553890384582e-08,1396.0,ASK
280,1712692964.2484078,22725314.72571173,1338.0,-2.323993993303393e-08,1396.0,ASK
281,1712692967.8795323,22726703.36269095,1337.0,3.8131878356343566e-08,1396.0,BID
282,1712692967.8885512,22726806.51712945,1339.0,2.832613965802278e-09,1396.0,BID
283,1712692973.3789852,22727291.80775642,1339.0,1.3326048083082515e-08,1396.0,BID
284,1712692973.3812163,22728536.86106875,1339.0,3.4189080489253544e-08,1396.0,BID
285,1712692981.0031407,22728536.86106875,1339.0,0.0,1396.0,BID
286,1712693010.987769,22728536.86106875,1339.0,0.0,1396.0,BID
287,1712693040.6174583,22728536.86106875,1339.0,0.0,1396.0,BID
288,1712693070.6601825,22728536.86106875,1339.0,0.0,1396.0,BID
289,1712693094.816673,22728611.59948429,1338.0,2.051973090980197e-09,1396.0,BID
290,1712693100.986752,22728611.59948429,1338.0,0.0,1396.0,BID
291,1712693119.0864773,22728686.39379992,1337.0,-2.054516424596918e-09,1396.0,ASK
292,1712693119.0890598,22728764.92857927,1337.0,-2.157262790933477e-09,1396.0,ASK
293,1712693129.2663932,22729073.92691164,1337.0,8.487839532870968e-09,1396.0,BID
294,1712693131.067231,22729073.92691164,1337.0,0.0,1396.0,BID
295,1712693133.636487,22729920.24871316,1337.0,2.3247121176868568e-08,1396.0,BID
296,1712693133.8565483,22730439.43351043,1337.0,1.4261185135011194e-08,1396.0,BID
297,1712693139.1764672,22730628.8117044,1337.0,-5.201919430154684e-09,1396.0,ASK
298,1712693139.1804616,22730663.68105015,1337.0,-9.578057714772344e-10,1396.0,ASK
299,1712693139.2562146,22731033.11966318,1337.0,1.0147894322262432e-08,1396.0,BID
300,1712693139.2599027,22736480.96584004,1337.0,1.496437170812296e-07,1396.0,BID
301,1712693140.2565408,22737108.39965531,1339.0,1.7234614431252513e-08,1396.0,BID
302,1712693140.266457,22737192.35248761,1340.0,2.306051506787618e-09,1396.0,BID
303,1712693140.2696006,22741327.72928277,1339.0,1.1359225922854578e-07,1396.0,BID
304,1712693140.272517,22746777.72928277,1340.0,1.497028791958957e-07,1396.0,BID
305,1712693160.6519485,22746777.72928277,1340.0,0.0,1396.0,BID
306,1712693186.4758332,22746885.4256938,1339.0,2.9563258001108502e-09,1396.0,BID
307,1712693190.6243317,22746885.4256938,1339.0,0.0,1396.0,BID
308,1712693203.136315,22746960.22000943,1337.0,-2.053137032181405e-09,1396.0,ASK
309,1712693203.139949,22747109.80864069,1337.0,-4.106274064158289e-09,1396.0,ASK
310,1712693203.1432395,22749702.48460809,1336.0,-7.11701015793921e-08,1396.0,ASK
311,1712693203.1465006,22749777.27892372,1337.0,-2.053137032079144e-09,1396.0,ASK
312,1712693203.1483276,22752033.80741516,1336.0,-6.194270474668691e-08,1396.0,ASK
313,1712693221.016132,22752033.80741516,1336.0,-0.0,1396.0,ASK
314,1712693250.9950414,22752033.80741516,1336.0,-0.0,1396.0,ASK
315,1712693257.804973,22752041.2924451,1338.0,2.0542859232527086e-10,1396.0,BID
316,1712693280.624605,22752041.2924451,1338.0,0.0,1396.0,BID
317,1712693297.8250265,22752681.63201129,1337.0,-1.7574281011305692e-08,1396.0,ASK
318,1712693297.8295152,22752889.62674242,1337.0,-5.708467892228905e-09,1396.0,ASK
319,1712693310.6544468,22752889.62674242,1337.0,-0.0,1396.0,ASK
320,1712693322.4543772,22754361.03929848,1338.0,-4.038203192159607e-08,1396.0,ASK
321,1712693322.5753503,22755131.77920878,1338.0,-2.11524929108692e-08,1396.0,ASK
322,1712693323.0144625,22755281.36784004,1337.0,-4.105369943880174e-09,1396.0,ASK
323,1712693340.9860077,22755281.36784004,1337.0,-0.0,1396.0,ASK
324,1712693370.9857438,22755281.36784004,1337.0,-0.0,1396.0,ASK
325,1712693375.6342795,22756036.79042792,1337.0,2.0730297639146028e-08,1396.0,BID
326,1712693400.6859376,22756036.79042792,1337.0,0.0,1396.0,BID
327,1712693417.5437038,22756078.24688742,1337.0,1.1380574684167687e-09,1396.0,BID
328,1712693424.2737756,22756128.93452522,1337.0,1.391470604414697e-09,1396.0,BID
329,1712693424.2777846,22757721.47514224,1337.0,4.371822304217794e-08,1396.0,BID
330,1712693424.4737518,22757780.02976412,1337.0,1.607434053549524e-09,1396.0,BID
331,1712693424.5336242,22758176.19817236,1337.0,1.0875564898414178e-08,1396.0,BID
332,1712693424.613613,22758940.29165227,1337.0,2.0975797303220967e-08,1396.0,BID
333,1712693424.6176715,22759364.70339706,1337.0,1.1650897391407972e-08,1396.0,BID
334,1712693430.635345,22759364.70339706,1337.0,0.0,1396.0,BID
335,1712693460.9948318,22759364.70339706,1337.0,0.0,1396.0,BID
336,1712693490.9968605,22759364.70339706,1337.0,0.0,1396.0,BID
337,1712693520.6343331,22759364.70339706,1337.0,0.0,1396.0,BID
338,1712693543.8828635,22759439.49771269,1337.0,2.052993304074639e-09,1396.0,BID
339,1712693550.6543484,22759439.49771269,1337.0,0.0,1396.0,BID
340,1712693580.9667256,22759439.49771269,1337.0,0.0,1396.0,BID
341,1712693611.0249848,22759439.49771269,1337.0,0.0,1396.0,BID
342,1712693618.432596,22760187.06708432,1337.0,2.0519616881606858e-08,1396.0,BID
343,1712693628.372686,22760934.37555424,1337.0,2.0512455535384977e-08,1396.0,BID
344,1712693629.312291,22761682.7448251,1337.0,2.054157287167769e-08,1396.0,BID
345,1712693640.715429,22761682.7448251,1337.0,0.0,1396.0,BID
346,1712693670.6090708,22761682.7448251,1337.0,0.0,1396.0,BID
347,1712693695.381943,22766320.17928662,1337.0,1.2727988719838078e-07,1396.0,BID
348,1712693700.6735735,22766320.17928662,1337.0,0.0,1396.0,BID
349,1712693722.861811,22766934.72610712,1337.0,1.6885498192696493e-08,1396.0,BID
350,1712693722.8662195,22768191.43677164,1337.0,3.4529811149675494e-08,1396.0,BID
351,1712693722.9215028,22768400.29431616,1337.0,5.738641179049674e-09,1396.0,BID
352,1712693728.5816164,22769029.23666475,1339.0,1.7281034635854162e-08,1396.0,BID
353,1712693728.58607,22769148.23747248,1339.0,3.269706809644569e-09,1396.0,BID
354,1712693730.6337328,22769148.23747248,1339.0,0.0,1396.0,BID
355,1712693760.971433,22769148.23747248,1339.0,0.0,1396.0,BID
356,1712693789.9715097,22769448.23747248,1339.0,8.242045779259737e-09,1396.0,BID
357,1712693790.836069,22769558.33747248,1339.0,-3.024830801029261e-09,1396.0,ASK
358,1712693790.9910374,22769558.33747248,1339.0,-0.0,1396.0,ASK
359,1712693820.6244926,22769558.33747248,1339.0,-0.0,1396.0,ASK
360,1712693835.4154875,22769931.47180083,1340.0,1.0251146067904126e-08,1396.0,BID
361,1712693843.6410377,22770306.8404665,1340.0,1.0312530176731914e-08,1396.0,BID
362,1712693843.6447573,22770938.87929111,1340.0,1.7364047795631872e-08,1396.0,BID
363,1712693845.5509925,22772182.02043176,1340.0,3.4152905395147376e-08,1396.0,BID
364,1712693845.6511147,22772430.67070883,1340.0,-6.831186831147768e-09,1396.0,ASK
365,1712693850.6529615,22772430.67070883,1340.0,-0.0,1396.0,ASK
366,1712693856.5311074,22772890.65124795,1340.0,-1.2635742096006076e-08,1396.0,ASK
367,1712693856.6309402,22773509.46881698,1340.0,-1.6999021788573306e-08,1396.0,ASK
368,1712693856.7507343,22774107.02239307,1340.0,-1.641489635736882e-08,1396.0,ASK
369,1712693857.0111592,22774522.59072007,1340.0,-1.1415731224850912e-08,1396.0,ASK
370,1712693857.1311076,22774851.39564608,1340.0,-9.032326134831294e-09,1396.0,ASK
371,1712693857.4110477,22775257.67443006,1340.0,-1.1160545929431007e-08,1396.0,ASK
372,1712693857.510764,22775575.13882221,1340.0,-8.720799778937017e-09,1396.0,ASK
373,1712693857.6708596,22775889.0305581,1340.0,-8.6226583159846e-09,1396.0,ASK
374,1712693857.7708662,22776507.11655865,1340.0,-1.6978925480311944e-08,1396.0,ASK
375,1712693857.850607,22776821.0641173,1340.0,-8.624191776504727e-09,1396.0,ASK
376,1712693857.8708596,22777483.98695235,1340.0,-1.8210600799118922e-08,1396.0,ASK
377,1712693857.9506867,22777845.26990859,1340.0,-9.924503039802148e-09,1396.0,ASK
378,1712693857.971078,22778820.6085935,1340.0,-2.6792716279852293e-08,1396.0,ASK
379,1712693858.070703,22779768.99103685,1340.0,-2.6052223830060653e-08,1396.0,ASK
380,1712693858.1307063,22780148.97580111,1340.0,-1.0438244824029234e-08,1396.0,ASK
381,1712693858.1708102,22780864.48990258,1340.0,-1.96552916555143e-08,1396.0,ASK
382,1712693858.2107687,22781491.4491502,1340.0,-1.722267505680382e-08,1396.0,ASK
383,1712693858.2510126,22781913.9842917,1340.0,-1.1607110780632704e-08,1396.0,ASK
384,1712693858.7408314,22782233.79260917,1340.0,-8.785187798340711e-09,1396.0,ASK
385,1712693858.8207529,22782695.7105965,1340.0,-1.2688964121470046e-08,1396.0,ASK
386,1712693858.8608117,22783303.09344718,1340.0,-1.668490816898761e-08,1396.0,ASK
387,1712693859.3807242,22785383.17312024,1340.0,-5.7140135403169664e-08,1396.0,ASK
388,1712693859.4809797,22787379.67816357,1340.0,-5.4844326391052754e-08,1396.0,ASK
389,1712693859.5205956,22788051.70911263,1340.0,-1.8460802209492373e-08,1396.0,ASK
390,1712693859.5807247,22789238.6332955,1340.0,-3.2605005183570646e-08,1396.0,ASK
391,1712693859.640655,22789607.39335107,1340.0,-1.0129900205036238e-08,1396.0,ASK
392,1712693859.6805828,22790475.53660625,1340.0,-2.3848039953761016e-08,1396.0,ASK
393,1712693859.7406976,22791163.80381941,1340.0,-1.8906815091235973e-08,1396.0,ASK
394,1712693859.8006356,22792685.64574834,1340.0,-4.1805251504226855e-08,1396.0,ASK
395,1712693859.8205934,22793008.27100452,1340.0,-8.862569574320662e-09,1396.0,ASK
396,1712693859.880763,22794872.20390291,1340.0,-5.120254746764216e-08,1396.0,ASK
397,1712693859.9007714,22795981.6743115,1340.0,-3.047733709123405e-08,1396.0,ASK
398,1712693879.4208815,22797588.33301203,1339.0,-4.413518236046646e-08,1396.0,ASK
399,1712693879.4248843,22797625.6743115,1339.0,-1.025771721875215e-09,1396.0,ASK
400,1712693880.962943,22797625.6743115,1339.0,-0.0,1396.0,ASK
401,1712693887.944497,22798005.66529,1339.0,-1.0428744084997451e-08,1396.0,ASK
402,1712693890.6508331,22798043.00658947,1339.0,-1.0248213193793276e-09,1396.0,ASK
403,1712693890.6548889,22798966.99680957,1339.0,-2.535864819858101e-08,1396.0,ASK
404,1712693890.6588774,22799004.33810904,1339.0,-1.0248213194815671e-09,1396.0,ASK
405,1712693910.9928722,22799004.33810904,1339.0,-0.0,1396.0,ASK
406,1712693934.0707982,22799029.6560702,1339.0,-6.94809025258743e-10,1396.0,ASK
407,1712693940.6407735,22799029.6560702,1339.0,-0.0,1396.0,ASK
408,1712693970.623363,22799029.6560702,1339.0,-0.0,1396.0,ASK
409,1712694000.698065,22799029.6560702,1339.0,-0.0,1396.0,ASK
410,1712694030.654554,22799029.6560702,1339.0,-0.0,1396.0,ASK
411,1712694047.2897727,22801613.22245911,1337.0,-7.09598040579247e-08,1396.0,ASK
412,1712694047.2996824,22801630.33371565,1337.0,-4.69974921666992e-10,1396.0,ASK
413,1712694048.0397398,22801667.92770062,1337.0,-1.0325501286138375e-09,1396.0,ASK
414,1712694051.2899206,22801705.52168559,1337.0,-1.0325501286138375e-09,1396.0,ASK
415,1712694060.987941,22801705.52168559,1337.0,-0.0,1396.0,ASK
416,1712694066.7648206,22801713.00111715,1337.0,-2.0540863733649195e-10,1396.0,ASK
417,1712694066.7697306,22803611.24114872,1337.0,-5.2131621899833006e-08,1396.0,ASK
418,1712694090.9816377,22803611.24114872,1337.0,-0.0,1396.0,ASK
419,1712694111.2595625,22803624.81613002,1337.0,-3.7278545600079536e-10,1396.0,ASK
420,1712694111.263452,22804359.74414274,1336.0,-2.018201486468368e-08,1396.0,ASK
421,1712694120.609339,22804359.74414274,1336.0,-0.0,1396.0,ASK
422,1712694124.8917994,22804380.10352942,1337.0,-5.590781056091312e-10,1396.0,ASK
423,1712694150.663185,22804380.10352942,1337.0,-0.0,1396.0,ASK
424,1712694180.9892638,22804380.10352942,1337.0,-0.0,1396.0,ASK
425,1712694191.149268,22804467.67099704,1336.0,-2.4046410673819503e-09,1396.0,ASK
426,1712694210.6189995,22805216.17399106,1336.0,-2.055422050484911e-08,1396.0,ASK
427,1712694211.0119462,22805216.17399106,1336.0,-0.0,1396.0,ASK
428,1712694240.6316762,22805216.17399106,1336.0,-0.0,1396.0,ASK
429,1712694246.2889936,22805270.62788238,1336.0,-1.495281873914468e-09,1396.0,ASK
430,1712694246.2930236,22805939.4491621,1336.0,-1.83655623545286e-08,1396.0,ASK
431,1712694259.7190993,22806011.04632436,1336.0,-1.9660291737044307e-09,1396.0,ASK
432,1712694268.8487525,22806027.56237448,1337.0,4.5352406914650924e-10,1396.0,BID
433,1712694270.602834,22806027.56237448,1337.0,0.0,1396.0,BID
434,1712694290.088639,22806776.0653685,1336.0,-2.055297826184543e-08,1396.0,ASK
435,1712694293.0985923,22806788.73318249,1336.0,-3.478427042340253e-10,1396.0,ASK
436,1712694297.7788644,22806801.37906598,1337.0,3.4724051945834536e-10,1396.0,BID
437,1712694300.9827802,22806801.37906598,1337.0,0.0,1396.0,BID
438,1712694330.97237,22806801.37906598,1337.0,0.0,1396.0,BID
439,1712694337.6586044,22806808.85849754,1336.0,-2.0548579857119067e-10,1396.0,ASK
440,1712694337.6629603,22806993.41398748,1336.0,-5.070376259980695e-09,1396.0,ASK
441,1712694360.6415195,22806993.41398748,1336.0,-0.0,1396.0,ASK
442,1712694390.6380875,22806993.41398748,1336.0,-0.0,1396.0,ASK
443,1712694421.0098872,22806993.41398748,1336.0,-0.0,1396.0,ASK
444,1712694450.9992468,22806993.41398748,1336.0,-0.0,1396.0,ASK
445,1712694480.621106,22806993.41398748,1336.0,-0.0,1396.0,ASK
446,1712694498.9378598,22807000.90462418,1335.0,-2.0579219181350608e-10,1396.0,ASK
447,1712694498.9419298,22807193.41398748,1335.0,-5.288859333434845e-09,1396.0,ASK
448,1712694510.601801,22807193.41398748,1335.0,-0.0,1396.0,ASK
449,1712694540.6507936,22807193.41398748,1335.0,-0.0,1396.0,ASK
450,1712694568.58613,22807203.41398748,1336.0,2.7473056101490817e-10,1396.0,BID
451,1712694568.5900352,22807597.87616918,1336.0,1.0837081647720206e-08,1396.0,BID
452,1712694570.7293851,22807597.87616918,1336.0,0.0,1396.0,BID
453,1712694601.0820506,22807597.87616918,1336.0,0.0,1396.0,BID
454,1712694609.7872715,22807627.87616918,1336.0,-8.26020035338401e-10,1396.0,ASK
455,1712694628.8973267,22807727.87616918,1337.0,2.753400117794672e-09,1396.0,BID
456,1712694630.981362,22807727.87616918,1337.0,0.0,1396.0,BID
457,1712694659.1221774,22807858.95816916,1337.0,3.609194672367927e-09,1396.0,BID
458,1712694659.1266184,22809369.87926426,1337.0,4.160150415503114e-08,1396.0,BID
459,1712694660.6043332,22809369.87926426,1337.0,0.0,1396.0,BID
460,1712694677.057107,22809945.1923428,1337.0,-1.5839637733233106e-08,1396.0,ASK
461,1712694681.5178502,22809952.67177436,1337.0,2.0592524455680567e-10,1396.0,BID
462,1712694690.665095,22809952.67177436,1337.0,0.0,1396.0,BID
463,1712694709.797402,22810749.37801968,1337.0,2.1934609269809963e-08,1396.0,BID
464,1712694721.0060112,22810749.37801968,1337.0,0.0,1396.0,BID
465,1712694727.727682,22811008.12747815,1337.0,7.1235814499644705e-09,1396.0,BID
466,1712694750.9776783,22811008.12747815,1337.0,0.0,1396.0,BID
467,1712694761.7679296,22811011.86794187,1337.0,1.0297700474453575e-10,1396.0,BID
468,1712694779.3480527,22811068.64807835,1337.0,1.5631881010476971e-09,1396.0,BID
469,1712694780.6759083,22811068.64807835,1337.0,0.0,1396.0,BID
470,1712694795.662938,22811613.72681481,1336.0,-1.5006281240865547e-08,1396.0,ASK
471,1712694795.667213,22811845.41109889,1336.0,-6.378380394287613e-09,1396.0,ASK
472,1712694795.6692674,22811849.15436236,1336.0,-1.0305385369881979e-10,1396.0,ASK
473,1712694810.604921,22811849.15436236,1336.0,-0.0,1396.0,ASK
474,1712694819.5585897,22811852.89762583,1336.0,-1.0305089545874001e-10,1396.0,ASK
475,1712694819.563193,22811917.89418271,1336.0,-1.78933527889156e-09,1396.0,ASK
476,1712694831.0287051,22811921.69418271,1336.0,1.0461283459705316e-10,1396.0,BID
477,1712694841.042855,22811921.69418271,1336.0,0.0,1396.0,BID
478,1712694870.972076,22811921.69418271,1336.0,0.0,1396.0,BID
479,1712694900.641943,22811921.69418271,1336.0,0.0,1396.0,BID
480,1712694925.7494037,22811928.93158197,1336.0,-1.9981762373576303e-10,1396.0,ASK
481,1712694930.6392694,22811928.93158197,1336.0,-0.0,1396.0,ASK
482,1712694960.9725003,22811928.93158197,1336.0,-0.0,1396.0,ASK
483,1712694991.0043886,22811928.93158197,1336.0,-0.0,1396.0,ASK
484,1712695020.6034088,22811928.93158197,1336.0,-0.0,1396.0,ASK
485,1712695027.820096,22811935.04544154,1336.0,1.6879772984387327e-10,1396.0,BID
486,1712695027.8249676,22811951.38667179,1336.0,4.511655094973156e-10,1396.0,BID
487,1712695045.490347,22811964.64965089,1336.0,3.6617798251555077e-10,1396.0,BID
488,1712695045.4945805,22813287.34887651,1336.0,3.651844206415574e-08,1396.0,BID
489,1712695050.6433356,22813287.34887651,1336.0,0.0,1396.0,BID
490,1712695053.2400875,22813297.29611083,1336.0,-2.7461972662822366e-10,1396.0,ASK
491,1712695061.5504186,22813842.35676571,1337.0,1.5047841762082427e-08,1396.0,BID
492,1712695061.5598035,22817759.20785353,1337.0,1.0813503937149596e-07,1396.0,BID
493,1712695081.0115635,22817759.20785353,1337.0,0.0,1396.0,BID
494,1712695095.5028024,22817845.4334124,1336.0,-2.380091866046229e-09,1396.0,ASK
495,1712695110.9969275,22817845.4334124,1336.0,-0.0,1396.0,ASK
496,1712695140.6381235,22817845.4334124,1336.0,-0.0,1396.0,ASK
497,1712695147.4603934,22817995.46393703,1336.0,-4.141292913047033e-09,1396.0,ASK
498,1712695155.2741256,22818145.49227573,1336.0,-4.141232574828227e-09,1396.0,ASK
499,1712695155.3702457,22818263.84111477,1336.0,-3.266783273574379e-09,1396.0,ASK
500,1712695160.550651,22818398.717803,1336.0,-3.723001532405054e-09,1396.0,ASK
501,1712695167.25048,22818753.10748138,1337.0,9.782219099352352e-09,1396.0,BID
502,1712695168.050449,22818887.98416961,1336.0,-3.723001532405054e-09,1396.0,ASK
503,1712695168.150673,22819009.13834567,1336.0,-3.344218997706071e-09,1396.0,ASK
504,1712695168.430354,22819107.51033669,1336.0,-2.7153622921509286e-09,1396.0,ASK
505,1712695170.624688,22819107.51033669,1336.0,-0.0,1396.0,ASK
506,1712695183.5804682,22819225.25645557,1336.0,-3.249995093319188e-09,1396.0,ASK
507,1712695183.6402817,22819312.00192795,1336.0,-2.3943240106697888e-09,1396.0,ASK
508,1712695199.7403638,22819418.10851389,1336.0,-2.928723994971832e-09,1396.0,ASK
509,1712695200.0004914,22819513.42942778,1336.0,-2.631020923432451e-09,1396.0,ASK
510,1712695200.714509,22819513.42942778,1336.0,-0.0,1396.0,ASK
511,1712695209.4405062,22819661.96112111,1336.0,-4.1103765597975045e-09,1396.0,ASK
512,1712695209.530558,22819781.81229049,1336.0,-3.316689026097166e-09,1396.0,ASK
513,1712695209.720236,22819876.35672766,1336.0,-2.616365771474213e-09,1396.0,ASK
514,1712695210.9608967,22819984.15020135,1336.0,-2.983011622837017e-09,1396.0,ASK
515,1712695211.1236742,22820354.15020135,1336.0,-1.0239156997724871e-08,1396.0,ASK
516,1712695213.3905492,22820724.15020135,1336.0,-1.0239156997724871e-08,1396.0,ASK
517,1712695213.5507703,22820812.97179684,1336.0,-2.457995300027848e-09,1396.0,ASK
518,1712695213.6906643,22820932.39046246,1336.0,-3.304720177720617e-09,1396.0,ASK
519,1712695213.7504745,22821082.42296608,1336.0,-4.1519090792560975e-09,1396.0,ASK
520,1712695216.0003948,22821452.42296608,1336.0,-1.0239156997724871e-08,1396.0,ASK
521,1712695217.0804703,22822339.85406608,1336.0,-2.4558233398812373e-08,1396.0,ASK
522,1712695217.1611693,22822530.52370132,1336.0,-5.276476567354535e-09,1396.0,ASK
523,1712695217.1660137,22823070.20428499,1336.0,-1.4934795202135974e-08,1396.0,ASK
524,1712695217.1714067,22823144.97977149,1336.0,-2.069291745630783e-09,1396.0,ASK
525,1712695230.6331265,22823144.97977149,1336.0,-0.0,1396.0,ASK
526,1712695232.490536,22823148.7597116,1336.0,1.0458974170935739e-10,1396.0,BID
527,1712695243.7505565,22823234.19326857,1335.0,-2.363919373721261e-09,1396.0,ASK
528,1712695260.9852064,22823234.19326857,1335.0,-0.0,1396.0,ASK
529,1712695290.9939165,22823234.19326857,1335.0,-0.0,1396.0,ASK
530,1712695301.890829,22823286.54928951,1337.0,1.4486696883679704e-09,1396.0,BID
531,1712695316.6608372,22823338.90531045,1335.0,-1.4486696883679704e-09,1396.0,ASK
532,1712695320.623449,22823338.90531045,1335.0,-0.0,1396.0,ASK
533,1712695335.4944105,22824091.86911149,1335.0,-2.083411980448606e-08,1396.0,ASK
534,1712695349.600847,22824461.86911149,1335.0,-1.023770905985105e-08,1396.0,ASK
535,1712695350.611507,22824461.86911149,1335.0,-0.0,1396.0,ASK
536,1712695359.0512187,22827587.86606523,1335.0,-8.649113479596517e-08,1396.0,ASK
537,1712695359.0568924,22828682.65265698,1335.0,-3.029092352969938e-08,1396.0,ASK
538,1712695359.0620084,22828758.87063449,1335.0,-2.108824629118661e-09,1396.0,ASK
539,1712695369.5710418,22828846.52906145,1335.0,2.425362831326048e-09,1396.0,BID
540,1712695380.988289,22828846.52906145,1335.0,0.0,1396.0,BID
541,1712695390.9809382,22828977.99460452,1335.0,3.6368438363794526e-09,1396.0,BID
542,1712695407.9609058,22829006.45902399,1335.0,7.874355978473006e-10,1396.0,BID
543,1712695410.9812706,22829006.45902399,1335.0,0.0,1396.0,BID
544,1712695423.960813,22829231.5183723,1335.0,6.225972602509037e-09,1396.0,BID
545,1712695440.6206975,22829231.5183723,1335.0,0.0,1396.0,BID
546,1712695443.572329,22829980.02136631,1336.0,2.0706184547143728e-08,1396.0,BID
547,1712695459.431014,22830054.87166571,1336.0,2.070618454673151e-09,1396.0,BID
548,1712695466.1510518,22830129.72196511,1336.0,2.070618454776205e-09,1396.0,BID
549,1712695470.670947,22830129.72196511,1336.0,0.0,1396.0,BID
550,1712695471.7712257,22830204.57226451,1336.0,2.0705497203835612e-09,1396.0,BID
551,1712695472.4712708,22830301.40180439,1335.0,-2.678551433095249e-09,1396.0,ASK
552,1712695486.0812206,22830522.65180439,1335.0,-6.120337918633162e-09,1396.0,ASK
553,1712695500.653458,22830522.65180439,1335.0,-0.0,1396.0,ASK
554,1712695501.0808473,22831084.71394427,1335.0,-1.556073194136552e-08,1396.0,ASK
555,1712695501.0836108,22831266.63440439,1335.0,-5.036481402535992e-09,1396.0,ASK
556,1712695505.9711225,22831266.63443679,1335.0,-8.969645525284412e-16,1396.0,ASK
557,1712695530.6408727,22831266.63443679,1335.0,-0.0,1396.0,ASK
558,1712695546.3510952,22831274.44139053,1335.0,2.1613014908372886e-10,1396.0,BID
559,1712695560.9908772,22831274.44139053,1335.0,0.0,1396.0,BID
560,1712695583.8214335,22831278.1839055,1336.0,1.0360892511806884e-10,1396.0,BID
561,1712695590.99104,22831278.1839055,1336.0,0.0,1396.0,BID
562,1712695592.201249,22831648.13141677,1336.0,1.024173823687985e-08,1396.0,BID
563,1712695620.671663,22831648.13141677,1336.0,0.0,1396.0,BID
564,1712695632.581319,22832381.77868473,1335.0,2.031023385152041e-08,1396.0,BID
565,1712695648.3039465,22832602.0559881,1335.0,6.0981397177740965e-09,1396.0,BID
566,1712695650.611096,22832602.0559881,1335.0,0.0,1396.0,BID
567,1712695661.5612335,22832646.2501143,1334.0,-1.223423617173152e-09,1396.0,ASK
568,1712695661.56786,22832724.07545118,1334.0,-2.1544346125073714e-09,1396.0,ASK
569,1712695662.601202,22832873.88818526,1335.0,4.147257854944225e-09,1396.0,BID
570,1712695681.0117326,22832873.88818526,1335.0,0.0,1396.0,BID
571,1712695704.5116298,22833155.57957102,1335.0,7.797969159787764e-09,1396.0,BID
572,1712695709.6012137,22833285.74888141,1334.0,-3.603433826127122e-09,1396.0,ASK
573,1712695710.9711633,22833285.74888141,1334.0,-0.0,1396.0,ASK
574,1712695740.631467,22833285.74888141,1334.0,-0.0,1396.0,ASK
575,1712695744.9511895,22833375.76013778,1334.0,-2.491713825047915e-09,1396.0,ASK
576,1712695770.6515098,22833375.76013778,1334.0,-0.0,1396.0,ASK
577,1712695800.740919,22833375.76013778,1334.0,-0.0,1396.0,ASK
578,1712695825.720976,22833398.24814377,1334.0,-6.22740196909031e-10,1396.0,ASK
579,1712695830.6175845,22833398.24814377,1334.0,-0.0,1396.0,ASK
580,1712695839.571127,22833435.72940314,1334.0,-1.037934064111486e-09,1396.0,ASK
581,1712695839.5758033,22840294.00460881,1334.0,-1.8991991136314416e-07,1396.0,ASK
582,1712695839.67125,22846236.36412091,1334.0,1.645562999415645e-07,1396.0,BID
583,1712695839.673686,22847402.62159526,1334.0,3.229609625049608e-08,1396.0,BID
584,1712695860.9822,22847402.62159526,1334.0,0.0,1396.0,BID
585,1712695877.6614783,22847499.90384247,1335.0,2.692554890017833e-09,1396.0,BID
586,1712695890.982583,22847499.90384247,1335.0,0.0,1396.0,BID
587,1712695913.3009622,22847524.17537805,1335.0,-6.71779371595276e-10,1396.0,ASK
588,1712695913.305869,22847596.9412423,1335.0,-2.013989036649845e-09,1396.0,ASK
589,1712695920.608068,22847596.9412423,1335.0,-0.0,1396.0,ASK
590,1712695923.6909988,22847600.07457277,1335.0,8.672295254563945e-11,1396.0,BID
591,1712695929.4509983,22847824.8497414,1334.0,-6.22122896313504e-09,1396.0,ASK
592,1712695929.4621649,22847899.77479761,1334.0,-2.073742987780417e-09,1396.0,ASK
593,1712695929.561389,22848760.9869682,1334.0,2.3836254386071103e-08,1396.0,BID
594,1712695950.611884,22848760.9869682,1334.0,0.0,1396.0,BID
595,1712695981.013351,22848760.9869682,1334.0,0.0,1396.0,BID
596,1712696010.990863,22848760.9869682,1334.0,0.0,1396.0,BID
597,1712696036.2810082,22848798.44015172,1335.0,1.0365683080462951e-09,1396.0,BID
598,1712696040.6508193,22848798.44015172,1335.0,0.0,1396.0,BID
599,1712696042.6809256,22848835.89333524,1335.0,1.0365668736256807e-09,1396.0,BID
600,1712696070.6511626,22848835.89333524,1335.0,0.0,1396.0,BID
601,1712696089.1209033,22848843.38397194,1335.0,2.0731308769746407e-10,1396.0,BID
602,1712696100.3044505,22850707.31687033,1335.0,5.158676090685188e-08,1396.0,BID
603,1712696100.3835316,22851334.27611795,1335.0,1.735191048624937e-08,1396.0,BID
604,1712696100.4012928,22851789.77560418,1335.0,1.2606539167606572e-08,1396.0,BID
605,1712696100.7518451,22852007.0762492,1334.0,-6.014077239164877e-09,1396.0,ASK
606,1712696100.7548451,22852082.03876794,1334.0,-2.074684949536996e-09,1396.0,ASK
607,1712696100.7577813,22852086.03876794,1334.0,-1.1070518890756632e-10,1396.0,ASK
608,1712696100.760598,22852835.66395534,1334.0,-2.0746849495163763e-08,1396.0,ASK
609,1712696100.7635005,22852882.45811885,1335.0,-1.2950891777921524e-09,1396.0,ASK
610,1712696100.766319,22852919.93937822,1334.0,-1.0373424748200494e-09,1396.0,ASK
611,1712696100.8406732,22853261.50267896,1334.0,9.453207433077672e-09,1396.0,BID
612,1712696100.8638096,22855986.91028896,1334.0,7.542919107876952e-08,1396.0,BID
613,1712696100.8857205,22859673.82743725,1334.0,1.020402148470547e-07,1396.0,BID
614,1712696100.976347,22859673.82743725,1334.0,0.0,1396.0,BID
615,1712696101.1409633,22861659.29854451,1334.0,5.5009712274289864e-08,1396.0,BID
616,1712696130.9516068,22861659.29854451,1334.0,0.0,1396.0,BID
617,1712696160.587453,22861659.29854451,1334.0,0.0,1396.0,BID
618,1712696162.6509297,22861663.04105948,1336.0,1.0368298195390676e-10,1396.0,BID
619,1712696165.0007408,22863160.0470475,1336.0,4.147319280519683e-08,1396.0,BID
620,1712696190.6333,22863160.0470475,1336.0,0.0,1396.0,BID
621,1712696195.4407094,22863339.2187475,1336.0,-4.963513696032195e-09,1396.0,ASK
622,1712696195.4627235,22863339.21882893,1336.0,-2.255850017322936e-15,1396.0,ASK
623,1712696196.220807,22863518.39052893,1336.0,4.963513695928995e-09,1396.0,BID
624,1712696196.2273068,22872216.87714732,1337.0,2.409702953365876e-07,1396.0,BID
625,1712696207.1807785,22872395.86994732,1336.0,-4.9585577091282e-09,1396.0,ASK
626,1712696220.971242,22872395.86994732,1336.0,-0.0,1396.0,ASK
627,1712696251.0017374,22872395.86994732,1336.0,-0.0,1396.0,ASK
628,1712696254.5612645,22872758.38487848,1336.0,-1.0039155421230113e-08,1396.0,ASK
629,1712696254.5682886,22872765.86994732,1336.0,-2.0728461917771336e-10,1396.0,ASK
630,1712696254.623258,22872885.39121839,1336.0,-3.309912263669645e-09,1396.0,ASK
631,1712696256.0507555,22873051.66551839,1336.0,-4.6046476896989535e-09,1396.0,ASK
632,1712696267.3707936,22873051.66559141,1336.0,-2.0222357567105158e-15,1396.0,ASK
633,1712696267.3747678,22873158.66551839,1336.0,-2.9631576651254243e-09,1396.0,ASK
634,1712696268.2539234,22873247.44336449,1336.0,-2.4585320999927837e-09,1396.0,ASK
635,1712696273.4107778,22873255.90379023,1336.0,-2.3429525697682163e-10,1396.0,ASK
636,1712696276.5809264,22873405.49242149,1337.0,4.142570110556153e-09,1396.0,BID
637,1712696280.376619,22873494.9331751,1336.0,-2.47689005141328e-09,1396.0,ASK
638,1712696280.6530037,22873494.9331751,1336.0,-0.0,1396.0,ASK
639,1712696292.8307545,22873887.9330751,1336.0,-1.0882935559623597e-08,1396.0,ASK
640,1712696294.320725,22874201.2541751,1336.0,-8.676473812731057e-09,1396.0,ASK
641,1712696302.3508644,22874201.25422267,1336.0,-1.3172573366842006e-15,1396.0,ASK
642,1712696302.356706,22875136.88294735,1336.0,-2.5909388573396745e-08,1396.0,ASK
643,1712696302.4305973,22875698.26021069,1336.0,-1.554563393402107e-08,1396.0,ASK
644,1712696310.603959,22875698.26021069,1336.0,-0.0,1396.0,ASK
645,1712696311.2206223,22876446.7632047,1336.0,2.072582178253764e-08,1396.0,BID
646,1712696324.8108275,22876561.5187012,1336.0,3.177545030567841e-09,1396.0,BID
647,1712696331.5506914,22876600.88779574,1335.0,-1.09011833445118e-09,1396.0,ASK
648,1712696336.8806832,22878639.96756934,1335.0,-5.64615029280057e-08,1396.0,ASK
649,1712696341.0070822,22878639.96756934,1335.0,-0.0,1396.0,ASK
650,1712696370.9914176,22878639.96756934,1335.0,-0.0,1396.0,ASK
651,1712696382.8551805,22878800.96756934,1335.0,-4.457556530149739e-09,1396.0,ASK
652,1712696392.620455,22878897.96252766,1335.0,-2.685469005251147e-09,1396.0,ASK
653,1712696400.8001778,22878897.96252766,1335.0,-0.0,1396.0,ASK
654,1712696406.7108731,22878972.75684329,1337.0,2.074439985953934e-09,1396.0,BID
655,1712696419.9950883,22879121.28876463,1335.0,-4.1195718445895405e-09,1396.0,ASK
656,1712696420.013063,22879227.92464502,1335.0,-2.9575741465403107e-09,1396.0,ASK
657,1712696420.0175796,22879270.67773616,1335.0,-1.185768210185268e-09,1396.0,ASK
658,1712696421.1589062,22879420.06670769,1335.0,-4.143342356725579e-09,1396.0,ASK
659,1712696421.1726573,22879539.27166748,1335.0,-3.3061808644662794e-09,1396.0,ASK
660,1712696422.5204911,22879754.61226748,1335.0,-5.9725280920036e-09,1396.0,ASK
661,1712696430.6343389,22879754.61226748,1335.0,-0.0,1396.0,ASK
662,1712696434.0461748,22879841.53154722,1335.0,-2.4106525765947196e-09,1396.0,ASK
663,1712696434.0804012,22879929.23888506,1335.0,-2.4325088816642844e-09,1396.0,ASK
664,1712696451.5504396,22880100.16181077,1335.0,-4.740441850180692e-09,1396.0,ASK
665,1712696461.0221355,22880100.16181077,1335.0,-0.0,1396.0,ASK
666,1712696462.7606044,22880107.65806264,1334.0,-2.0790125898065582e-10,1396.0,ASK
667,1712696462.7666783,22880164.05957434,1334.0,-1.5642411026284763e-09,1396.0,ASK
668,1712696468.260441,22880538.31107134,1336.0,1.0379501483098241e-08,1396.0,BID
669,1712696478.6802597,22880545.79610128,1336.0,2.0759002964956667e-10,1396.0,BID
670,1712696483.1411188,22880553.28113122,1336.0,2.0759002964956667e-10,1396.0,BID
671,1712696490.9712982,22880553.28113122,1336.0,0.0,1396.0,BID
672,1712696494.6121676,22880560.76616116,1335.0,2.0758654515735927e-10,1396.0,BID
673,1712696504.070717,22880565.76616116,1335.0,1.3866781217544754e-10,1396.0,BID
674,1712696505.3302915,22880573.25679786,1335.0,2.0774204067087727e-10,1396.0,BID
675,1712696514.820274,22880595.74555348,1334.0,-6.236933079996026e-10,1396.0,ASK
676,1712696520.604515,22880595.74555348,1334.0,-0.0,1396.0,ASK
677,1712696528.5503297,22881569.32904927,1334.0,-2.7000896231925934e-08,1396.0,ASK
678,1712696528.5562928,22883772.58737097,1334.0,-6.110410619473456e-08,1396.0,ASK
679,1712696528.6304195,22884904.22008031,1334.0,-3.1384157074957696e-08,1396.0,ASK
680,1712696529.8101976,22885055.46014891,1334.0,-4.1944192932776445e-09,1396.0,ASK
681,1712696540.3903196,22885425.46014891,1334.0,-1.0261401974245208e-08,1396.0,ASK
682,1712696548.7508042,22885807.31014891,1334.0,-1.0590044172650876e-08,1396.0,ASK
683,1712696548.84013,22885957.29197738,1334.0,-4.1595238669209134e-09,1396.0,ASK
684,1712696548.9446335,22886075.60412714,1334.0,-3.281212235454371e-09,1396.0,ASK
685,1712696550.2628393,22886333.60412714,1334.0,-7.155247863122334e-09,1396.0,ASK
686,1712696550.6632588,22886333.60412714,1334.0,-0.0,1396.0,ASK
687,1712696551.7617042,22886688.60412714,1334.0,-9.843309646195025e-09,1396.0,ASK
688,1712696553.2302694,22887043.60412714,1334.0,-9.843309646195025e-09,1396.0,ASK
689,1712696553.6201675,22887659.24855595,1334.0,-1.7070362661270604e-08,1396.0,ASK
690,1712696553.6401896,22889115.69228789,1334.0,-4.038373700203167e-08,1396.0,ASK
691,1712696553.6449995,22889130.55067578,1334.0,-4.119879235391196e-10,1396.0,ASK
692,1712696577.6017635,22889157.713564,1333.0,-7.53162590559561e-10,1396.0,ASK
693,1712696577.6078134,22889219.84289238,1333.0,-1.7226992037473402e-09,1396.0,ASK
694,1712696577.8447225,22889312.23868221,1333.0,-2.5619165332955515e-09,1396.0,ASK
695,1712696578.070197,22889401.08121296,1333.0,-2.463393070200778e-09,1396.0,ASK
696,1712696580.9726849,22889401.08121296,1333.0,-0.0,1396.0,ASK
697,1712696581.1300635,22889760.41119997,1333.0,-9.962239676361169e-09,1396.0,ASK
698,1712696581.1500003,22889887.01119997,1333.0,-3.509920097522092e-09,1396.0,ASK
699,1712696582.9001672,22890035.47090873,1333.0,-4.115969316333845e-09,1396.0,ASK
700,1712696582.9068518,22890185.15639739,1333.0,-4.149953435612749e-09,1396.0,ASK
701,1712696583.9642255,22890799.07188014,1333.0,-1.702049203043343e-08,1396.0,ASK
702,1712696589.04915,22890888.77954191,1333.0,-2.487098933219025e-09,1396.0,ASK
703,1712696589.0812116,22890978.11698976,1333.0,-2.476834942124896e-09,1396.0,ASK
704,1712696589.520105,22891127.79160842,1333.0,-4.149652070374068e-09,1396.0,ASK
705,1712696590.207589,22891277.46622708,1333.0,-4.1496520704773506e-09,1396.0,ASK
706,1712696590.840069,22891350.21244582,1333.0,-2.016851620652121e-09,1396.0,ASK
707,1712696591.053549,22891439.59515705,1333.0,-2.478089846022269e-09,1396.0,ASK
708,1712696593.2323864,22891589.29296881,1333.0,-4.1502950872460335e-09,1396.0,ASK
709,1712696598.6503825,22891735.08998617,1333.0,-4.042147562334346e-09,1396.0,ASK
710,1712696599.5705447,22891880.88700353,1333.0,-4.0421475622310646e-09,1396.0,ASK
711,1712696611.0306864,22891880.88700353,1333.0,-0.0,1396.0,ASK
712,1712696632.9502113,22891955.84952227,1334.0,2.0781069526964142e-09,1396.0,BID
713,1712696639.370409,22892030.81204101,1334.0,2.0781069526964142e-09,1396.0,BID
714,1712696640.5992455,22892030.81204101,1334.0,0.0,1396.0,BID
715,1712696646.0503843,22892289.81204101,1333.0,-7.1799443995936675e-09,1396.0,ASK
716,1712696651.4500594,22892460.7285443,1333.0,-4.738111932740325e-09,1396.0,ASK
717,1712696653.499892,22892535.69106304,1334.0,2.0780954309262402e-09,1396.0,BID
718,1712696669.2901156,22892610.65358178,1334.0,2.0780954309262402e-09,1396.0,BID
719,1712696670.6100574,22892610.65358178,1334.0,0.0,1396.0,BID
720,1712696683.770245,22894191.70446165,1333.0,-4.3828625994209896e-08,1396.0,ASK
721,1712696689.1130247,22895167.13646165,1333.0,-2.704014453621582e-08,1396.0,ASK
722,1712696689.2902205,22895242.09898039,1334.0,2.0780508959521203e-09,1396.0,BID
723,1712696696.5099556,22895317.06149913,1334.0,2.0780508959521203e-09,1396.0,BID
724,1712696700.9966028,22895317.06149913,1334.0,0.0,1396.0,BID
725,1712696702.6558497,22895904.4475561,1334.0,1.6386811944086362e-08,1396.0,BID
726,1712696711.978075,22895940.51947516,1334.0,1.0063292225665415e-09,1396.0,BID
727,1712696712.602506,22896726.75176923,1333.0,-2.193419573790988e-08,1396.0,ASK
728,1712696714.07996,22896946.75176923,1333.0,-6.137528436222627e-09,1396.0,ASK
729,1712696717.969973,22897021.71428797,1334.0,2.091293592819796e-09,1396.0,BID
730,1712696723.0900657,22897117.71418797,1333.0,-2.678191436882451e-09,1396.0,ASK
731,1712696730.2509506,22897192.67670671,1334.0,2.091293592819796e-09,1396.0,BID
732,1712696731.001368,22897192.67670671,1334.0,0.0,1396.0,BID
733,1712696737.9501874,22897885.11680921,1334.0,1.931624690745624e-08,1396.0,BID
734,1712696737.9565506,22898391.00354329,1334.0,1.4112170897336876e-08,1396.0,BID
735,1712696741.4435182,22898398.49979516,1334.0,2.0911476888328528e-10,1396.0,BID
736,1712696745.8205109,22898473.4623139,1334.0,2.091147689975977e-09,1396.0,BID
737,1712696750.7207444,22898548.42483264,1334.0,2.091147689872057e-09,1396.0,BID
738,1712696754.7208884,22898735.67669553,1333.0,-5.223561149059718e-09,1396.0,ASK
739,1712696757.6994865,22898950.07199553,1333.0,-5.9807520327716454e-09,1396.0,ASK
740,1712696759.0707583,22899025.03451427,1334.0,2.091147689975977e-09,1396.0,BID
741,1712696760.6325655,22899025.03451427,1334.0,0.0,1396.0,BID
742,1712696760.8079717,22899120.03451427,1333.0,-2.649930804264505e-09,1396.0,ASK
743,1712696761.0806804,22899332.45621427,1333.0,-5.925292698171106e-09,1396.0,ASK
744,1712696766.1450691,22899407.41873301,1334.0,2.091005132270417e-09,1396.0,BID
745,1712696771.266436,22904044.1856721,1334.0,1.2933801625364488e-07,1396.0,BID
746,1712696771.2716362,22904309.95172438,1334.0,7.413280512247784e-09,1396.0,BID
747,1712696775.4616935,22904384.91424312,1334.0,2.0910051323743308e-09,1396.0,BID
748,1712696784.9818883,22904459.87676186,1334.0,2.0910051323743308e-09,1396.0,BID
749,1712696788.1114893,22904739.77096186,1333.0,-7.807371184289632e-09,1396.0,ASK
750,1712696790.6433003,22904739.77096186,1333.0,-0.0,1396.0,ASK
751,1712696798.151632,22904934.77096186,1333.0,-5.438175318419784e-09,1396.0,ASK
752,1712696799.641945,22905369.77096186,1333.0,-1.2131314171859518e-08,1396.0,ASK
753,1712696800.6618612,22905444.7334806,1334.0,2.0905606113890797e-09,1396.0,BID
754,1712696806.921458,22905519.69599934,1334.0,2.0905606113890797e-09,1396.0,BID
755,1712696819.8821795,22905594.65851808,1334.0,2.0905606113890797e-09,1396.0,BID
756,1712696820.985009,22905594.65851808,1334.0,0.0,1396.0,BID
757,1712696824.5781944,22905904.13361808,1333.0,-8.630391569510957e-09,1396.0,ASK
758,1712696825.4842348,22906775.26288165,1333.0,-2.4293349133105252e-08,1396.0,ASK
759,1712696825.4908218,22907180.55943638,1333.0,-1.1302582886616998e-08,1396.0,ASK
760,1712696825.5877748,22907188.06131184,1333.0,-2.0920624220460608e-10,1396.0,ASK
761,1712696825.5907876,22920460.45084548,1333.0,-3.701296767933313e-07,1396.0,ASK
762,1712696825.5937855,22922029.73603638,1333.0,-4.376295760698103e-08,1396.0,ASK
763,1712696825.6244862,22922656.695284,1333.0,-1.748413298878921e-08,1396.0,ASK
764,1712696826.0939748,22922948.695284,1333.0,-8.143060098539806e-09,1396.0,ASK
765,1712696826.373742,22925573.8654665,1333.0,-7.320862522257705e-08,1396.0,ASK
766,1712696826.453369,22926117.00412493,1333.0,-1.5146612114414106e-08,1396.0,ASK
767,1712696826.614995,22927975.87845237,1333.0,-5.1838785493169554e-08,1396.0,ASK
768,1712696826.6211796,22927992.54912003,1333.0,-4.6489811176034795e-10,1396.0,ASK
769,1712696826.6265547,22928742.17430743,1333.0,-2.0904941617647133e-08,1396.0,ASK
770,1712696830.2025945,22928817.19306211,1333.0,2.092062424331594e-09,1396.0,BID
771,1712696840.0696046,22929724.44259226,1332.0,-2.5300641946456253e-08,1396.0,ASK
772,1712696840.1360383,22929747.28774991,1332.0,-6.370873003404808e-10,1396.0,ASK
773,1712696840.1391585,22931941.95047507,1332.0,-6.120298105142937e-08,1396.0,ASK
774,1712696840.285118,22932751.24811197,1333.0,2.2569038681108693e-08,1396.0,BID
775,1712696840.5341666,22932816.68013063,1332.0,-1.824715275059009e-09,1396.0,ASK
776,1712696840.5441751,22933116.9322205,1332.0,-8.37318771410042e-09,1396.0,ASK
777,1712696840.5470967,22935400.61290805,1332.0,-6.368544207054132e-08,1396.0,ASK
778,1712696840.7950826,22935475.74438814,1331.0,-2.095206019410012e-09,1396.0,ASK
779,1712696840.7981863,22935491.78079246,1331.0,-4.4721028813347935e-10,1396.0,ASK
780,1712696840.8011923,22935566.91227255,1331.0,-2.095206019410012e-09,1396.0,ASK
781,1712696842.8234825,22935679.16238508,1331.0,-3.130340453419096e-09,1396.0,ASK
782,1712696842.830091,22935730.17106591,1331.0,-1.4224888820523551e-09,1396.0,ASK
783,1712696850.0231435,22935805.24614098,1332.0,2.0936330417044154e-09,1396.0,BID
784,1712696850.9428887,22935805.24614098,1332.0,0.0,1396.0,BID
785,1712696856.9530654,22935880.32121605,1332.0,2.091284830882961e-09,1396.0,BID
786,1712696857.0531206,22935884.0749698,1332.0,1.0456424138330244e-10,1396.0,BID
787,1712696860.956471,22935892.41656139,1332.0,2.3236265760691127e-10,1396.0,BID
788,1712696863.3454611,22935967.49163646,1332.0,2.09128483077919e-09,1396.0,BID
789,1712696873.1637886,22936037.56671153,1332.0,1.952005261139162e-09,1396.0,BID
790,1712696873.170695,22936042.56671153,1331.0,1.3927956974379942e-10,1396.0,BID
791,1712696880.6537628,22936042.56671153,1331.0,0.0,1396.0,BID
792,1712696887.2041771,22936050.91457028,1331.0,-2.3253518740739343e-10,1396.0,ASK
793,1712696887.3581452,22938064.67571027,1331.0,5.609466309173306e-08,1396.0,BID
794,1712696891.4438815,22938139.69446495,1333.0,2.0896975743368716e-09,1396.0,BID
795,1712696900.5643702,22938214.82594504,1331.0,2.0928376158177427e-09,1396.0,BID
796,1712696909.0343063,22938289.95742513,1331.0,2.092837615921513e-09,1396.0,BID
797,1712696910.6569571,22938289.95742513,1331.0,0.0,1396.0,BID
798,1712696928.494796,22938365.08890522,1331.0,2.0926632380575207e-09,1396.0,BID
799,1712696935.4653883,22938440.22038531,1331.0,2.0926632380575207e-09,1396.0,BID
800,1712696940.975021,22938440.22038531,1331.0,0.0,1396.0,BID
801,1712696948.4853024,22938888.19745896,1331.0,1.2477591684806015e-08,1396.0,BID
802,1712696948.491739,22944128.8522566,1331.0,1.4596896710151548e-07,1396.0,BID
803,1712696952.1279502,22944634.37950628,1331.0,-1.4080547818288552e-08,1396.0,ASK
804,1712696952.635475,22944709.45458135,1332.0,2.0910805207323924e-09,1396.0,BID
805,1712696959.7453709,22944852.45458135,1331.0,-3.983006532870246e-09,1396.0,ASK
806,1712696965.4155643,22944927.52965642,1332.0,2.0910805207323924e-09,1396.0,BID
807,1712696971.0054724,22944927.52965642,1332.0,0.0,1396.0,BID
808,1712696981.7565644,22946665.98014404,1331.0,-4.840975333188542e-08,1396.0,ASK
809,1712696987.3059306,22946706.72778823,1332.0,1.134679082396233e-09,1396.0,BID
810,1712697000.4615636,22946725.09394526,1331.0,-5.114331054771235e-10,1396.0,ASK
811,1712697000.705995,22946725.09394526,1331.0,-0.0,1396.0,ASK
812,1712697004.176487,22946829.90751005,1331.0,-2.9523647011061115e-09,1396.0,ASK
1013,1712697007.7477446,22946999.7287654,1331.0,-4.783486572565955e-09,1396.0,ASK
813,1712697007.7477446,22946999.7287654,1331.0,-4.7834865725659554e-09,1396.0,ASK
814,1712697007.7554932,22947027.24191005,1331.0,-7.74984013325675e-10,1396.0,ASK
815,1712697008.1667123,22947027.2419134,1331.0,-9.433488523232035e-17,1396.0,ASK
816,1712697013.3363245,22947127.2419134,1331.0,2.816777300783713e-09,1396.0,BID
817,1712697030.6581483,22947127.2419134,1331.0,0.0,1396.0,BID
818,1712697038.9968562,22954640.38992241,1331.0,2.1162545700394625e-07,1396.0,BID
819,1712697061.009339,22954640.38992241,1331.0,0.0,1396.0,BID
820,1712697080.1979692,22955267.34917003,1331.0,1.7654806623793165e-08,1396.0,BID
821,1712697090.4094107,22955492.40543409,1330.0,-6.337453090561783e-09,1396.0,ASK
822,1712697090.4131272,22955717.46169815,1330.0,-6.3374530904568806e-09,1396.0,ASK
823,1712697090.4168458,22957657.91111032,1330.0,-5.4641923323143743e-08,1396.0,ASK
824,1712697091.0195994,22957657.91111032,1330.0,-0.0,1396.0,ASK
825,1712697097.8977945,22957937.75395913,1330.0,-7.879320753696651e-09,1396.0,ASK
826,1712697097.907725,22960047.38147865,1330.0,-5.9399166238182304e-08,1396.0,ASK
827,1712697097.912992,22962006.17447863,1330.0,-5.515223420044501e-08,1396.0,ASK
828,1712697120.6514158,22962006.17447863,1330.0,-0.0,1396.0,ASK
1029,1712697140.6588802,22962009.93105263,1331.0,1.0575375658323001e-10,1396.0,BID
829,1712697140.6588802,22962009.93105263,1331.0,1.0575375658323e-10,1396.0,BID
830,1712697150.6198378,22962009.93105263,1331.0,0.0,1396.0,BID
831,1712697156.6687455,22962765.35364051,1330.0,-2.1266389344627933e-08,1396.0,ASK
832,1712697175.158936,22963046.69853431,1330.0,-7.920321880241465e-09,1396.0,ASK
833,1712697181.0277898,22963046.69853431,1330.0,-0.0,1396.0,ASK
834,1712697189.4390829,22963552.00615156,1330.0,-1.4224689030257342e-08,1396.0,ASK
835,1712697189.74925,22963555.76272556,1331.0,1.0574963677852407e-10,1396.0,BID
836,1712697211.011824,22963555.76272556,1331.0,0.0,1396.0,BID
837,1712697224.4496784,22964254.02063129,1330.0,-1.9655971782419687e-08,1396.0,ASK
838,1712697224.4579434,22966825.66396406,1330.0,-7.239180304096683e-08,1396.0,ASK
839,1712697240.6103325,22966825.66396406,1330.0,-0.0,1396.0,ASK
840,1712697244.980762,22966915.24402176,1331.0,2.5213714546523e-09,1396.0,BID
841,1712697261.879949,22967915.24402176,1331.0,2.8146571004875346e-08,1396.0,BID
842,1712697267.530252,22967922.76357063,1331.0,2.1164951621162358e-10,1396.0,BID
843,1712697270.1260223,22968307.90431275,1330.0,-1.0840391244934122e-08,1396.0,ASK
844,1712697270.665756,22968307.90431275,1330.0,-0.0,1396.0,ASK
845,1712697300.6350906,22968307.90431275,1330.0,-0.0,1396.0,ASK
846,1712697322.1205523,22968383.43301365,1330.0,-2.132811969156129e-09,1396.0,ASK
847,1712697330.6321533,22968383.43301365,1330.0,-0.0,1396.0,ASK
848,1712697351.2612796,22968690.10957302,1330.0,-8.660040134009161e-09,1396.0,ASK
1049,1712697353.750826,22968784.83562884,1330.0,-2.6749075534784304e-09,1396.0,ASK
849,1712697353.750826,22968784.83562884,1330.0,-2.67490755347843e-09,1396.0,ASK
850,1712697354.4509442,22969108.63997423,1330.0,-9.143700556660654e-09,1396.0,ASK
851,1712697354.4608345,22969900.67849707,1330.0,-2.2365861315132945e-08,1396.0,ASK
852,1712697356.8449872,22970051.22988147,1330.0,-4.2513227415160715e-09,1396.0,ASK
853,1712697361.0209432,22970051.22988147,1330.0,-0.0,1396.0,ASK
854,1712697370.0017507,22970800.29355188,1330.0,-2.1150997530443657e-08,1396.0,ASK
855,1712697390.9912758,22970800.29355188,1330.0,-0.0,1396.0,ASK
856,1712697406.111451,22970895.29345188,1330.0,-2.68239698004892e-09,1396.0,ASK
1056,1712697406.111451,22970895.29345188,1330.0,-2.6823969800489202e-09,1396.0,ASK
857,1712697406.6313608,22970899.05077719,1331.0,1.0609103867985691e-10,1396.0,BID
858,1712697408.761443,22970904.56550296,1331.0,1.5571262447285696e-10,1396.0,BID
859,1712697411.6314647,22970985.53862075,1331.0,2.286339739640841e-09,1396.0,BID
860,1712697414.4828153,22971085.08253914,1330.0,-2.8107009173258713e-09,1396.0,ASK
861,1712697420.6520762,22971085.08253914,1330.0,-0.0,1396.0,ASK
862,1712697422.6415062,22971109.86353707,1331.0,6.997035042299756e-10,1396.0,BID
863,1712697448.4518764,22971204.86353707,1330.0,-2.6823711092812407e-09,1396.0,ASK
864,1712697449.083506,22971434.76893707,1330.0,-6.491490556096024e-09,1396.0,ASK
865,1712697450.582225,22971529.76883707,1330.0,-2.6823682856849083e-09,1396.0,ASK
866,1712697450.644323,22971529.76883707,1330.0,-0.0,1396.0,ASK
867,1712697461.7820592,22971788.76883707,1330.0,-7.312868582889225e-09,1396.0,ASK
868,1712697462.002393,22972534.4826509,1330.0,-2.105523984936345e-08,1396.0,ASK
869,1712697463.2618802,22972652.4826509,1330.0,-3.3317316323587982e-09,1396.0,ASK
870,1712697467.10195,22972832.3142509,1330.0,-5.077547713792412e-09,1396.0,ASK
871,1712697476.9172697,22973308.48259049,1330.0,-1.3444619655358187e-08,1396.0,ASK
872,1712697476.9223394,22973471.4460791,1330.0,-4.6012763553323956e-09,1396.0,ASK
873,1712697480.994742,22973471.4460791,1330.0,-0.0,1396.0,ASK
874,1712697482.250299,22973995.27773951,1330.0,-1.4789315815604616e-08,1396.0,ASK
875,1712697482.2537951,22974167.59116055,1330.0,-4.8649171015203605e-09,1396.0,ASK
876,1712697482.2571645,22978428.65089247,1330.0,-1.2030230863740393e-07,1396.0,ASK
877,1712697486.0824442,22978503.89543724,1329.0,-2.124375863699181e-09,1396.0,ASK
878,1712697486.086928,22978735.70649247,1329.0,-6.544711143735479e-09,1396.0,ASK
879,1712697510.9973338,22978735.70649247,1329.0,-0.0,1396.0,ASK
880,1712697525.6026435,22979096.98264081,1329.0,-1.0197877573940512e-08,1396.0,ASK
881,1712697525.610947,22979156.46008681,1329.0,-1.6788922144829435e-09,1396.0,ASK
1082,1712697526.249242,22979160.46008681,1330.0,-1.1290950283602059e-10,1396.0,ASK
882,1712697526.249242,22979160.46008681,1330.0,-1.129095028360206e-10,1396.0,ASK
883,1712697528.7778163,22979165.46008681,1329.0,-1.4113687854502575e-10,1396.0,ASK
884,1712697536.0125532,22979193.85641496,1330.0,-8.01553823375702e-10,1396.0,ASK
885,1712697540.6425946,22979193.85641496,1330.0,-0.0,1396.0,ASK
886,1712697560.2831483,22979225.50258054,1330.0,8.93272851959238e-10,1396.0,BID
887,1712697560.3625505,22979331.21405193,1330.0,-2.983906132196087e-09,1396.0,ASK
888,1712697564.092675,22979426.21405193,1329.0,-2.681554601703328e-09,1396.0,ASK
889,1712697570.6760705,22979426.21405193,1329.0,-0.0,1396.0,ASK
890,1712697578.9627695,22979443.99485302,1329.0,-5.018923494751794e-10,1396.0,ASK
891,1712697600.6939433,22979443.99485302,1329.0,-0.0,1396.0,ASK
892,1712697601.6064098,22979603.99485302,1329.0,-4.5203472391192885e-09,1396.0,ASK
893,1712697603.113463,22979611.51930749,1329.0,-2.1258216870384637e-10,1396.0,ASK
1093,1712697603.113463,22979611.51930749,1329.0,-2.125821687038464e-10,1396.0,ASK
894,1712697603.12097,22980028.99485302,1329.0,-1.1794590185206764e-08,1396.0,ASK
895,1712697606.447186,22980040.2730485,1329.0,-3.1863349880102765e-10,1396.0,ASK
896,1712697606.5829418,22980051.55124398,1329.0,-3.1863349869578024e-10,1396.0,ASK
897,1712697610.1812136,22980421.55124398,1329.0,-1.0453302990463357e-08,1396.0,ASK
898,1712697611.683223,22980776.55124398,1329.0,-1.0029520436795922e-08,1396.0,ASK
899,1712697611.6958225,22980927.03399671,1329.0,-4.251464348965892e-09,1396.0,ASK
900,1712697611.7030375,22980931.15811671,1329.0,-1.1651534036991323e-10,1396.0,ASK
901,1712697611.7070663,22981128.94366975,1329.0,-5.587871116439926e-09,1396.0,ASK
902,1712697617.8230326,22981133.94366975,1328.0,-1.4126085122247777e-10,1396.0,ASK
903,1712697630.6422334,22981133.94366975,1328.0,-0.0,1396.0,ASK
904,1712697632.4000924,22981728.25231497,1328.0,-1.6789443688740437e-08,1396.0,ASK
905,1712697632.4059677,22981760.90291737,1328.0,-9.22391849443304e-10,1396.0,ASK
1105,1712697632.4059677,22981760.90291737,1328.0,-9.223918494433041e-10,1396.0,ASK
906,1712697632.4735816,22981854.68021737,1328.0,-2.6492441432619037e-09,1396.0,ASK
907,1712697632.4870732,22982079.73648143,1328.0,-6.3579244599514e-09,1396.0,ASK
908,1712697632.490428,22983758.72994737,1328.0,-4.7432199543079295e-08,1396.0,ASK
909,1712697632.4973106,22984228.16526076,1328.0,-1.3261724901791953e-08,1396.0,ASK
910,1712697632.5006945,22984485.15154857,1328.0,-7.259959690432898e-09,1396.0,ASK
911,1712697632.5040724,22985639.84356663,1328.0,-3.2620485619819214e-08,1396.0,ASK
912,1712697632.53383,22987168.89555439,1328.0,-4.3196296153837886e-08,1396.0,ASK
913,1712697632.5882795,22989426.2318975,1328.0,-6.377060425436868e-08,1396.0,ASK
914,1712697633.713516,22991014.00770972,1328.0,-4.4855266373927776e-08,1396.0,ASK
915,1712697633.7195387,22991218.68795357,1328.0,-5.782294193363181e-09,1396.0,ASK
916,1712697635.583747,22991293.98915838,1328.0,-2.127287476049873e-09,1396.0,ASK
1117,1712697635.5874224,22992992.74524762,1328.0,-4.799050111531512e-08,1396.0,ASK
917,1712697635.5874224,22992992.74524762,1328.0,-4.7990501115315124e-08,1396.0,ASK
918,1712697641.2834122,22993015.35263269,1327.0,-6.38667166667651e-10,1396.0,ASK
919,1712697641.2916465,22993053.14543828,1327.0,-1.067661031676524e-09,1396.0,ASK
920,1712697641.3032866,22993678.30384626,1327.0,-1.766096113819841e-08,1396.0,ASK
921,1712697641.3092058,22995270.4616119,1327.0,-4.497905821309572e-08,1396.0,ASK
922,1712697650.6565013,22996018.40476822,1327.0,-2.1129676652784272e-08,1396.0,ASK
923,1712697660.69594,22996018.40476822,1327.0,-0.0,1396.0,ASK
924,1712697660.7511652,22996394.91079231,1328.0,-1.06305020801632e-08,1396.0,ASK
925,1712697690.6464746,22996394.91079231,1328.0,-0.0,1396.0,ASK
926,1712697705.7736304,22996404.91079231,1328.0,2.8234214934415583e-10,1396.0,BID
927,1712697720.9974384,22996404.91079231,1328.0,0.0,1396.0,BID
928,1712697721.4690862,22996624.61779231,1327.0,-6.203252334642629e-09,1396.0,ASK
929,1712697726.4045925,22996964.61779231,1327.0,-9.599629478316632e-09,1396.0,ASK
930,1712697726.563582,22997150.96500406,1327.0,-5.261365256286602e-09,1396.0,ASK
931,1712697726.573688,22998619.77432229,1327.0,-4.14706624391253e-08,1396.0,ASK
932,1712697728.6363437,22998828.33999389,1327.0,5.8886857919415285e-09,1396.0,BID
933,1712697730.6036608,23000126.93332756,1327.0,-3.6664749547748434e-08,1396.0,ASK
934,1712697734.0976722,23000385.90052756,1326.0,-7.311732844222277e-09,1396.0,ASK
935,1712697745.9139514,23000881.18968354,1326.0,-1.3984095241351604e-08,1396.0,ASK
936,1712697745.9202914,23000911.35559604,1326.0,-8.51710537806153e-10,1396.0,ASK
937,1712697745.9263318,23005039.71062285,1326.0,-1.1656081944804412e-07,1396.0,ASK
938,1712697751.004159,23005039.71062285,1326.0,-0.0,1396.0,ASK
939,1712697752.7437105,23007010.63918571,1326.0,5.5629610322621566e-08,1396.0,BID
940,1712697759.103799,23007117.72817515,1325.0,-3.022594965875077e-09,1396.0,ASK
941,1712697764.6842458,23009213.20587061,1325.0,-5.914501917261301e-08,1396.0,ASK
1141,1712697764.6842458,23009213.20587061,1325.0,-5.9145019172613013e-08,1396.0,ASK
942,1712697768.6539907,23009746.62496494,1325.0,-1.505579497677829e-08,1396.0,ASK
943,1712697768.6619425,23016533.60908632,1325.0,-1.9156314899108105e-07,1396.0,ASK
944,1712697780.6577787,23016533.60908632,1325.0,-0.0,1396.0,ASK
945,1712697781.9674726,23017051.49229887,1325.0,-1.4611012141094984e-08,1396.0,ASK
946,1712697781.974971,23017093.04887907,1325.0,-1.1724336357810963e-09,1396.0,ASK
947,1712697781.9809673,23017359.43491214,1325.0,-7.515535296602925e-09,1396.0,ASK
948,1712697791.113871,23017738.30844388,1325.0,-1.0689139246128353e-08,1396.0,ASK
949,1712697796.3141613,23018115.19381341,1326.0,1.063304732904156e-08,1396.0,BID
950,1712697810.6365616,23018115.19381341,1326.0,0.0,1396.0,BID
951,1712697820.4142456,23018240.92410014,1326.0,3.5470122924690318e-09,1396.0,BID
952,1712697820.4236257,23018484.48201998,1326.0,6.8710806129791975e-09,1396.0,BID
1152,1712697820.4236257,23018484.48201998,1326.0,6.871080612979197e-09,1396.0,BID
953,1712697841.007805,23018484.48201998,1326.0,0.0,1396.0,BID
954,1712697841.6743374,23018492.0234981,1326.0,2.1275180996043868e-10,1396.0,BID
955,1712697847.7541118,23018519.04749447,1325.0,-7.623709900280556e-10,1396.0,ASK
956,1712697857.8245835,23018588.69145156,1325.0,-1.9647180152579953e-09,1396.0,ASK
957,1712697868.124158,23018966.04994213,1325.0,-1.064561888226194e-08,1396.0,ASK
1157,1712697868.124158,23018966.04994213,1325.0,-1.0645618882261941e-08,1396.0,ASK
958,1712697870.9943376,23018966.04994213,1325.0,-0.0,1396.0,ASK
959,1712697892.5065703,23019267.40740819,1326.0,8.501409303712606e-09,1396.0,BID
960,1712697895.5344589,23019779.91570381,1326.0,1.4458054912604228e-08,1396.0,BID
961,1712697900.6245382,23019779.91570381,1326.0,0.0,1396.0,BID
962,1712697901.3147347,23020036.04164649,1326.0,7.239965393606436e-09,1396.0,BID
963,1712697903.8646154,23020046.04164649,1326.0,2.826720838124589e-10,1396.0,BID
964,1712697904.204516,23020301.91144914,1326.0,7.232725029977627e-09,1396.0,BID
965,1712697930.6574695,23020301.91144914,1326.0,0.0,1396.0,BID
966,1712697935.4573145,23020950.22202439,1325.0,-1.8325571575267985e-08,1396.0,ASK
1167,1712697943.486202,23022389.70091199,1325.0,-4.0689253566174854e-08,1396.0,ASK
967,1712697943.486202,23022389.70091199,1325.0,-4.068925356617485e-08,1396.0,ASK
968,1712697943.4947531,23022465.1726101,1325.0,-2.133332477382581e-09,1396.0,ASK
969,1712697943.5010457,23022616.23001191,1324.0,-4.269887511531658e-09,1396.0,ASK
970,1712697943.5046406,23022771.73562987,1324.0,-4.395623704304012e-09,1396.0,ASK
971,1712697943.5082445,23023118.72430911,1325.0,-9.808209398337727e-09,1396.0,ASK
972,1712697943.5118756,23028005.66716346,1324.0,-1.3813752926609834e-07,1396.0,ASK
973,1712697943.564705,23029248.28909571,1324.0,3.5124765860509274e-08,1396.0,BID
974,1712697943.6244624,23029258.87073226,1324.0,2.9910747309774736e-10,1396.0,BID
975,1712697943.684693,23029262.722696,1324.0,1.088821313657292e-10,1396.0,BID
976,1712697946.8181736,23029272.722696,1324.0,2.8266655326872403e-10,1396.0,BID
977,1712697955.6457422,23029282.722696,1324.0,2.8266655326872403e-10,1396.0,BID
978,1712697956.9249258,23029286.57465974,1324.0,1.088821313657292e-10,1396.0,BID
979,1712697958.1753886,23030166.68835744,1323.0,-2.4877870541350795e-08,1396.0,ASK
980,1712697958.1820498,23030204.48125237,1323.0,-1.068278734781048e-09,1396.0,ASK
981,1712697960.9884388,23030204.48125237,1323.0,-0.0,1396.0,ASK
982,1712697970.3547745,23030573.76945894,1323.0,-1.0434674847539808e-08,1396.0,ASK
983,1712697978.5649755,23030814.64676464,1323.0,-6.806273036693561e-09,1396.0,ASK
984,1712697978.784968,23030846.90471505,1324.0,9.114865240499399e-10,1396.0,BID
985,1712697991.0074832,23030846.90471505,1324.0,0.0,1396.0,BID
986,1712697992.9852364,23030997.73427764,1326.0,4.261765247983304e-09,1396.0,BID
987,1712698020.6895363,23030997.73427764,1326.0,0.0,1396.0,BID
988,1712698047.825202,23032506.02990358,1326.0,4.2617411645810575e-08,1396.0,BID
989,1712698050.6097243,23032506.02990358,1326.0,0.0,1396.0,BID
990,1712698055.4752324,23032581.44468487,1326.0,2.1307501719642757e-09,1396.0,BID
991,1712698057.475207,23032671.66632737,1326.0,2.5490994865512233e-09,1396.0,BID
992,1712698057.4871745,23036352.18374972,1326.0,1.0398840912008285e-07,1396.0,BID
993,1712698077.0252545,23036359.72522784,1326.0,2.13075016933294e-10,1396.0,BID
994,1712698081.0318794,23036359.72522784,1326.0,0.0,1396.0,BID
995,1712698082.2254784,23036761.25695134,1324.0,-1.134313815739608e-08,1396.0,ASK
1195,1712698082.2254784,23036761.25695134,1324.0,-1.1343138157396081e-08,1396.0,ASK
996,1712698082.233218,23037105.43738294,1324.0,-9.72298316231376e-09,1396.0,ASK
997,1712698096.4256775,23037112.99025303,1324.0,-2.1336607773110207e-10,1396.0,ASK
998,1712698096.4295063,23039346.48960292,1324.0,-6.309561665376832e-08,1396.0,ASK
999,1712698096.5551195,23039973.44885054,1324.0,1.7711391027391313e-08,1396.0,BID
1000,1712698096.5950606,23040547.87924577,1324.0,1.6227468350754852e-08,1396.0,BID
1201,1712698110.987435,23040547.87924577,1324.0,0.0,1396.0,BID
1202,1712698129.5655515,23042095.82246872,1326.0,4.372203424380256e-08,1396.0,BID
1203,1712698140.6817937,23042095.82246872,1326.0,0.0,1396.0,BID
1204,1712698170.6613822,23042095.82246872,1326.0,0.0,1396.0,BID
1205,1712698198.405722,23042104.82246872,1324.0,-2.541924603267602e-10,1396.0,ASK
1206,1712698200.796944,23042104.82246872,1324.0,-0.0,1396.0,ASK
1207,1712698222.7897367,23042539.54134092,1327.0,1.2284378686465164e-08,1396.0,BID
1208,1712698222.790983,23042858.6424394,1326.0,9.017226956641227e-09,1396.0,BID
1209,1712698230.6494634,23042858.6424394,1326.0,0.0,1396.0,BID
1210,1712698238.5260663,23043153.6424394,1325.0,-8.335937412494802e-09,1396.0,ASK
1211,1712698243.1760287,23044653.6424394,1325.0,-4.2386122436414257e-08,1396.0,ASK
1212,1712698256.5257952,23046580.14918194,1325.0,-5.443810044260645e-08,1396.0,ASK
1213,1712698260.9758646,23046580.14918194,1325.0,-0.0,1396.0,ASK
1214,1712698290.9966996,23046580.14918194,1325.0,-0.0,1396.0,ASK
1215,1712698315.8255253,23046590.14918194,1326.0,-2.8253478196717353e-10,1396.0,ASK
1216,1712698315.8268008,23046629.98006312,1326.0,-1.1253609330346247e-09,1396.0,ASK
1217,1712698320.645867,23046629.98006312,1326.0,-0.0,1396.0,ASK
1218,1712698325.976328,23046638.35939947,1329.0,2.3674495488626566e-10,1396.0,BID
1219,1712698325.979186,23047006.20278697,1329.0,1.0392835726452107e-08,1396.0,BID
1220,1712698328.406147,23047021.15205132,1327.0,4.223679257946694e-10,1396.0,BID
1221,1712698350.658619,23047021.15205132,1327.0,0.0,1396.0,BID
1222,1712698373.7462068,23047247.05566578,1328.0,-6.3824571899612805e-09,1396.0,ASK
1223,1712698380.6761408,23047247.05566578,1328.0,-0.0,1396.0,ASK
1224,1712698395.1896324,23047623.56168987,1328.0,-1.0637338488498765e-08,1396.0,ASK
1225,1712698399.426354,23047628.79896531,1328.0,-1.4796754381350984e-10,1396.0,ASK
1226,1712698410.6582751,23047628.79896531,1328.0,-0.0,1396.0,ASK
1227,1712698441.0069635,23047628.79896531,1328.0,-0.0,1396.0,ASK
1228,1712698453.0966692,23047666.42123769,1329.0,1.0629182229654715e-09,1396.0,BID
1229,1712698470.9889574,23047666.42123769,1329.0,0.0,1396.0,BID
1230,1712698482.7164593,23047671.73708336,1329.0,1.501850073419528e-10,1396.0,BID
1231,1712698482.7263615,23047673.94569216,1329.0,6.239833680466785e-11,1396.0,BID
1232,1712698483.986843,23048233.55962307,1328.0,-1.5810395468126824e-08,1396.0,ASK
1233,1712698483.990368,23048610.06564716,1328.0,-1.0637171107027284e-08,1396.0,ASK
1234,1712698484.2664878,23048909.426877,1329.0,8.457651195177171e-09,1396.0,BID
1235,1712698484.5863926,23049479.33101837,1328.0,-1.610111785337602e-08,1396.0,ASK
1236,1712698484.7724247,23049684.91322717,1328.0,5.808175677588227e-09,1396.0,BID
1237,1712698484.7757936,23049705.23463282,1328.0,5.741269865439452e-10,1396.0,BID
1238,1712698500.6984458,23049705.23463282,1328.0,0.0,1396.0,BID
1239,1712698530.6670702,23049705.23463282,1328.0,0.0,1396.0,BID
1240,1712698560.9664304,23049705.23463282,1328.0,0.0,1396.0,BID
1241,1712698591.0088632,23049705.23463282,1328.0,0.0,1396.0,BID
1242,1712698598.9267728,23049720.29487378,1328.0,-4.2593430965129086e-10,1396.0,ASK
1243,1712698598.929835,23049760.6840859,1328.0,-1.1422892386437203e-09,1396.0,ASK
1244,1712698620.6670058,23049760.6840859,1328.0,-0.0,1396.0,ASK
1245,1712698628.1005557,23049897.06785494,1330.0,3.857202928043383e-09,1396.0,BID
1246,1712698650.676814,23049897.06785494,1330.0,0.0,1396.0,BID
1247,1712698653.296837,23049972.25582487,1328.0,-2.126453697672536e-09,1396.0,ASK
1248,1712698681.0086577,23049972.25582487,1328.0,-0.0,1396.0,ASK
1249,1712698681.2367644,23050871.83842487,1329.0,2.5441774075767224e-08,1396.0,BID
1250,1712698710.9867449,23050871.83842487,1329.0,0.0,1396.0,BID
1251,1712698719.5872295,23051585.21460414,1329.0,-2.0174847679269504e-08,1396.0,ASK
1252,1712698719.590329,23052187.26881208,1329.0,-1.702657348647046e-08,1396.0,ASK
1253,1712698728.5968986,23052195.545712,1329.0,-2.3407733542010606e-10,1396.0,ASK
1254,1712698740.6067152,23052195.545712,1329.0,-0.0,1396.0,ASK
1255,1712698742.046857,23053248.545712,1329.0,-2.977819885731816e-08,1396.0,ASK
1256,1712698766.7870889,23053875.50495962,1329.0,-1.7730025784454496e-08,1396.0,ASK
1257,1712698766.9469447,23053972.53385962,1329.0,-2.743918213810553e-09,1396.0,ASK
1258,1712698770.547612,23054438.1400332,1329.0,-1.3167059094036113e-08,1396.0,ASK
1259,1712698770.549116,23054464.04054771,1329.0,-7.324507802199476e-10,1396.0,ASK
1260,1712698770.6593876,23054464.04054771,1329.0,-0.0,1396.0,ASK
1261,1712698778.4670851,23054593.84254771,1329.0,-3.6704085971380075e-09,1396.0,ASK
1262,1712698783.547068,23054825.09478357,1329.0,-6.539114918102694e-09,1396.0,ASK
1263,1712698783.550192,23055079.84254771,1329.0,-7.203497508472612e-09,1396.0,ASK
1264,1712698784.3694158,23055201.31750742,1329.0,-3.434945042821411e-09,1396.0,ASK
1265,1712698800.6589675,23055201.31750742,1329.0,-0.0,1396.0,ASK
1266,1712698803.4565222,23055238.9397798,1329.0,1.0644548609055135e-09,1396.0,BID
1267,1712698805.5062673,23055326.97213807,1329.0,2.4907180175590683e-09,1396.0,BID
1268,1712698830.6703844,23055326.97213807,1329.0,0.0,1396.0,BID
1269,1712698838.4354916,23055426.73828085,1329.0,-2.8226911125515247e-09,1396.0,ASK
1270,1712698838.4379818,23055626.89713807,1329.0,-5.6631098648954866e-09,1396.0,ASK
1271,1712698845.885571,23055664.51941045,1329.0,-1.064449831566598e-09,1396.0,ASK
1272,1712698845.8893647,23055710.04323857,1329.0,-1.2880091527839151e-09,1396.0,ASK
1273,1712698851.5055752,23055724.15287551,1329.0,-3.992050377164409e-10,1396.0,ASK
1274,1712698851.5099669,23055904.05080643,1329.0,-5.08986592661129e-09,1396.0,ASK
1275,1712698861.0054114,23055904.05080643,1329.0,-0.0,1396.0,ASK
1276,1712698878.7946908,23055911.5752609,1329.0,2.1288534676176644e-10,1396.0,BID
1277,1712698883.874515,23055949.17872214,1329.0,1.0638945210656183e-09,1396.0,BID
1278,1712698889.674347,23055986.80099452,1329.0,1.0644267345466155e-09,1396.0,BID
1279,1712698890.994141,23055986.80099452,1329.0,0.0,1396.0,BID
1280,1712698900.1541765,23056009.42542891,1328.0,-6.400989723478782e-10,1396.0,ASK
1281,1712698913.8447886,23056225.70898849,1328.0,-6.1191754827315085e-09,1396.0,ASK
1282,1712698913.847524,23056311.0845541,1328.0,-2.4154774819420037e-09,1396.0,ASK
1283,1712698920.6743696,23056311.0845541,1328.0,-0.0,1396.0,ASK
1284,1712698921.203991,23056350.05679271,1328.0,-1.1026037387256402e-09,1396.0,ASK
1285,1712698921.2163734,23056607.07050959,1328.0,-7.271439753856097e-09,1396.0,ASK
1286,1712698925.7122498,23056614.35175959,1328.0,-2.0600134245923168e-10,1396.0,ASK
1287,1712698950.6451118,23056614.35175959,1328.0,-0.0,1396.0,ASK
1288,1712698953.823285,23056616.90929488,1329.0,7.235704036964647e-11,1396.0,BID
1289,1712698953.827083,23060376.57899811,1329.0,1.0636747554587556e-07,1396.0,BID
1290,1712698972.6388516,23060644.45898306,1329.0,7.57878217966537e-09,1396.0,BID
1291,1712698981.0124395,23060644.45898306,1329.0,0.0,1396.0,BID
1292,1712699010.9892166,23060644.45898306,1329.0,0.0,1396.0,BID
1293,1712699013.082173,23060947.64845043,1329.0,8.576448132844865e-09,1396.0,BID
1294,1712699013.1424885,23061434.64845043,1329.0,-1.37759740696774e-08,1396.0,ASK
1295,1712699013.1464698,23061556.83740892,1329.0,-3.4564105210208462e-09,1396.0,ASK
1296,1712699013.2564874,23061644.45898306,1329.0,-2.478588364090153e-09,1396.0,ASK
1297,1712699013.2598915,23061679.74219079,1328.0,-9.98070954365638e-10,1396.0,ASK
1298,1712699040.6285164,23061679.74219079,1328.0,-0.0,1396.0,ASK
1299,1712699070.6509929,23061679.74219079,1328.0,-0.0,1396.0,ASK
1300,1712699089.3107028,23061698.55332698,1329.0,5.320978215999991e-10,1396.0,BID
1301,1712699100.67653,23061698.55332698,1329.0,0.0,1396.0,BID
1302,1712699101.0105252,23062451.56537517,1329.0,2.1328824433805712e-08,1396.0,BID
1303,1712699106.6507874,23062459.09549565,1328.0,-2.1328824420088416e-10,1396.0,ASK
1304,1712699106.654558,23062759.80837517,1328.0,-8.517595737892096e-09,1396.0,ASK
1305,1712699115.5605264,23062910.4107848,1328.0,-4.265764886550106e-09,1396.0,ASK
1306,1712699115.564172,23063389.80837517,1328.0,-1.3578782787759741e-08,1396.0,ASK
1307,1712699123.8303056,23063393.57135485,1329.0,1.0658519101976816e-10,1396.0,BID
1308,1712699130.1420398,23064704.51352876,1328.0,-3.713201606442794e-08,1396.0,ASK
1309,1712699130.6408162,23064704.51352876,1328.0,-0.0,1396.0,ASK
1310,1712699155.3472316,23065345.94355754,1328.0,1.8166245127212732e-08,1396.0,BID
1311,1712699155.349991,23066113.14497563,1328.0,2.1728276503349785e-08,1396.0,BID
1312,1712699156.889763,23066236.26497563,1328.0,-3.486940117741182e-09,1396.0,ASK
1313,1712699158.3900957,23066436.26497563,1328.0,-5.664295187965627e-09,1396.0,ASK
1314,1712699159.8998077,23066520.23797563,1328.0,-2.378239299128106e-09,1396.0,ASK
1315,1712699160.992389,23066520.23797563,1328.0,-0.0,1396.0,ASK
1316,1712699161.4196615,23066775.22697563,1328.0,-7.221171686903032e-09,1396.0,ASK
1317,1712699162.909644,23066930.21797563,1328.0,-4.389274129187235e-09,1396.0,ASK
1318,1712699164.0379508,23066937.7424301,1329.0,2.1308910406514966e-10,1396.0,BID
1319,1712699166.8596926,23067238.7424301,1328.0,-8.52418213239514e-09,1396.0,ASK
1320,1712699169.569875,23067615.5814301,1328.0,-1.067190787575702e-08,1396.0,ASK
1321,1712699172.9394157,23067930.7670301,1328.0,-8.925911826976335e-09,1396.0,ASK
1322,1712699181.369666,23067930.76708714,1328.0,-1.6152877624088101e-15,1396.0,ASK
1323,1712699181.37268,23068012.0923301,1328.0,-2.3030936310414795e-09,1396.0,ASK
1324,1712699191.0308533,23068012.0923301,1328.0,-0.0,1396.0,ASK
1325,1712699219.92897,23071774.31956862,1329.0,1.0653857467928537e-07,1396.0,BID
1326,1712699220.6663158,23071774.31956862,1329.0,0.0,1396.0,BID
1327,1712699227.5788858,23071802.30752949,1329.0,7.92449561963923e-10,1396.0,BID
1328,1712699241.138816,23071858.35346322,1328.0,-1.586881439456354e-09,1396.0,ASK
1329,1712699241.1515098,23072062.30752949,1328.0,-5.774744048659578e-09,1396.0,ASK
1330,1712699249.1687968,23072090.26796612,1329.0,7.916702421599093e-10,1396.0,BID
1331,1712699250.6534145,23072090.26796612,1329.0,0.0,1396.0,BID
1332,1712699256.08386,23072166.04494891,1328.0,2.145519769105882e-09,1396.0,BID
1333,1712699265.328698,23072241.74574891,1328.0,-2.143362759573172e-09,1396.0,ASK
1334,1712699271.5085554,23072241.7458033,1328.0,-1.5399555620893276e-15,1396.0,ASK
1335,1712699271.5686548,23072317.4846403,1328.0,2.1444397242257507e-09,1396.0,BID
1336,1712699277.030763,23072355.35411319,1328.0,-1.0722214021211755e-09,1396.0,ASK
1337,1712699277.6882267,23072896.06744664,1329.0,1.5309545242548728e-08,1396.0,BID
1338,1712699280.9993093,23072896.06744664,1329.0,0.0,1396.0,BID
1339,1712699293.0780928,23072977.38964664,1328.0,-2.302455078134929e-09,1396.0,ASK
1340,1712699310.999019,23072977.38964664,1328.0,-0.0,1396.0,ASK
1341,1712699336.7077563,23072999.96301007,1329.0,6.391120302352467e-10,1396.0,BID
1342,1712699340.6526935,23072999.96301007,1329.0,0.0,1396.0,BID
1343,1712699354.1275704,23073129.92995284,1328.0,-3.679707118566687e-09,1396.0,ASK
1344,1712699354.1383882,23073353.96301007,1328.0,-6.342967049087454e-09,1396.0,ASK
1345,1712699370.6732843,23073353.96301007,1328.0,-0.0,1396.0,ASK
1346,1712699400.7139902,23073353.96301007,1328.0,-0.0,1396.0,ASK
1347,1712699430.674765,23073353.96301007,1328.0,-0.0,1396.0,ASK
1348,1712699461.0096538,23073353.96301007,1328.0,-0.0,1396.0,ASK
1349,1712699471.216669,23074821.81486817,1329.0,4.168544578879207e-08,1396.0,BID
1350,1712699471.3564923,23074904.37486817,1329.0,-2.344616989290292e-09,1396.0,ASK
1351,1712699471.396512,23075611.29935318,1329.0,-2.0075910340657697e-08,1396.0,ASK
1352,1712699471.4766195,23076515.57201149,1329.0,2.5680390475541533e-08,1396.0,BID
1353,1712699491.0097106,23076515.57201149,1329.0,0.0,1396.0,BID
1354,1712699499.1164207,23076528.95047533,1328.0,-3.798889427802935e-10,1396.0,ASK
1355,1712699499.1189978,23076734.31201149,1328.0,-5.831355361953601e-09,1396.0,ASK
1356,1712699500.0766544,23076947.26348533,1329.0,6.046875875734533e-09,1396.0,BID
1357,1712699501.4369917,23077207.26348533,1329.0,-7.382845017899838e-09,1396.0,ASK
1358,1712699507.0828133,23077229.87087041,1329.0,-6.419493088765117e-10,1396.0,ASK
1359,1712699512.4801435,23077562.87087041,1329.0,-9.455720734464026e-09,1396.0,ASK
1360,1712699513.9663744,23077645.39087041,1329.0,-2.34320142643767e-09,1396.0,ASK
1361,1712699516.9961464,23077732.23087041,1329.0,-2.465870235974315e-09,1396.0,ASK
1362,1712699520.667111,23077732.23087041,1329.0,-0.0,1396.0,ASK
1363,1712699522.9963508,23077780.25706003,1329.0,-1.3636678384986242e-09,1396.0,ASK
1364,1712699523.000176,23077820.19087041,1329.0,-1.1338907650485976e-09,1396.0,ASK
1365,1712699528.9963143,23077823.95385009,1329.0,-1.0684700172452087e-10,1396.0,ASK
1366,1712699529.0002985,23077995.02970729,1329.0,-4.857571384766426e-09,1396.0,ASK
1367,1712699529.0036912,23078036.19087041,1329.0,-1.1687405307523054e-09,1396.0,ASK
1368,1712699530.015991,23079465.84291277,1329.0,-4.059390357476771e-08,1396.0,ASK
1369,1712699531.9860604,23079553.24291277,1329.0,-2.4816578211014862e-09,1396.0,ASK
1370,1712699533.4962566,23079634.21691277,1329.0,-2.2991963433405787e-09,1396.0,ASK
1371,1712699534.99791,23079878.21691277,1329.0,-6.928198036145155e-09,1396.0,ASK
1372,1712699536.5060272,23080124.21691277,1329.0,-6.984986544638148e-09,1396.0,ASK
1373,1712699538.0060031,23080371.21691277,1329.0,-7.013380798884645e-09,1396.0,ASK
1374,1712699539.5162425,23080622.21691277,1329.0,-7.126957815870631e-09,1396.0,ASK
1375,1712699542.546892,23080882.35691277,1329.0,-7.386481299700534e-09,1396.0,ASK
1376,1712699544.0158455,23081142.49691277,1329.0,-7.386481299700534e-09,1396.0,ASK
1377,1712699545.4958022,23081348.67691277,1329.0,-5.854327340534194e-09,1396.0,ASK
1378,1712699546.986071,23081601.67691277,1329.0,-7.183746324363624e-09,1396.0,ASK
1379,1712699550.0201333,23081850.67691277,1329.0,-7.070169307377638e-09,1396.0,ASK
1380,1712699550.6379943,23081850.67691277,1329.0,-0.0,1396.0,ASK
1381,1712699551.535822,23082103.67691277,1329.0,-7.182630046465143e-09,1396.0,ASK
1382,1712699568.1759455,23082118.71450675,1330.0,4.269149183513793e-10,1396.0,BID
1383,1712699579.1319046,23083621.72240129,1330.0,4.2670156772380136e-08,1396.0,BID
1384,1712699580.9693668,23083621.72240129,1330.0,0.0,1396.0,BID
1385,1712699584.1158009,23084105.09810129,1329.0,-1.3722042266863188e-08,1396.0,ASK
1386,1712699590.4956512,23084692.73810129,1329.0,-1.6681891368650323e-08,1396.0,ASK
1387,1712699591.9957008,23084938.85810129,1329.0,-6.986840759123752e-09,1396.0,ASK
1388,1712699593.5256283,23085259.69810129,1329.0,-9.107987929248834e-09,1396.0,ASK
1389,1712699594.9857216,23085818.69810129,1329.0,-1.5868860654695372e-08,1396.0,ASK
1390,1712699596.5156536,23085923.69810129,1329.0,-2.9807341122415277e-09,1396.0,ASK
1391,1712699597.9955156,23086028.69810129,1329.0,-2.9807341122415277e-09,1396.0,ASK
1392,1712699599.4864333,23086124.66710129,1329.0,-2.724362590659212e-09,1396.0,ASK
1393,1712699600.3658037,23086312.6370261,1330.0,5.3360796853375135e-09,1396.0,BID
1394,1712699600.9879963,23086771.6370261,1329.0,-1.3030066262084393e-08,1396.0,ASK
1395,1712699602.515673,23086993.6370261,1329.0,-6.302123551596373e-09,1396.0,ASK
1396,1712699603.9956808,23087224.6369261,1329.0,-6.557612208088914e-09,1396.0,ASK
1397,1712699605.505397,23087451.6369261,1329.0,-6.444063271226922e-09,1396.0,ASK
1398,1712699606.6658316,23088039.9753527,1329.0,-1.6701718263928868e-08,1396.0,ASK
1399,1712699606.669911,23088234.90586259,1329.0,-5.533676384178192e-09,1396.0,ASK
1400,1712699607.005442,23088387.90586259,1329.0,-4.343355420694798e-09,1396.0,ASK
1401,1712699607.9156373,23088395.42465958,1330.0,2.1344318738811976e-10,1396.0,BID
1402,1712699608.5358858,23088848.42465958,1329.0,-1.2859738598527734e-08,1396.0,ASK
1403,1712699609.9955552,23089122.42465958,1329.0,-7.778296635754082e-09,1396.0,ASK
1404,1712699610.9786952,23089122.42465958,1329.0,-0.0,1396.0,ASK
1405,1712699611.531266,23089388.42465958,1329.0,-7.549626282317057e-09,1396.0,ASK
1406,1712699613.0154865,23089758.42465958,1329.0,-1.0501359866380868e-08,1396.0,ASK
1407,1712699614.5354528,23090003.42465958,1329.0,-6.953603154765711e-09,1396.0,ASK
1408,1712699616.0254338,23091257.42465958,1329.0,-3.5591095330923264e-08,1396.0,ASK
1409,1712699627.4957287,23091272.90434355,1329.0,-4.3934522156243136e-10,1396.0,ASK
1410,1712699627.505469,23091288.1570633,1329.0,-4.3290351097826654e-10,1396.0,ASK
1411,1712699627.5093553,23092217.78939495,1329.0,-2.6384874751480144e-08,1396.0,ASK
1412,1712699640.636822,23092217.78939495,1329.0,-0.0,1396.0,ASK
1413,1712699670.651606,23092217.78939495,1329.0,-0.0,1396.0,ASK
1414,1712699680.1583538,23092720.16788768,1329.0,1.4256868774460552e-08,1396.0,BID
1415,1712699700.6349454,23092720.16788768,1329.0,0.0,1396.0,BID
1416,1712699730.6766183,23092720.16788768,1329.0,0.0,1396.0,BID
1417,1712699760.7254772,23092720.16788768,1329.0,0.0,1396.0,BID
1418,1712699790.634479,23092720.16788768,1329.0,0.0,1396.0,BID
1419,1712699803.0543509,23093169.19285296,1329.0,-1.2761752821600744e-08,1396.0,ASK
1420,1712699820.9744685,23093169.19285296,1329.0,-0.0,1396.0,ASK
1421,1712699850.9755285,23093169.19285296,1329.0,-0.0,1396.0,ASK
1422,1712699880.6718388,23093169.19285296,1329.0,-0.0,1396.0,ASK
1423,1712699882.1743176,23093319.56879281,1330.0,4.27376688523905e-09,1396.0,BID
1424,1712699882.2744143,23093757.53119281,1330.0,-1.244713219396762e-08,1396.0,ASK
1425,1712699882.2942815,23094214.43887872,1330.0,-1.2985567635366291e-08,1396.0,ASK
1426,1712699882.2975738,23094214.43896547,1330.0,-2.465506430288849e-15,1396.0,ASK
1427,1712699882.299482,23094841.39821309,1330.0,-1.7818526511256292e-08,1396.0,ASK
1428,1712699899.1789298,23095219.62939824,1330.0,1.0749538228569805e-08,1396.0,BID
1429,1712699910.6273594,23095219.62939824,1330.0,0.0,1396.0,BID
1430,1712699924.423782,23095242.18578921,1330.0,6.410153505165554e-10,1396.0,BID
1431,1712699926.574097,23095335.00815495,1329.0,-2.637858219360808e-09,1396.0,ASK
1432,1712699926.9382677,23095357.56454592,1330.0,6.410153505165554e-10,1396.0,BID
1433,1712699929.8043065,23095380.12093689,1330.0,6.410153506224219e-10,1396.0,BID
1434,1712699932.5141315,23095395.15853087,1330.0,4.2734356704632567e-10,1396.0,BID
1435,1712699932.734042,23095417.71492184,1330.0,6.410153506224219e-10,1396.0,BID
1436,1712699934.9880345,23096021.17026018,1330.0,1.7149203336181453e-08,1396.0,BID
1437,1712699936.0838528,23096693.69501343,1329.0,-1.9112041951312893e-08,1396.0,ASK
1438,1712699936.0859504,23097198.01293276,1329.0,-1.4331881740307409e-08,1396.0,ASK
1439,1712699940.997471,23097198.01293276,1329.0,-0.0,1396.0,ASK
1440,1712699963.5037413,23097348.39188012,1330.0,4.2732017627810235e-09,1396.0,BID
1441,1712699971.003749,23097348.39188012,1330.0,0.0,1396.0,BID
1442,1712699985.80367,23097385.98586508,1330.0,1.0682730036475923e-09,1396.0,BID
1443,1712700000.773932,23097385.98586508,1330.0,0.0,1396.0,BID
1444,1712700028.4205034,23097398.46984865,1330.0,3.62544348104726e-10,1396.0,BID
1445,1712700030.342409,23099107.98195623,1330.0,4.9645527728853896e-08,1396.0,BID
1446,1712700030.7015946,23099107.98195623,1330.0,0.0,1396.0,BID
1447,1712700060.969525,23099107.98195623,1330.0,0.0,1396.0,BID
1448,1712700090.9864917,23099107.98195623,1330.0,0.0,1396.0,BID
1449,1712700120.6361098,23099107.98195623,1330.0,0.0,1396.0,BID
1450,1712700150.6375606,23100610.61155803,1331.0,4.3634600736742393e-08,1396.0,BID
1451,1712700150.6410406,23100610.61155803,1331.0,0.0,1396.0,BID
1452,1712700154.6938376,23100986.82376181,1331.0,1.0924761021920124e-08,1396.0,BID
1453,1712700154.6983228,23101361.64475037,1332.0,1.0884361764223952e-08,1396.0,BID
1454,1712700166.4330995,23101368.04313163,1332.0,1.8580148512696487e-10,1396.0,BID
1455,1712700174.3130722,23102239.89696045,1332.0,2.531761232150418e-08,1396.0,BID
1456,1712700180.9766707,23102239.89696045,1332.0,0.0,1396.0,BID
1457,1712700195.083283,23102250.00235551,1332.0,2.9341328825303275e-10,1396.0,BID
1458,1712700195.095215,23124886.3500102,1332.0,6.572533938500787e-07,1396.0,BID
1459,1712700209.9632158,23125647.44690536,1330.0,-2.209868504506021e-08,1396.0,ASK
1460,1712700209.9677525,23125878.07545532,1331.0,-6.696371671433745e-09,1396.0,ASK
1461,1712700209.9721646,23129084.82113877,1330.0,-9.310885818741277e-08,1396.0,ASK
1462,1712700211.0466397,23129084.82113877,1330.0,-0.0,1396.0,ASK
1463,1712700240.6528125,23129084.82113877,1330.0,-0.0,1396.0,ASK
1464,1712700247.5731986,23129159.7095406,1330.0,-2.172153360626684e-09,1396.0,ASK
1465,1712700264.5328865,23129163.46141466,1332.0,1.088238718873092e-10,1396.0,BID
1466,1712700270.6329546,23129163.46141466,1332.0,0.0,1396.0,BID
1467,1712700277.6664977,23129252.81112748,1330.0,-2.591598770928665e-09,1396.0,ASK
1468,1712700300.974633,23129252.81112748,1330.0,-0.0,1396.0,ASK
1469,1712700324.1127508,23129740.81112748,1330.0,-1.4357527205794849e-08,1396.0,ASK
1470,1712700327.0839767,23130290.81112748,1330.0,-1.6181639268826158e-08,1396.0,ASK
1471,1712700330.978336,23130290.81112748,1330.0,-0.0,1396.0,ASK
1472,1712700358.1126895,23131573.66742748,1330.0,-3.774159046517493e-08,1396.0,ASK
1473,1712700358.892471,23131768.66742748,1330.0,-5.736893633923402e-09,1396.0,ASK
1474,1712700360.6426747,23131768.66742748,1330.0,-0.0,1396.0,ASK
