,time,acc_trade_volume,trade_price,dev,high,ask_bid
0,1712689619.1840618,37170503.72542525,291.7,0.0,306.5,ASK
1,1712689620.2058508,37170503.72542525,291.7,-0.0,306.5,ASK
2,1712689650.2248883,37170503.72542525,291.7,-0.0,306.5,ASK
3,1712689680.2264583,37170503.72542525,291.7,-0.0,306.5,ASK
4,1712689710.2148476,37170503.72542525,291.7,-0.0,306.5,ASK
5,1712689740.314878,37170503.72542525,291.7,-0.0,306.5,ASK
6,1712689770.3251636,37170503.72542525,291.7,-0.0,306.5,ASK
7,1712689800.2147875,37170503.72542525,291.7,-0.0,306.5,ASK
8,1712689814.444719,37171189.36135257,291.7,-5.339812112273316e-08,306.5,ASK
9,1712689830.224825,37171189.36135257,291.7,-0.0,306.5,ASK
10,1712689860.3165035,37171189.36135257,291.7,-0.0,306.5,ASK
11,1712689890.3161964,37171189.36135257,291.7,-0.0,306.5,ASK
12,1712689906.5450478,37171532.17931623,291.3,2.6698644697084523e-08,306.5,BID
13,1712689913.9555223,37171875.82192791,291.0,-2.6762868241037367e-08,306.5,ASK
14,1712689920.2066846,37171875.82192791,291.0,-0.0,306.5,ASK
15,1712689950.2188058,37171875.82192791,291.0,-0.0,306.5,ASK
16,1712689980.3148816,37171875.82192791,291.0,-0.0,306.5,ASK
17,1712690010.3251014,37171875.82192791,291.0,-0.0,306.5,ASK
18,1712690040.2067618,37171875.82192791,291.0,-0.0,306.5,ASK
19,1712690070.205319,37171875.82192791,291.0,-0.0,306.5,ASK
20,1712690100.2465932,37171875.82192791,291.0,-0.0,306.5,ASK
21,1712690130.196592,37171875.82192791,291.0,-0.0,306.5,ASK
22,1712690160.316855,37171875.82192791,291.0,-0.0,306.5,ASK
23,1712690190.3650742,37171875.82192791,291.0,-0.0,306.5,ASK
24,1712690220.2153373,37171875.82192791,291.0,-0.0,306.5,ASK
25,1712690250.2549596,37171875.82192791,291.0,-0.0,306.5,ASK
26,1712690280.315116,37171875.82192791,291.0,-0.0,306.5,ASK
27,1712690310.335034,37171875.82192791,291.0,-0.0,306.5,ASK
28,1712690340.209683,37171875.82192791,291.0,-0.0,306.5,ASK
29,1712690341.227868,37172218.28768133,292.0,2.6672070517124928e-08,306.5,BID
30,1712690370.223861,37172218.28768133,292.0,0.0,306.5,BID
31,1712690400.2384737,37172218.28768133,292.0,0.0,306.5,BID
32,1712690430.2167728,37172218.28768133,292.0,0.0,306.5,BID
33,1712690446.2350397,37172576.20206489,292.0,2.7926093623045253e-08,306.5,BID
34,1712690460.3173995,37172576.20206489,292.0,0.0,306.5,BID
35,1712690487.0451117,37172661.84783398,291.5,6.6824144905488995e-09,306.5,BID
36,1712690490.3252125,37172661.84783398,291.5,0.0,306.5,BID
37,1712690520.2151325,37172661.84783398,291.5,0.0,306.5,BID
38,1712690526.8554344,37173161.84783398,291.3,3.9011859804647885e-08,306.5,BID
39,1712690539.1056838,37198357.84783398,291.3,1.965885639275816e-06,306.5,BID
40,1712690550.2267492,37198357.84783398,291.3,0.0,306.5,BID
41,1712690580.315485,37198357.84783398,291.3,0.0,306.5,BID
42,1712690610.3150976,37198357.84783398,291.3,0.0,306.5,BID
43,1712690640.197106,37198357.84783398,291.3,0.0,306.5,BID
44,1712690670.206601,37198357.84783398,291.3,0.0,306.5,BID
45,1712690700.3164997,37198357.84783398,291.3,0.0,306.5,BID
46,1712690730.3248675,37198357.84783398,291.3,0.0,306.5,BID
47,1712690760.1953251,37198357.84783398,291.3,0.0,306.5,BID
48,1712690790.2084775,37198357.84783398,291.3,0.0,306.5,BID
49,1712690820.3268404,37198357.84783398,291.3,0.0,306.5,BID
50,1712690844.6249633,37200344.30685493,292.4,1.5540313443284113e-07,306.5,BID
51,1712690844.626827,37203102.92754398,292.4,2.1581029221763498e-07,306.5,BID
52,1712690850.3347096,37203102.92754398,292.4,0.0,306.5,BID
53,1712690880.2348454,37203102.92754398,292.4,0.0,306.5,BID
54,1712690910.214631,37203102.92754398,292.4,0.0,306.5,BID
55,1712690940.3145266,37203102.92754398,292.4,0.0,306.5,BID
56,1712690970.314517,37203102.92754398,292.4,0.0,306.5,BID
57,1712690971.0247047,37203602.92754337,292.4,3.911137016737857e-08,306.5,BID
58,1712690971.026296,37203602.92754398,292.4,4.778999623125525e-17,306.5,BID
59,1712691000.2366185,37203602.92754398,292.4,0.0,306.5,BID
60,1712691030.1961815,37203602.92754398,292.4,0.0,306.5,BID
61,1712691035.7946928,37208583.11184229,292.0,-3.896164406546834e-07,306.5,ASK
62,1712691035.804724,37208754.25914535,292.0,-1.3389424778605056e-08,306.5,ASK
63,1712691048.779075,37213904.23357043,292.0,-4.0289968900218203e-07,306.5,ASK
64,1712691059.1645808,37214424.23357043,292.1,4.068133567051344e-08,306.5,BID
65,1712691060.3144803,37214424.23357043,292.1,0.0,306.5,BID
66,1712691061.044605,37218271.40429534,292.0,-3.009026216370056e-07,306.5,ASK
67,1712691090.334371,37218271.40429534,292.0,-0.0,306.5,ASK
68,1712691120.2267456,37218271.40429534,292.0,-0.0,306.5,ASK
69,1712691150.20676,37218271.40429534,292.0,-0.0,306.5,ASK
70,1712691180.295091,37218271.40429534,292.0,-0.0,306.5,ASK
71,1712691210.3144715,37218271.40429534,292.0,-0.0,306.5,ASK
72,1712691240.2066162,37218271.40429534,292.0,-0.0,306.5,ASK
73,1712691270.2169766,37218271.40429534,292.0,-0.0,306.5,ASK
74,1712691300.3142798,37218271.40429534,292.0,-0.0,306.5,ASK
75,1712691330.3143177,37218271.40429534,292.0,-0.0,306.5,ASK
76,1712691347.6979392,37218613.87004876,292.7,2.688646722467065e-08,306.5,BID
77,1712691360.234423,37218613.87004876,292.7,0.0,306.5,BID
78,1712691390.2345097,37218613.87004876,292.7,0.0,306.5,BID
79,1712691420.3074155,37218613.87004876,292.7,0.0,306.5,BID
80,1712691450.3243294,37218613.87004876,292.7,0.0,306.5,BID
81,1712691480.2043045,37218613.87004876,292.7,0.0,306.5,BID
82,1712691505.9044356,37218784.69341739,292.7,1.3410978213764004e-08,306.5,BID
83,1712691508.1143005,37219126.34015466,292.7,2.6821956428112937e-08,306.5,BID
84,1712691510.206623,37219126.34015466,292.7,0.0,306.5,BID
85,1712691540.3070848,37219126.34015466,292.7,0.0,306.5,BID
86,1712691570.3097155,37219126.34015466,292.7,0.0,306.5,BID
87,1712691600.220296,37219126.34015466,292.7,0.0,306.5,BID
88,1712691630.2142336,37219126.34015466,292.7,0.0,306.5,BID
89,1712691660.3142202,37219126.34015466,292.7,0.0,306.5,BID
90,1712691690.3243086,37219126.34015466,292.7,0.0,306.5,BID
91,1712691720.2171383,37219126.34015466,292.7,0.0,306.5,BID
92,1712691750.204534,37219126.34015466,292.7,0.0,306.5,BID
93,1712691780.3141675,37219126.34015466,292.7,0.0,306.5,BID
94,1712691810.3540654,37219126.34015466,292.7,0.0,306.5,BID
95,1712691840.196259,37219126.34015466,292.7,0.0,306.5,BID
96,1712691870.2118375,37219126.34015466,292.7,0.0,306.5,BID
97,1712691900.2482452,37219126.34015466,292.7,0.0,306.5,BID
98,1712691925.564481,37225691.40429534,292.7,5.155353163788344e-07,306.5,BID
99,1712691925.5744424,37228040.25406567,292.7,1.844483136075528e-07,306.5,BID
100,1712691925.664412,37228040.25406568,292.7,5.850723378987082e-19,306.5,BID
101,1712691930.2140467,37228040.25406568,292.7,0.0,306.5,BID
102,1712691960.304185,37228040.25406568,292.7,0.0,306.5,BID
103,1712691990.3140037,37228040.25406568,292.7,0.0,306.5,BID
104,1712692020.2041934,37228040.25406568,292.7,0.0,306.5,BID
105,1712692050.2040317,37228040.25406568,292.7,0.0,306.5,BID
106,1712692080.3087869,37228040.25406568,292.7,0.0,306.5,BID
107,1712692080.8844028,37230632.64291187,292.7,2.0353102558173297e-07,306.5,BID
108,1712692098.8542628,37230803.11682936,293.3,1.3384076741819796e-08,306.5,BID
109,1712692110.3161232,37230803.11682936,293.3,0.0,306.5,BID
110,1712692134.4143507,37230837.28150308,292.7,-2.68213218647737e-09,306.5,ASK
111,1712692140.2194564,37230837.28150308,292.7,-0.0,306.5,ASK
112,1712692170.2059531,37230837.28150308,292.7,-0.0,306.5,ASK
113,1712692200.2341795,37230837.28150308,292.7,-0.0,306.5,ASK
114,1712692230.2287426,37230837.28150308,292.7,-0.0,306.5,ASK
115,1712692260.3069496,37230837.28150308,292.7,-0.0,306.5,ASK
116,1712692290.3181536,37230837.28150308,292.7,-0.0,306.5,ASK
117,1712692320.2140903,37230837.28150308,292.7,-0.0,306.5,ASK
118,1712692350.2102468,37230837.28150308,292.7,-0.0,306.5,ASK
119,1712692376.5747747,37230870.8962355,292.2,-2.639181315801002e-09,306.5,ASK
120,1712692380.304093,37230870.8962355,292.2,-0.0,306.5,ASK
121,1712692410.3073702,37230870.8962355,292.2,-0.0,306.5,ASK
122,1712692422.974428,37230904.56858659,292.4,-2.6437030702635556e-09,306.5,ASK
123,1712692440.196094,37230904.56858659,292.4,-0.0,306.5,ASK
124,1712692453.7545035,37234677.35838803,293.0,2.962112222656017e-07,306.5,BID
125,1712692459.9943955,37236707.34946667,292.7,-1.5937970844858776e-07,306.5,ASK
126,1712692470.214182,37236707.34946667,292.7,-0.0,306.5,ASK
127,1712692500.3076506,37236707.34946667,292.7,-0.0,306.5,ASK
128,1712692511.054411,37236877.82338416,292.8,-1.3394655469743308e-08,306.5,ASK
129,1712692530.3245628,37236877.82338416,292.8,-0.0,306.5,ASK
130,1712692560.2190404,37236877.82338416,292.8,-0.0,306.5,ASK
131,1712692581.2160425,37237015.84063566,293.4,1.0844393731580597e-08,306.5,BID
132,1712692581.219203,37237033.50845573,293.4,1.3882090476126443e-09,306.5,BID
133,1712692590.205207,37237033.50845573,293.4,0.0,306.5,BID
134,1712692620.3142197,37237033.50845573,293.4,0.0,306.5,BID
135,1712692624.73463,37262729.50845573,292.9,-2.0189979019953967e-06,306.5,ASK
136,1712692624.8542137,37264093.74464379,292.9,1.0719139171553694e-07,306.5,BID
137,1712692624.8801453,37276661.43169084,292.9,9.874740730435658e-07,306.5,BID
138,1712692650.3238883,37276661.43169084,292.9,0.0,306.5,BID
139,1712692680.2530935,37276661.43169084,292.9,0.0,306.5,BID
140,1712692710.216287,37276661.43169084,292.9,0.0,306.5,BID
141,1712692740.301957,37276661.43169084,292.9,0.0,306.5,BID
142,1712692770.3014176,37276661.43169084,292.9,0.0,306.5,BID
143,1712692800.3023324,37276661.43169084,292.9,0.0,306.5,BID
144,1712692805.2909818,37278367.91633184,293.0,-1.3398844965251094e-07,306.5,ASK
145,1712692805.3009236,37278367.91633247,293.0,-4.91399127852877e-17,306.5,ASK
146,1712692807.7010503,37278523.92043083,292.8,-1.2249009910144314e-08,306.5,ASK
147,1712692807.7027848,37287777.80537216,292.8,-7.265894264508301e-07,306.5,ASK
148,1712692822.9810104,37287933.86276881,292.7,-1.225319474350697e-08,306.5,ASK
149,1712692823.3409832,37288089.97350018,292.6,-1.2257382438684549e-08,306.5,ASK
150,1712692823.3431685,37288246.13760274,292.5,-1.2261572996847041e-08,306.5,ASK
151,1712692823.3453095,37288550.23191674,292.4,-2.3876643658107163e-08,306.5,ASK
152,1712692823.3474927,37288706.50287123,292.3,-1.2269962714411769e-08,306.5,ASK
153,1712692823.663216,37305812.50287123,292.3,1.34311576247876e-06,306.5,BID
154,1712692825.45051,37328362.98999389,292.3,1.7706018184275764e-06,306.5,BID
155,1712692825.4526289,37346426.62425546,292.3,1.4183065535114705e-06,306.5,BID
156,1712692830.203684,37346426.62425546,292.3,0.0,306.5,BID
157,1712692834.0608258,37366973.36846246,292.3,1.6106937386243472e-06,306.5,BID
158,1712692834.0832148,37378110.72487734,292.3,8.730760485242683e-07,306.5,BID
159,1712692834.085813,37383295.39588819,292.3,4.064350560781953e-07,306.5,BID
160,1712692860.3063943,37383295.39588819,292.3,0.0,306.5,BID
161,1712692890.3095372,37383295.39588819,292.3,0.0,306.5,BID
162,1712692920.2114842,37383295.39588819,292.3,0.0,306.5,BID
163,1712692950.2110946,37383295.39588819,292.3,0.0,306.5,BID
164,1712692980.3187523,37383295.39588819,292.3,0.0,306.5,BID
165,1712693010.2976253,37383295.39588819,292.3,0.0,306.5,BID
166,1712693040.190873,37383295.39588819,292.3,0.0,306.5,BID
167,1712693044.4768994,37393215.33461278,292.7,-7.769842323526567e-07,306.5,ASK
168,1712693070.2101824,37393215.33461278,292.7,-0.0,306.5,ASK
169,1712693100.3065715,37393215.33461278,292.7,-0.0,306.5,ASK
170,1712693118.0466118,37410292.33461278,292.8,-1.3443961561942249e-06,306.5,ASK
171,1712693118.049019,37410604.44940608,292.7,-2.4571407647989703e-08,306.5,ASK
172,1712693118.0513313,37410622.13941419,293.0,-1.3926555547153363e-09,306.5,ASK
173,1712693118.053591,37444787.13941419,292.7,-2.6896582933990563e-06,306.5,ASK
174,1712693118.18656,37446429.81124029,292.7,1.2932023709667161e-07,306.5,BID
175,1712693118.2063482,37447665.70852677,292.7,9.729668919526065e-08,306.5,BID
176,1712693118.2263896,37448226.75458159,292.7,4.4168657232237247e-08,306.5,BID
177,1712693118.2287138,37455728.46458159,292.7,5.905762188250257e-07,306.5,BID
178,1712693118.2466097,37457368.64799441,292.7,1.291243354013509e-07,306.5,BID
179,1712693118.2865217,37457524.75872578,292.6,-1.2289902629004014e-08,306.5,ASK
180,1712693118.2883885,37458193.80977119,292.6,-5.2671409132012775e-08,306.5,ASK
181,1712693118.3300564,37459820.72706778,292.7,1.280799531527428e-07,306.5,BID
182,1712693118.3466198,37459976.89117034,292.5,-1.2294104304593914e-08,306.5,ASK
183,1712693118.3487144,37459994.61141778,292.5,-1.3950361623938911e-09,306.5,ASK
184,1712693130.3282852,37459994.61141778,292.5,-0.0,306.5,ASK
185,1712693160.205865,37459994.61141778,292.5,-0.0,306.5,ASK
186,1712693173.0159872,37463411.07879051,292.7,2.685499828362024e-07,306.5,BID
187,1712693173.9559362,37466955.5352522,292.7,2.7861051141545175e-07,306.5,BID
188,1712693173.9760933,37479378.68865973,292.7,9.7651675557995e-07,306.5,BID
189,1712693174.0558844,37479552.57300973,292.7,1.3668106296344276e-08,306.5,BID
190,1712693174.058322,37479708.6837411,292.7,1.2271018469190489e-08,306.5,BID
191,1712693174.0760972,37489205.10017264,292.7,7.464618248811328e-07,306.5,BID
192,1712693175.1559036,37495374.803223,292.7,4.849669168520479e-07,306.5,BID
193,1712693176.6460145,37502066.68166175,292.7,5.26012293930274e-07,306.5,BID
194,1712693176.946332,37502858.51966175,292.7,6.224209339923552e-08,306.5,BID
195,1712693178.4558723,37506274.98703448,292.7,2.685499828362024e-07,306.5,BID
196,1712693186.0958047,37506748.10283856,292.7,3.7189069060144125e-08,306.5,BID
197,1712693186.3417573,37507201.69687403,292.7,3.5654568637795075e-08,306.5,BID
198,1712693190.1996343,37507201.69687403,292.7,0.0,306.5,BID
199,1712693201.837778,37507235.86154775,292.7,2.682586217831608e-09,306.5,BID
200,1712693204.5066144,37515528.39154775,292.7,6.511236392630882e-07,306.5,BID
201,1712693217.6253688,37516508.09654775,292.7,7.692574944057029e-08,306.5,BID
202,1712693220.3272407,37516508.09654775,292.7,0.0,306.5,BID
203,1712693227.06585,37529846.5687344,292.7,1.047103520564841e-06,306.5,BID
204,1712693250.3022358,37529846.5687344,292.7,0.0,306.5,BID
205,1712693253.9350576,37530188.21547167,292.7,2.681190824526756e-08,306.5,BID
206,1712693258.2852745,37541984.21547167,292.6,-9.25731860308022e-07,306.5,ASK
207,1712693280.210821,37541984.21547167,292.6,-0.0,306.5,ASK
208,1712693310.2122638,37541984.21547167,292.6,-0.0,306.5,ASK
209,1712693314.6849189,37542325.97897132,292.6,-2.681359817097649e-08,306.5,ASK
210,1712693340.3041053,37542325.97897132,292.6,-0.0,306.5,ASK
211,1712693341.1142397,37545725.14277832,292.6,-2.666847028858932e-07,306.5,ASK
212,1712693341.1542356,37547325.97897132,292.6,-1.2559516067398208e-07,306.5,ASK
213,1712693370.303937,37547325.97897132,292.6,-0.0,306.5,ASK
214,1712693400.2272215,37547325.97897132,292.6,-0.0,306.5,ASK
215,1712693422.9435594,37548825.97897132,292.6,-1.1785352338674697e-07,306.5,ASK
216,1712693430.203303,37548825.97897132,292.6,-0.0,306.5,ASK
217,1712693460.3061624,37548825.97897132,292.6,-0.0,306.5,ASK
218,1712693490.3030863,37548825.97897132,292.6,-0.0,306.5,ASK
219,1712693520.192662,37548825.97897132,292.6,-0.0,306.5,ASK
220,1712693550.2070694,37548825.97897132,292.6,-0.0,306.5,ASK
221,1712693574.1256113,37548999.10916522,292.6,1.3602199846691848e-08,306.5,BID
222,1712693574.28251,37549167.74247097,292.6,-1.3248895954577582e-08,306.5,ASK
223,1712693580.2924962,37549167.74247097,292.6,-0.0,306.5,ASK
224,1712693610.3031423,37549167.74247097,292.6,-0.0,306.5,ASK
225,1712693640.2240694,37549167.74247097,292.6,-0.0,306.5,ASK
226,1712693640.2536185,37550167.74247097,292.6,-7.856568905369838e-08,306.5,ASK
227,1712693658.7523053,37552349.21097797,292.5,-1.7138857640134374e-07,306.5,ASK
228,1712693670.1957624,37552349.21097797,292.5,-0.0,306.5,ASK
229,1712693700.2158806,37552349.21097797,292.5,-0.0,306.5,ASK
230,1712693730.198235,37552349.21097797,292.5,-0.0,306.5,ASK
231,1712693760.3013823,37552349.21097797,292.5,-0.0,306.5,ASK
232,1712693790.1328952,37554359.60778337,292.6,1.5809391342248414e-07,306.5,BID
233,1712693790.3020236,37554359.60778337,292.6,0.0,306.5,BID
234,1712693790.3513236,37554771.60778337,292.6,3.2397424864470846e-08,306.5,BID
235,1712693792.6211667,37571859.60778337,292.6,1.3437067866118392e-06,306.5,BID
236,1712693794.9514568,37571859.60778411,292.6,5.800141476569632e-17,306.5,BID
237,1712693794.961166,37583757.01205511,292.6,9.355467498833229e-07,306.5,BID
238,1712693795.151082,37597250.39017511,292.7,1.0610453975989346e-06,306.5,BID
239,1712693795.191048,37607327.88238311,292.7,7.924388267739284e-07,306.5,BID
240,1712693801.218442,37611413.24078311,292.7,3.212502228361737e-07,306.5,BID
241,1712693806.3709507,37612988.24078311,292.7,1.238493790328679e-07,306.5,BID
242,1712693820.2007744,37612988.24078311,292.7,0.0,306.5,BID
243,1712693830.8638844,37613983.22824002,292.7,7.813494895180028e-08,306.5,BID
244,1712693831.7007997,37677651.40284102,292.7,4.9997711405838885e-06,306.5,BID
245,1712693834.2755654,37699998.47940102,292.7,1.7548841184993923e-06,306.5,BID
246,1712693837.6430345,37711281.37227902,292.7,8.860295201995814e-07,306.5,BID
247,1712693837.7009077,37735060.36664502,292.7,1.867330585937656e-06,306.5,BID
248,1712693850.2138958,37735060.36664502,292.7,0.0,306.5,BID
249,1712693880.3033838,37735060.36664502,292.7,0.0,306.5,BID
250,1712693883.5341692,37738469.83264502,292.7,2.669913706578081e-07,306.5,BID
251,1712693884.020974,37742360.19104502,292.7,3.046495027571024e-07,306.5,BID
252,1712693910.3028345,37742360.19104502,292.7,0.0,306.5,BID
253,1712693940.203215,37742360.19104502,292.7,0.0,306.5,BID
254,1712693970.2044134,37742360.19104502,292.7,0.0,306.5,BID
255,1712694000.224097,37742360.19104502,292.7,0.0,306.5,BID
256,1712694030.2000847,37742360.19104502,292.7,0.0,306.5,BID
257,1712694060.3001878,37742360.19104502,292.7,0.0,306.5,BID
258,1712694090.3007154,37742360.19104502,292.7,0.0,306.5,BID
259,1712694098.6795766,37742548.16096983,292.6,-1.4718344188025226e-08,306.5,ASK
260,1712694117.3994973,37745966.96438783,292.5,-2.676977472261838e-07,306.5,ASK
261,1712694117.459608,37745966.96438863,292.5,-6.30063700443014e-17,306.5,ASK
262,1712694120.2044766,37745966.96438863,292.5,-0.0,306.5,ASK
263,1712694150.2171617,37745966.96438863,292.5,-0.0,306.5,ASK
264,1712694158.7294242,37747098.45959455,292.7,8.859055662057377e-08,306.5,BID
265,1712694180.2991257,37747098.45959455,292.7,0.0,306.5,BID
266,1712694210.3089757,37747098.45959455,292.7,0.0,306.5,BID
267,1712694240.1983938,37747098.45959455,292.7,0.0,306.5,BID
268,1712694270.1916988,37747098.45959455,292.7,0.0,306.5,BID
269,1712694300.298835,37747098.45959455,292.7,0.0,306.5,BID
270,1712694306.558679,37747234.78022822,292.7,1.0675618073576134e-08,306.5,BID
271,1712694330.288527,37747234.78022822,292.7,0.0,306.5,BID
272,1712694352.328373,37764328.78022822,292.5,-1.3386707514664677e-06,306.5,ASK
273,1712694360.20104,37764328.78022822,292.5,-0.0,306.5,ASK
274,1712694375.7184868,37764362.94490194,292.7,2.6744675504401567e-09,306.5,BID
275,1712694390.2027516,37764362.94490194,292.7,0.0,306.5,BID
276,1712694420.319607,37764362.94490194,292.7,0.0,306.5,BID
277,1712694450.3185403,37764362.94490194,292.7,0.0,306.5,BID
278,1712694480.1832306,37764362.94490194,292.7,0.0,306.5,BID
279,1712694510.1789925,37764362.94490194,292.7,0.0,306.5,BID
280,1712694540.2105408,37764362.94490194,292.7,0.0,306.5,BID
281,1712694570.2216792,37764362.94490194,292.7,0.0,306.5,BID
282,1712694570.3539252,37764380.0272388,292.7,1.337232728120409e-09,306.5,BID
283,1712694600.403207,37764380.0272388,292.7,0.0,306.5,BID
284,1712694630.296275,37764380.0272388,292.7,0.0,306.5,BID
285,1712694644.9661982,37764414.23866541,292.3,-2.6782609296768383e-09,306.5,ASK
286,1712694644.9700823,37764814.23866541,292.3,-3.131422679731048e-08,306.5,ASK
287,1712694644.9733968,37765156.35293157,292.3,-2.678260930260111e-08,306.5,ASK
288,1712694660.191852,37765156.35293157,292.3,-0.0,306.5,ASK
289,1712694680.4469855,37766148.37146157,292.3,-7.765935350486626e-08,306.5,ASK
290,1712694690.2469387,37766148.37146157,292.3,-0.0,306.5,ASK
291,1712694720.2935755,37766148.37146157,292.3,-0.0,306.5,ASK
292,1712694746.9158833,37766148.37146216,292.3,-4.6076696706282477e-17,306.5,ASK
293,1712694746.9174151,37769460.72654602,292.0,-2.5929910333849785e-07,306.5,ASK
294,1712694750.2976527,37769460.72654602,292.0,-0.0,306.5,ASK
295,1712694766.328069,37770460.72654602,292.0,-7.827647258258747e-08,306.5,ASK
296,1712694766.3313253,37771752.61455584,292.0,-1.0112443638075077e-07,306.5,ASK
297,1712694780.2236536,37771752.61455584,292.0,-0.0,306.5,ASK
298,1712694810.1822758,37771752.61455584,292.0,-0.0,306.5,ASK
299,1712694840.308703,37771752.61455584,292.0,-0.0,306.5,ASK
300,1712694842.6786928,37777364.041853,292.0,-4.392197264212289e-07,306.5,ASK
301,1712694842.6894577,37778989.56128506,292.0,-1.2723326213338054e-07,306.5,ASK
302,1712694842.7585163,37783249.07167262,292.0,-3.334019827819987e-07,306.5,ASK
303,1712694842.771019,37789134.10149162,292.0,-4.606352448675589e-07,306.5,ASK
304,1712694842.798496,37790486.01840185,292.0,-1.058177436876335e-07,306.5,ASK
305,1712694844.2387564,37790642.50349948,291.9,-1.2248459817991234e-08,306.5,ASK
306,1712694870.2953072,37790642.50349948,291.9,-0.0,306.5,ASK
307,1712694882.8889854,37790799.04222463,291.8,-1.2247369725542197e-08,306.5,ASK
308,1712694900.199104,37790799.04222463,291.8,-0.0,306.5,ASK
309,1712694930.195362,37790799.04222463,291.8,-0.0,306.5,ASK
310,1712694960.2997022,37790799.04222463,291.8,-0.0,306.5,ASK
311,1712694990.2929215,37790799.04222463,291.8,-0.0,306.5,ASK
312,1712695020.1730185,37790799.04222463,291.8,-0.0,306.5,ASK
313,1712695050.210454,37790799.04222463,291.8,-0.0,306.5,ASK
314,1712695069.5099733,37794172.33957073,292.0,2.643469143224977e-07,306.5,BID
315,1712695080.309999,37794172.33957073,292.0,0.0,306.5,BID
316,1712695091.9704318,37797172.33957073,292.0,2.350754920404349e-07,306.5,BID
317,1712695110.2999718,37797172.33957073,292.0,0.0,306.5,BID
318,1712695139.8106556,37804518.47814527,292.0,5.755928701315204e-07,306.5,BID
319,1712695140.2028756,37804518.47814527,292.0,0.0,306.5,BID
320,1712695170.1920376,37804518.47814527,292.0,0.0,306.5,BID
321,1712695200.2304976,37804518.47814527,292.0,0.0,306.5,BID
322,1712695202.3335876,37819868.33957073,292.0,1.2031596089450251e-06,306.5,BID
323,1712695203.0504787,37822008.52095273,292.0,-1.6775264109995166e-07,306.5,ASK
324,1712695203.0704768,37822008.52095348,292.0,-5.839946947364698e-17,306.5,ASK
325,1712695221.7005432,37822350.9867069,291.9,2.684330174342065e-08,306.5,BID
326,1712695230.1955743,37822350.9867069,291.9,0.0,306.5,BID
327,1712695260.290465,37822350.9867069,291.9,0.0,306.5,BID
328,1712695290.2906206,37822350.9867069,291.9,0.0,306.5,BID
329,1712695320.194188,37822350.9867069,291.9,0.0,306.5,BID
330,1712695350.2103767,37822350.9867069,291.9,0.0,306.5,BID
331,1712695380.2908566,37822350.9867069,291.9,0.0,306.5,BID
332,1712695391.0332634,37822430.95819709,291.6,-6.265803281692255e-09,306.5,ASK
333,1712695391.0363684,37822744.25037815,291.6,-2.454658743462914e-08,306.5,ASK
334,1712695398.3328266,37823713.11949669,291.6,-7.591134400656236e-08,306.5,ASK
335,1712695410.301327,37823713.11949669,291.6,-0.0,306.5,ASK
336,1712695420.1609287,37831541.83733443,291.9,6.13364578842746e-07,306.5,BID
337,1712695420.351086,37835388.11949669,291.9,3.0134861000979093e-07,306.5,BID
338,1712695440.1949785,37835388.11949669,291.9,0.0,306.5,BID
339,1712695470.2033727,37835388.11949669,291.9,0.0,306.5,BID
340,1712695500.212423,37835388.11949669,291.9,0.0,306.5,BID
341,1712695530.200821,37835388.11949669,291.9,0.0,306.5,BID
342,1712695545.4008543,37836072.9015699,292.3,5.3682953344656105e-08,306.5,BID
343,1712695560.2917256,37836072.9015699,292.3,0.0,306.5,BID
344,1712695590.300856,37836072.9015699,292.3,0.0,306.5,BID
345,1712695620.1953127,37836072.9015699,292.3,0.0,306.5,BID
346,1712695650.193305,37836072.9015699,292.3,0.0,306.5,BID
347,1712695680.3372889,37836072.9015699,292.3,0.0,306.5,BID
348,1712695710.2916732,37836072.9015699,292.3,0.0,306.5,BID
349,1712695740.186334,37836072.9015699,292.3,0.0,306.5,BID
350,1712695770.2058508,37836072.9015699,292.3,0.0,306.5,BID
351,1712695789.1013937,37836090.01899543,292.1,1.341886087231365e-09,306.5,BID
352,1712695800.2408953,37836090.01899543,292.1,0.0,306.5,BID
353,1712695830.190936,37836090.01899543,292.1,0.0,306.5,BID
354,1712695860.3008635,37836090.01899543,292.1,0.0,306.5,BID
355,1712695866.5648935,37836124.26557077,292.0,-2.68830013623398e-09,306.5,ASK
356,1712695890.300868,37836124.26557077,292.0,-0.0,306.5,ASK
357,1712695920.2089517,37836124.26557077,292.0,-0.0,306.5,ASK
358,1712695950.2063844,37836124.26557077,292.0,-0.0,306.5,ASK
359,1712695980.3108163,37836124.26557077,292.0,-0.0,306.5,ASK
360,1712696010.3008635,37836124.26557077,292.0,-0.0,306.5,ASK
361,1712696040.2415376,37836124.26557077,292.0,-0.0,306.5,ASK
362,1712696052.941265,37837922.53716008,292.0,1.411612669478028e-07,306.5,BID
363,1712696059.6611,37841002.91412325,292.1,2.418043622448402e-07,306.5,BID
364,1712696070.1943676,37841002.91412325,292.1,0.0,306.5,BID
365,1712696085.7108676,37842289.15412325,292.0,-1.0095636444622372e-07,306.5,ASK
366,1712696100.2999778,37842289.15412325,292.0,-0.0,306.5,ASK
367,1712696130.300964,37842289.15412325,292.0,-0.0,306.5,ASK
368,1712696160.1856694,37842289.15412325,292.0,-0.0,306.5,ASK
369,1712696190.1991627,37842289.15412325,292.0,-0.0,306.5,ASK
370,1712696216.452015,37842676.79665939,292.1,3.043035614130927e-08,306.5,BID
371,1712696216.5306609,37842711.04323473,292.1,2.688393009214303e-09,306.5,BID
372,1712696220.2974389,37842711.04323473,292.1,0.0,306.5,BID
373,1712696230.744543,37843023.7679807,292.1,2.4548991524533624e-08,306.5,BID
374,1712696230.747462,37843138.63481295,292.1,9.017082682553026e-09,306.5,BID
375,1712696230.7607424,37843138.63692227,292.0,-1.655822067931048e-13,306.5,ASK
376,1712696230.7643466,37843166.03418254,292.0,-2.1506936014733274e-09,306.5,ASK
377,1712696250.300519,37843166.03418254,292.0,-0.0,306.5,ASK
378,1712696255.550984,37843900.16711607,292.0,-5.7629066380425294e-08,306.5,ASK
379,1712696277.6209311,37847953.61804867,292.1,3.181938613518345e-07,306.5,BID
380,1712696277.6243122,37848687.75098224,292.1,5.762906638393449e-08,306.5,BID
381,1712696277.7205758,37848860.64171529,292.2,1.3571835666779051e-08,306.5,BID
382,1712696277.7231808,37849595.25557274,292.2,5.7666818667134383e-08,306.5,BID
383,1712696280.1976378,37849595.25557274,292.2,0.0,306.5,BID
384,1712696310.198851,37849595.25557274,292.2,0.0,306.5,BID
385,1712696340.3105054,37849595.25557274,292.2,0.0,306.5,BID
386,1712696351.5815864,37850329.86943019,292.3,5.765831859077165e-08,306.5,BID
387,1712696351.586846,37851064.48328764,292.4,5.765831859077165e-08,306.5,BID
388,1712696351.5913348,37853508.4988545,292.5,1.918257146475823e-07,306.5,BID
389,1712696351.5943637,37854040.27166462,292.6,4.173774533754701e-08,306.5,BID
390,1712696370.3105552,37854040.27166462,292.6,0.0,306.5,BID
391,1712696400.3202322,37854040.27166462,292.6,0.0,306.5,BID
392,1712696425.710664,37861460.27166462,292.5,5.834262857454079e-07,306.5,BID
393,1712696425.7144933,37866335.15166462,292.5,3.833063520021751e-07,306.5,BID
394,1712696425.8757844,37868162.62652245,292.5,-1.436923003499446e-07,306.5,ASK
395,1712696425.878165,37870707.74652245,292.5,-2.001199337432329e-07,306.5,ASK
396,1712696425.9927292,37872506.94061089,292.5,-1.4146861514232402e-07,306.5,ASK
397,1712696425.9956155,37873491.9261152,292.5,-7.744830650819604e-08,306.5,ASK
398,1712696426.0504258,37876300.27166462,292.5,-2.208170637449433e-07,306.5,ASK
399,1712696426.054053,37883720.27166462,292.5,-5.834262857454079e-07,306.5,ASK
400,1712696426.0942209,37884570.34178644,292.4,-6.684006115835693e-08,306.5,ASK
401,1712696426.0972106,37885430.00133688,292.4,-6.759406718607774e-08,306.5,ASK
402,1712696430.2049048,37885430.00133688,292.4,-0.0,306.5,ASK
403,1712696460.3003595,37885430.00133688,292.4,-0.0,306.5,ASK
404,1712696488.3906517,37890960.27166462,292.4,-4.345252677892229e-07,306.5,ASK
405,1712696488.394765,37900771.63517668,292.4,-7.708999930928569e-07,306.5,ASK
406,1712696488.4504614,37901411.18529568,292.3,-5.0250832283581705e-08,306.5,ASK
407,1712696488.4713428,37901411.18529642,292.3,-5.795541056458643e-17,306.5,ASK
408,1712696490.3035982,37901411.18529642,292.3,-0.0,306.5,ASK
409,1712696502.4002886,37901428.27931351,292.5,1.342620843488831e-09,306.5,BID
410,1712696520.1937854,37901428.27931351,292.5,0.0,306.5,BID
411,1712696524.300165,37901603.96136479,292.5,1.3798646036157004e-08,306.5,BID
412,1712696529.81489,37902076.33671882,292.2,-3.710191370725365e-08,306.5,ASK
413,1712696532.2613904,37903162.65978982,292.3,-8.53233863595176e-08,306.5,ASK
414,1712696532.270359,37903162.6597906,292.3,-6.08600825294649e-17,306.5,ASK
415,1712696550.191882,37903162.6597906,292.3,-0.0,306.5,ASK
416,1712696568.2502618,37906619.19298704,292.2,-2.7147667455399385e-07,306.5,ASK
417,1712696580.2840786,37906619.19298704,292.2,-0.0,306.5,ASK
418,1712696582.5001123,37906690.28443657,292.2,-5.583091026854137e-09,306.5,ASK
419,1712696582.5046067,37907006.83552318,292.2,-2.486000134918301e-08,306.5,ASK
420,1712696606.4054918,37907645.96496598,292.2,-5.0193347874008815e-08,306.5,ASK
421,1712696606.4086952,37916461.79251676,292.2,-6.92341596903901e-07,306.5,ASK
422,1712696606.5800984,37916849.43505276,292.2,-3.04430923649198e-08,306.5,ASK
423,1712696610.301088,37916849.43505276,292.2,-0.0,306.5,ASK
424,1712696627.7517183,37916849.4350529,292.2,-1.11147350457252e-17,306.5,ASK
425,1712696640.181708,37916849.4350529,292.2,-0.0,306.5,ASK
426,1712696654.9900708,37916883.65818773,292.2,2.6870465160600113e-09,306.5,BID
427,1712696670.1798947,37916883.65818773,292.2,0.0,306.5,BID
428,1712696700.2998676,37916883.65818773,292.2,0.0,306.5,BID
429,1712696730.3108704,37916883.65818773,292.2,0.0,306.5,BID
430,1712696733.8999836,37916921.32337088,292.1,2.968922866018258e-09,306.5,BID
431,1712696744.6310966,37916939.01337899,291.9,-1.3943983591830183e-09,306.5,ASK
432,1712696745.5608518,37917263.90644699,291.9,-2.5609392493197325e-08,306.5,ASK
433,1712696748.1705215,37917263.90644727,291.9,-2.1729546977936104e-17,306.5,ASK
434,1712696748.1744576,37917525.30932399,291.9,-2.0604837493039925e-08,306.5,ASK
435,1712696750.4231486,37917525.30932496,291.9,-7.634705694950524e-17,306.5,ASK
436,1712696750.4250686,37917543.02957143,291.8,-1.3967818696673175e-09,306.5,ASK
437,1712696755.960585,37922508.80643646,291.8,-3.9142272118244493e-07,306.5,ASK
438,1712696760.2196915,37922508.80643646,291.8,-0.0,306.5,ASK
439,1712696790.2056,37922508.80643646,291.8,-0.0,306.5,ASK
440,1712696816.124591,37929928.80643646,291.8,-5.847988999874294e-07,306.5,ASK
441,1712696816.2020774,37931233.32851546,291.8,-1.028144308371871e-07,306.5,ASK
442,1712696820.293801,37931233.32851546,291.8,-0.0,306.5,ASK
443,1712696824.3870072,37931267.61031182,291.7,-2.701338958663398e-09,306.5,ASK
444,1712696824.389258,37931267.61031254,291.8,-5.636076267363242e-17,306.5,ASK
445,1712696824.3911595,37934969.68521826,291.7,-2.917163110746228e-07,306.5,ASK
446,1712696824.3930745,37934990.24724704,291.8,-1.620247924969772e-09,306.5,ASK
447,1712696824.395034,37938413.32851546,291.7,-2.697321544167106e-07,306.5,ASK
448,1712696824.463164,37938513.32851371,291.6,-7.879805606202454e-09,306.5,ASK
449,1712696824.4673665,37940746.5882814,291.6,-1.7597653145655609e-07,306.5,ASK
450,1712696824.4716642,37940748.16454722,291.7,-1.2420668457814714e-10,306.5,ASK
451,1712696824.475647,37940775.59938946,291.6,-2.161812275029891e-09,306.5,ASK
452,1712696824.504479,37940775.59939121,291.6,-1.37379359016979e-16,306.5,ASK
453,1712696824.6224985,37940813.33524026,291.5,-2.973511601263009e-09,306.5,ASK
454,1712696824.6265476,37941656.14141521,291.5,-6.641148938582667e-08,306.5,ASK
455,1712696830.7125895,37941812.8950185,291.4,-1.23518794365911e-08,306.5,ASK
456,1712696830.716731,37941833.12601821,291.4,-1.5941634771076199e-09,306.5,ASK
457,1712696830.7762332,37942333.12601821,291.3,-3.939902872084452e-08,306.5,ASK
458,1712696830.779899,37942333.1260185,291.4,-2.289655983616317e-17,306.5,ASK
459,1712696830.7818074,37943519.79783449,291.3,-9.350743392092393e-08,306.5,ASK
460,1712696830.8374882,37944550.0176147,291.2,-8.117931741829025e-08,306.5,ASK
461,1712696830.839861,37946183.52723007,291.2,-1.2871738450340898e-07,306.5,ASK
462,1712696830.8924935,37952885.52723007,291.1,-5.281045809742e-07,306.5,ASK
463,1712696830.8961008,37964686.27199132,291.1,-9.298757635517604e-07,306.5,ASK
464,1712696830.899378,37966464.08365207,291.1,-1.400881053644171e-07,306.5,ASK
465,1712696830.9356172,37973170.93847307,291.1,-5.284871314379531e-07,306.5,ASK
466,1712696830.9398942,37978414.27199132,291.1,-4.13164495757137e-07,306.5,ASK
467,1712696840.4100792,37978483.00051365,291.0,-5.415674050482923e-09,306.5,ASK
468,1712696840.4121332,37979655.00828853,291.0,-9.235193596725946e-08,306.5,ASK
469,1712696850.2937992,37979655.00828853,291.0,-0.0,306.5,ASK
470,1712696880.195371,37979655.00828853,291.0,-0.0,306.5,ASK
471,1712696910.2049954,37979655.00828853,291.0,-0.0,306.5,ASK
472,1712696912.3951538,37979775.00828853,290.8,-9.445271265299269e-09,306.5,ASK
473,1712696913.8746874,37981494.99452864,290.7,-1.353811384196911e-07,306.5,ASK
474,1712696913.8784814,37982458.18682253,290.7,-7.581343747087987e-08,306.5,ASK
475,1712696913.9545014,37982802.13038753,290.6,-2.7072002261187284e-08,306.5,ASK
476,1712696913.9588578,37982802.1303881,290.7,-4.515585101073257e-17,306.5,ASK
477,1712696913.9645483,37983647.54676753,290.6,-6.654322529864878e-08,306.5,ASK
478,1712696914.014505,37983647.54676799,290.6,-3.5772817034476445e-17,306.5,ASK
479,1712696934.6450455,37983991.78084716,290.5,-2.7094868804712683e-08,306.5,ASK
480,1712696934.649698,37984149.02008899,290.5,-1.2376394105365252e-08,306.5,ASK
481,1712696934.6648233,37984149.02008984,290.5,-6.685411708082483e-17,306.5,ASK
482,1712696934.7058487,37984837.72532399,290.4,-5.4208397986296727e-08,306.5,ASK
483,1712696934.7093918,37985339.37132905,290.4,-3.948485497429291e-08,306.5,ASK
484,1712696934.7129145,37985339.37132948,290.4,-3.4013498163928426e-17,306.5,ASK
485,1712696940.2923958,37985339.37132948,290.4,-0.0,306.5,ASK
486,1712696958.8751674,37985683.6607481,290.6,2.709570161006784e-08,306.5,BID
487,1712696960.7883952,37985883.6607481,290.4,1.5740072244131082e-08,306.5,BID
488,1712696970.3054314,37985883.6607481,290.4,0.0,306.5,BID
489,1712696971.6764605,37986689.68594487,290.6,6.343368471098786e-08,306.5,BID
490,1712697000.231251,37986689.68594487,290.6,0.0,306.5,BID
491,1712697015.7730186,37987495.45730161,290.4,-6.344314281348604e-08,306.5,ASK
492,1712697022.7018895,37987575.18200168,290.1,-6.27719698653828e-09,306.5,ASK
493,1712697030.2087324,37987575.18200168,290.1,-0.0,306.5,ASK
494,1712697031.2868242,37988489.98875919,290.4,7.202668638410076e-08,306.5,BID
495,1712697036.0066988,37991019.92468369,290.1,-1.9919278023469785e-07,306.5,ASK
496,1712697046.7969818,37991114.55647997,290.6,7.450769964837703e-09,306.5,BID
497,1712697060.3171377,37991114.55647997,290.6,0.0,306.5,BID
498,1712697061.56189,37991317.94631047,290.1,-1.601246475453321e-08,306.5,ASK
499,1712697066.7411633,37991455.5925596,290.6,1.083660725502664e-08,306.5,BID
500,1712697080.267475,37992029.08587101,290.6,4.5149953728686535e-08,306.5,BID
501,1712697090.3175173,37992029.08587101,290.6,0.0,306.5,BID
502,1712697120.210178,37992029.08587101,290.6,0.0,306.5,BID
503,1712697121.0985053,37992835.11106778,290.8,6.345538560700984e-08,306.5,BID
504,1712697147.3385382,37992852.30845429,290.8,-1.3538866983844461e-09,306.5,ASK
505,1712697150.2104392,37992852.30845429,290.8,-0.0,306.5,ASK
506,1712697165.778923,37993234.30906709,290.8,3.0072930044049344e-08,306.5,BID
507,1712697180.32751,37993234.30906709,290.8,0.0,306.5,BID
508,1712697199.2033956,37993337.40185059,291.0,8.115890000328228e-09,306.5,BID
509,1712697206.1696706,37994025.15975959,290.8,-5.4143145107022746e-08,306.5,ASK
510,1712697206.1745546,37994025.1597598,290.8,-1.6423133941661633e-17,306.5,ASK
511,1712697210.327363,37994025.1597598,290.8,-0.0,306.5,ASK
512,1712697212.160872,37994025.1597602,290.8,-3.167261340571328e-17,306.5,ASK
513,1712697212.165532,37994881.9341752,290.8,-6.744760176300249e-08,306.5,ASK
514,1712697227.8195117,37994899.11630578,291.0,1.35262384203601e-09,306.5,BID
515,1712697240.2085643,37994899.11630578,291.0,0.0,306.5,BID
516,1712697270.2142348,37994899.11630578,291.0,0.0,306.5,BID
517,1712697294.1904998,37994933.55156748,290.4,-2.710782802488044e-09,306.5,ASK
518,1712697294.1955695,38001671.24030623,290.4,-5.303984886902176e-07,306.5,ASK
519,1712697300.216558,38001671.24030623,290.4,-0.0,306.5,ASK
520,1712697330.2012837,38001671.24030623,290.4,-0.0,306.5,ASK
521,1712697360.3232856,38001671.24030623,290.4,-0.0,306.5,ASK
522,1712697360.7212238,38001722.53989583,290.4,-4.051156969857414e-09,306.5,ASK
523,1712697360.8473089,38001773.83948543,290.4,-4.051156969269037e-09,306.5,ASK
524,1712697386.0211985,38002117.60022795,290.9,2.714697600469954e-08,306.5,BID
525,1712697390.3110497,38002117.60022795,290.9,0.0,306.5,BID
526,1712697420.2113435,38002117.60022795,290.9,0.0,306.5,BID
527,1712697450.2182214,38002117.60022795,290.9,0.0,306.5,BID
528,1712697475.5928037,38002152.03548965,290.4,-2.7193437925037276e-09,306.5,ASK
529,1712697475.5966983,38004691.83204939,290.3,-2.0056708352669682e-07,306.5,ASK
530,1712697475.600546,38005502.69378621,290.4,-6.403354358178507e-08,306.5,ASK
531,1712697475.6058736,38005537.14090987,290.3,-2.72028052884503e-09,306.5,ASK
532,1712697475.6105516,38006445.8738712,290.4,-7.17624091026816e-08,306.5,ASK
533,1712697480.3020933,38006445.8738712,290.4,-0.0,306.5,ASK
534,1712697510.3061843,38006445.8738712,290.4,-0.0,306.5,ASK
535,1712697540.2133968,38006445.8738712,290.4,-0.0,306.5,ASK
536,1712697570.2099848,38006445.8738712,290.4,-0.0,306.5,ASK
537,1712697600.2355268,38006445.8738712,290.4,-0.0,306.5,ASK
538,1712697614.3330872,38006645.8738712,290.5,-1.5827019348358955e-08,306.5,ASK
539,1712697616.0931146,38009400.69480783,290.4,-2.180030213263536e-07,306.5,ASK
540,1712697616.0979495,38009735.69480783,290.4,-2.6510257408501253e-08,306.5,ASK
541,1712697616.1027975,38010640.6106146,290.3,-7.161059991194891e-08,306.5,ASK
542,1712697616.1930969,38014065.8738712,290.3,2.710585391773134e-07,306.5,BID
543,1712697630.2070572,38014065.8738712,290.3,0.0,306.5,BID
544,1712697660.2459376,38014065.8738712,290.3,0.0,306.5,BID
545,1712697674.313357,38017511.77325041,290.2,-2.726438459090938e-07,306.5,ASK
546,1712697674.3232594,38017566.5388442,290.2,-4.333121914226702e-09,306.5,ASK
547,1712697679.4743936,38017566.53884472,290.2,-4.126494442409474e-17,306.5,ASK
548,1712697679.4836726,38024986.5388442,290.1,-5.87079631143451e-07,306.5,ASK
549,1712697690.203836,38024986.5388442,290.1,-0.0,306.5,ASK
550,1712697690.4453304,38025079.16402419,290.1,-7.326782720470251e-09,306.5,ASK
551,1712697690.448763,38028858.4853632,290.1,-2.989496623318256e-07,306.5,ASK
552,1712697690.4853,38028858.48536391,290.1,-5.598838881741464e-17,306.5,ASK
553,1712697720.3152328,38028858.48536391,290.1,-0.0,306.5,ASK
554,1712697731.8399916,38028925.75689943,290.0,-5.3208008325568135e-09,306.5,ASK
555,1712697731.8424182,38034301.11551407,290.0,-4.251606919568641e-07,306.5,ASK
556,1712697731.8446748,38059103.76450196,290.0,-1.9617503058004805e-06,306.5,ASK
557,1712697731.9636984,38059261.32917943,289.9,-1.2462481501872744e-08,306.5,ASK
558,1712697731.973751,38059430.31848596,289.9,-1.3366105528797917e-08,306.5,ASK
559,1712697732.0307467,38059430.31848607,289.9,-8.839486523118927e-18,306.5,ASK
560,1712697732.033394,38059715.25809958,289.8,-2.2537123925891752e-08,306.5,ASK
561,1712697746.153889,38077210.46012558,289.7,-1.3837722713130071e-06,306.5,ASK
562,1712697746.1591132,38100143.45586858,289.7,-1.8138712293883087e-06,306.5,ASK
563,1712697746.1737387,38106248.21290358,289.7,-4.828520125451402e-07,306.5,ASK
564,1712697746.233706,38106317.27367706,289.6,-5.462319510847135e-09,306.5,ASK
565,1712697746.2438424,38110377.05317957,289.6,-3.211057691628964e-07,306.5,ASK
566,1712697746.2478018,38113803.98215536,289.7,-2.710508449922679e-07,306.5,ASK
567,1712697746.251805,38116819.85785476,289.6,-2.3853883826863945e-07,306.5,ASK
568,1712697746.3736205,38126486.87236132,289.5,-7.646065818886534e-07,306.5,ASK
569,1712697746.383726,38126521.41467476,289.5,-2.732103090692837e-09,306.5,ASK
570,1712697746.413684,38126521.41467565,289.5,-7.071589218495142e-17,306.5,ASK
571,1712697746.4738345,38127554.47252688,289.4,-8.170907698367445e-08,306.5,ASK
572,1712697746.4837666,38135751.38030717,289.4,-6.483293922537584e-07,306.5,ASK
573,1712697750.4595454,38135751.38030717,289.4,-0.0,306.5,ASK
574,1712697755.353832,38136327.75660717,289.4,-4.547672997357356e-08,306.5,ASK
575,1712697755.3737829,38136664.25383861,289.4,-2.6550005146539503e-08,306.5,ASK
576,1712697766.9338064,38136884.36641864,289.4,1.7367126936917218e-08,306.5,BID
577,1712697767.0739267,38138391.96634664,289.4,-1.1895130808437853e-07,306.5,ASK
578,1712697770.4084003,38138391.96634724,289.4,-4.761658555041424e-17,306.5,ASK
579,1712697780.2140708,38138391.96634724,289.4,-0.0,306.5,ASK
580,1712697805.1042926,38138515.38081416,289.3,-9.736951366428853e-09,306.5,ASK
581,1712697805.109428,38139206.50182891,289.3,-5.452692765305965e-08,306.5,ASK
582,1712697805.1146476,38147261.53227935,289.2,-6.355125270967407e-07,306.5,ASK
583,1712697805.1174576,38154879.69338491,289.3,-6.010451289800417e-07,306.5,ASK
584,1712697805.1233134,38155259.92152179,289.3,-2.9998613367135785e-08,306.5,ASK
585,1712697805.1256108,38155294.51162901,289.1,-2.729033314714965e-09,306.5,ASK
586,1712697805.1279433,38156643.90609222,289.0,-1.0646230211566964e-07,306.5,ASK
587,1712697805.1302795,38156678.49619944,289.1,-2.729033314714965e-09,306.5,ASK
588,1712697805.1355822,38156713.07434605,289.2,-2.7280896667333114e-09,306.5,ASK
589,1712697805.137901,38157059.33473386,288.8,-2.7318681840286183e-08,306.5,ASK
590,1712697805.1402805,38157093.99677892,288.5,-2.734708948272842e-09,306.5,ASK
591,1712697805.1427124,38157266.92069758,289.0,-1.364306655540558e-08,306.5,ASK
592,1712697805.1450665,38157301.53475088,288.9,-2.7309225734214022e-09,306.5,ASK
593,1712697805.147443,38164594.03528917,288.5,-5.753516978559696e-07,306.5,ASK
594,1712697805.1497848,38164680.90726148,289.0,-6.853881807084925e-09,306.5,ASK
595,1712697805.1521685,38165339.71447368,288.4,-5.197748647486544e-08,306.5,ASK
596,1712697805.1545303,38165367.91385062,288.9,-2.22482800188224e-09,306.5,ASK
597,1712697805.1569076,38182236.980184,288.5,-1.3309078148430998e-06,306.5,ASK
598,1712697805.15929,38182271.980184,289.0,-2.761372360444436e-09,306.5,ASK
599,1712697805.1616738,38182306.5942373,288.9,-2.730922572833578e-09,306.5,ASK
600,1712697805.164081,38182375.96641905,288.3,-5.47321215058517e-09,306.5,ASK
601,1712697805.1664424,38182722.22680686,288.8,-2.7318681840286183e-08,306.5,ASK
602,1712697805.1688375,38182756.90087066,288.4,-2.735657183042344e-09,306.5,ASK
603,1712697805.1712427,38183103.40121716,288.6,-2.7337613706313864e-08,306.5,ASK
604,1712697805.173614,38184700.84835716,288.5,-1.260327537048319e-07,306.5,ASK
605,1712697805.1760137,38184735.49839181,288.6,-2.733761370102345e-09,306.5,ASK
606,1712697805.1783905,38184770.12443059,288.8,-2.7318681841461834e-09,306.5,ASK
607,1712697805.1807892,38186536.66409112,288.7,-1.393735369203358e-07,306.5,ASK
608,1712697805.183221,38189905.86051969,288.4,-2.658173112792592e-07,306.5,ASK
609,1712697805.185603,38205382.30574043,288.3,-1.2210350877280034e-06,306.5,ASK
610,1712697805.188039,38206002.35294636,288.2,-4.891946333236101e-08,306.5,ASK
611,1712697810.2167711,38206002.35294636,288.2,-0.0,306.5,ASK
612,1712697840.3139894,38206002.35294636,288.2,-0.0,306.5,ASK
613,1712697853.659442,38207318.35294636,288.4,-1.0366797790918132e-07,306.5,ASK
614,1712697853.6620529,38207610.83820959,288.2,-2.3040543926386442e-08,306.5,ASK
615,1712697853.6646223,38209304.46067816,288.2,-1.3341521022647448e-07,306.5,ASK
616,1712697853.91435,38209371.73221368,288.2,-5.299319193419084e-09,306.5,ASK
617,1712697860.6544602,38209406.28646385,289.4,2.722013102476113e-09,306.5,BID
618,1712697870.314398,38209406.28646385,289.4,0.0,306.5,BID
619,1712697888.923886,38209805.93480409,289.2,-3.1479888159574633e-08,306.5,ASK
620,1712697889.6543248,38209909.5975546,289.3,8.165408094732344e-09,306.5,BID
621,1712697900.200152,38209909.5975546,289.3,0.0,306.5,BID
622,1712697901.6744268,38209978.75384781,289.2,-5.4538216239762476e-09,306.5,ASK
623,1712697901.6944752,38209978.75384782,289.2,-1.1751392588289984e-18,306.5,ASK
624,1712697930.2209718,38209978.75384782,289.2,-0.0,306.5,ASK
625,1712697930.6946363,38215511.25730563,289.2,-4.363050418632356e-07,306.5,ASK
626,1712697930.699731,38215545.84741182,289.1,-2.727849669512373e-09,306.5,ASK
627,1712697931.864568,38215580.42555842,289.2,-2.7269065106940955e-09,306.5,ASK
628,1712697939.3450348,38215580.42555843,289.2,-1.17513740534915e-18,306.5,ASK
629,1712697939.3504214,38215601.88836662,289.1,-1.6926029047755331e-09,306.5,ASK
630,1712697943.888621,38215636.49044274,289.0,-2.72879364387601e-09,306.5,ASK
631,1712697952.854785,38215671.10449604,288.9,-2.7297381899439942e-09,306.5,ASK
632,1712697960.31618,38215671.10449604,288.9,-0.0,306.5,ASK
633,1712697988.1850142,38215962.80543619,288.9,2.3001173218923825e-08,306.5,BID
634,1712697990.3147707,38215962.80543619,288.9,0.0,306.5,BID
635,1712698011.5653934,38216308.94596924,288.9,-2.7293657160548824e-08,306.5,ASK
636,1712698011.5709205,38219813.1898935,288.8,-2.763144536476974e-07,306.5,ASK
637,1712698011.5761836,38220139.17781681,288.9,-2.5704596161623893e-08,306.5,ASK
638,1712698020.2373972,38220139.17781681,288.9,-0.0,306.5,ASK
639,1712698038.595215,38220173.76792403,289.1,-2.7272181467541195e-09,306.5,ASK
640,1712698050.210257,38220173.76792403,289.1,-0.0,306.5,ASK
641,1712698058.96523,38220346.18171713,289.2,1.3593761114685302e-08,306.5,BID
642,1712698065.5055137,38220412.99857674,289.3,5.268096082541082e-09,306.5,BID
643,1712698065.511246,38220518.59551023,289.2,8.325665032731651e-09,306.5,BID
644,1712698071.795201,38220691.00930333,289.6,1.3593761115272733e-08,306.5,BID
645,1712698078.235329,38220863.42309643,289.6,1.3593761115272733e-08,306.5,BID
646,1712698080.3151436,38220863.42309643,289.6,0.0,306.5,BID
647,1712698108.2951858,38220898.00124303,289.2,-2.7262300733932422e-09,306.5,ASK
648,1712698110.3159091,38220898.00124303,289.2,-0.0,306.5,ASK
649,1712698118.8764796,38220932.56743729,289.3,-2.725285571412487e-09,306.5,ASK
650,1712698124.0855076,38224902.55016016,289.4,3.130034088348012e-07,306.5,BID
651,1712698128.6256838,38224937.11635442,289.3,2.725285571412487e-09,306.5,BID
652,1712698134.5257337,38224971.70646164,289.1,-2.727170929143858e-09,306.5,ASK
653,1712698134.5328467,38224971.70646165,289.2,-1.1748449741106645e-18,306.5,ASK
654,1712698134.537993,38225040.88667609,289.1,-5.454341858287716e-09,306.5,ASK
655,1712698140.2051954,38225040.88667609,289.1,-0.0,306.5,ASK
656,1712698144.4860864,38225075.50072939,288.9,-2.728800957793424e-09,306.5,ASK
657,1712698144.490213,38225075.5007294,289.1,-5.873669660095555e-19,306.5,ASK
658,1712698144.4936202,38225110.10280552,289.0,-2.7278567360272154e-09,306.5,ASK
659,1712698144.496962,38225144.7288443,288.8,-2.7297458338864327e-09,306.5,ASK
660,1712698144.5002978,38225175.30551442,288.9,-2.410513613544385e-09,306.5,ASK
661,1712698144.5030882,38225194.23711442,289.0,-1.492473816188544e-09,306.5,ASK
662,1712698144.5058165,38227346.50667609,288.8,-1.696742993418787e-07,306.5,ASK
663,1712698154.295535,38227346.50802046,288.8,-1.0598332061283217e-13,306.5,ASK
664,1712698154.5954795,38228491.58021328,288.8,9.027183465877354e-08,306.5,BID
665,1712698155.495708,38231951.78782573,289.0,2.727856736332646e-07,306.5,BID
666,1712698161.375453,38231969.08886379,289.0,1.363928367719924e-09,306.5,BID
667,1712698170.2201302,38231969.08886379,289.0,0.0,306.5,BID
668,1712698200.2677183,38231969.08886379,289.0,0.0,306.5,BID
669,1712698216.3059025,38232003.69093991,289.0,2.730113144088768e-09,306.5,BID
670,1712698224.895843,38237540.02311984,289.0,4.3681810310299467e-07,306.5,BID
671,1712698224.9958322,38251848.30831328,289.0,1.1289275631831269e-06,306.5,BID
672,1712698225.001475,38252848.30831328,289.0,7.8900269873042e-08,306.5,BID
673,1712698225.7656434,38253821.30831328,289.0,-7.676996258646986e-08,306.5,ASK
674,1712698230.2157753,38253821.30831328,289.0,-0.0,306.5,ASK
675,1712698231.7457552,38254258.37120201,289.4,3.4467205614934964e-08,306.5,BID
676,1712698235.476018,38254358.37120201,289.1,7.886097516848696e-09,306.5,BID
677,1712698242.49579,38254458.37120201,289.1,7.886097516848696e-09,306.5,BID
678,1712698247.2180502,38254558.37120201,289.1,7.886097516848696e-09,306.5,BID
679,1712698247.5556211,38264469.22120201,289.1,7.815792957487166e-07,306.5,BID
680,1712698247.6556385,38271800.77732513,289.1,-5.781736653719378e-07,306.5,ASK
681,1712698250.7457683,38271809.22120201,289.1,6.658923647565392e-10,306.5,BID
682,1712698260.305654,38271809.22120201,289.1,0.0,306.5,BID
683,1712698290.3011255,38271809.22120201,289.1,0.0,306.5,BID
684,1712698294.506239,38271843.77545218,289.4,-2.7238647765773714e-09,306.5,ASK
685,1712698294.5117514,38271878.35359879,289.2,-2.7257485000826762e-09,306.5,ASK
686,1712698294.5172892,38271912.94370601,289.1,-2.726691339428112e-09,306.5,ASK
687,1712698294.5219123,38271947.50990027,289.3,-2.7248063126615356e-09,306.5,ASK
688,1712698294.5862136,38272501.02334659,289.1,4.3632715866273065e-08,306.5,BID
689,1712698294.6059186,38272501.0233466,289.1,1.1746383701713345e-18,306.5,BID
690,1712698294.870768,38274131.5667557,289.1,1.2853353021527085e-07,306.5,BID
691,1712698297.8958352,38274501.0233466,289.1,2.9123763050748613e-08,306.5,BID
692,1712698300.00591,38275171.63233623,289.5,5.286319907216098e-08,306.5,BID
693,1712698306.465886,38276065.77765574,289.6,7.048426543052684e-08,306.5,BID
694,1712698320.2084355,38276065.77765574,289.6,0.0,306.5,BID
695,1712698350.2160575,38276065.77765574,289.6,0.0,306.5,BID
696,1712698375.2822084,38277071.6911402,289.8,7.928710282665087e-08,306.5,BID
697,1712698380.226306,38277071.6911402,289.8,0.0,306.5,BID
698,1712698410.2190547,38277071.6911402,289.8,0.0,306.5,BID
699,1712698427.8262885,38277106.15013399,290.2,2.7160298077320353e-09,306.5,BID
700,1712698440.3161292,38277106.15013399,290.2,0.0,306.5,BID
701,1712698470.3163009,38277106.15013399,290.2,0.0,306.5,BID
702,1712698484.8065262,38277123.55192585,290.1,1.371593971661058e-09,306.5,BID
703,1712698491.696411,38277468.73659966,289.7,-2.720715323048484e-08,306.5,ASK
704,1712698500.239873,38277468.73659966,289.7,-0.0,306.5,ASK
705,1712698504.9967031,38277486.17444496,289.6,-1.3749408694894602e-09,306.5,ASK
706,1712698505.0068505,38277831.83638759,289.3,-2.725478543085573e-08,306.5,ASK
707,1712698505.010275,38277866.36677433,289.6,-2.7226551880093953e-09,306.5,ASK
708,1712698505.0135818,38281045.95696092,289.4,-2.507046267052651e-07,306.5,ASK
709,1712698505.016969,38281080.52315518,289.3,-2.7254785433205587e-09,306.5,ASK
710,1712698505.020261,38281115.06546951,289.5,-2.723595655732069e-09,306.5,ASK
711,1712698505.023662,38281149.61971968,289.4,-2.7245367737774804e-09,306.5,ASK
712,1712698505.0269454,38292956.3941053,289.3,-9.309416595341168e-07,306.5,ASK
713,1712698505.0567577,38292956.39410542,289.3,9.399425297854165e-18,306.5,BID
714,1712698505.0663884,38307832.88556042,289.3,1.1729830003382982e-06,306.5,BID
715,1712698505.248187,38319193.45699542,289.7,8.95759407228936e-07,306.5,BID
716,1712698505.3064923,38326491.27841142,289.7,5.754193108208516e-07,306.5,BID
717,1712698505.312055,38333789.09982742,289.7,5.754193108214391e-07,306.5,BID
718,1712698505.3262572,38337851.84984736,289.7,3.203400964821048e-07,306.5,BID
719,1712698530.2229328,38337851.84984736,289.7,0.0,306.5,BID
720,1712698536.796843,38340351.84984736,289.7,1.968489073141299e-07,306.5,BID
721,1712698560.3109946,38340351.84984736,289.7,0.0,306.5,BID
722,1712698590.3097703,38340351.84984736,289.7,0.0,306.5,BID
723,1712698620.2099783,38340351.84984736,289.7,0.0,306.5,BID
724,1712698650.0067992,38340390.4319549,290.2,3.03776504915644e-09,306.5,BID
725,1712698650.0165267,38341540.92177039,290.2,9.058389948230393e-08,306.5,BID
726,1712698650.2194912,38341540.92177039,290.2,0.0,306.5,BID
727,1712698680.316617,38341540.92177039,290.2,0.0,306.5,BID
728,1712698710.306708,38341540.92177039,290.2,0.0,306.5,BID
729,1712698740.1998956,38341540.92177039,290.2,0.0,306.5,BID
730,1712698770.2258005,38341540.92177039,290.2,0.0,306.5,BID
731,1712698800.2230256,38341540.92177039,290.2,0.0,306.5,BID
732,1712698802.256544,38342230.10164539,290.2,-5.4405646620399625e-08,306.5,ASK
733,1712698802.2762823,38342230.10164633,290.2,-7.410918744414343e-17,306.5,ASK
734,1712698813.8458858,38342333.47862772,290.1,-8.160847004293954e-09,306.5,ASK
735,1712698813.8489337,38344125.10164633,290.0,-1.414353674026649e-07,306.5,ASK
736,1712698830.2199066,38344125.10164633,290.0,-0.0,306.5,ASK
737,1712698860.3177764,38344125.10164633,290.0,-0.0,306.5,ASK
738,1712698890.3044827,38344125.10164633,290.0,-0.0,306.5,ASK
739,1712698920.220484,38344125.10164633,290.0,-0.0,306.5,ASK
740,1712698922.493898,38344159.54876999,290.3,-2.7191843752339886e-09,306.5,ASK
741,1712698934.1987765,38344193.98403169,290.4,2.718248016944435e-09,306.5,BID
742,1712698950.230716,38344193.98403169,290.4,0.0,306.5,BID
743,1712698975.1928728,38345401.38416943,290.4,9.530950793330592e-08,306.5,BID
744,1712698980.3142245,38345401.38416943,290.4,0.0,306.5,BID
745,1712698992.3326278,38345435.81943113,290.4,2.718168492349837e-09,306.5,BID
746,1712699010.3043416,38345435.81943113,290.4,0.0,306.5,BID
747,1712699030.8516746,38345453.03943113,290.4,1.3592701832812087e-09,306.5,BID
748,1712699040.1978204,38345453.03943113,290.4,0.0,306.5,BID
749,1712699046.2414956,38346207.28404694,290.4,5.9536690624357415e-08,306.5,BID
750,1712699046.2528803,38347453.03943113,290.4,9.83343484961998e-08,306.5,BID
751,1712699070.204257,38347453.03943113,290.4,0.0,306.5,BID
752,1712699086.2609167,38348811.58509713,290.3,-1.072325918330524e-07,306.5,ASK
753,1712699086.2674928,38348828.83509801,290.3,-1.3615753599573119e-09,306.5,ASK
754,1712699100.2323816,38348828.83509801,290.3,-0.0,306.5,ASK
755,1712699130.2047615,38348828.83509801,290.3,-0.0,306.5,ASK
756,1712699160.3160193,38348828.83509801,290.3,-0.0,306.5,ASK
757,1712699167.8930402,38352017.0336622,290.3,-2.52058042318224e-07,306.5,ASK
758,1712699190.319527,38352017.0336622,290.3,-0.0,306.5,ASK
759,1712699191.0893734,38361307.3313323,290.3,-7.34434465473765e-07,306.5,ASK
760,1712699194.659236,38361883.86088419,290.3,-4.5576922107870175e-08,306.5,ASK
761,1712699212.648958,38364495.52989619,290.3,-2.0646267783184695e-07,306.5,ASK
762,1712699220.2303994,38364495.52989619,290.3,-0.0,306.5,ASK
763,1712699250.2119288,38364495.52989619,290.3,-0.0,306.5,ASK
764,1712699280.3082569,38364495.52989619,290.3,-0.0,306.5,ASK
765,1712699287.7482958,38365301.4297737,290.6,6.369130639483102e-08,306.5,BID
766,1712699287.7545714,38367975.52989619,290.6,2.1133758049192285e-07,306.5,BID
767,1712699310.307841,38367975.52989619,290.6,0.0,306.5,BID
768,1712699340.2130084,38367975.52989619,290.6,0.0,306.5,BID
769,1712699370.2176445,38367975.52989619,290.6,0.0,306.5,BID
770,1712699400.2815142,38367975.52989619,290.6,0.0,306.5,BID
771,1712699422.3671591,38368078.76458219,290.4,-8.169120878005847e-09,306.5,ASK
772,1712699430.213138,38368078.76458219,290.4,-0.0,306.5,ASK
773,1712699441.9633825,38368078.76458304,290.4,-6.721150485983416e-17,306.5,ASK
774,1712699441.9669392,38371037.27651084,290.4,-2.341110837838698e-07,306.5,ASK
775,1712699460.3044374,38371037.27651084,290.4,-0.0,306.5,ASK
776,1712699466.1768162,38371387.27651084,290.4,-2.7694094537163443e-08,306.5,ASK
777,1712699486.5265274,38376723.21839118,290.4,-4.222116539396779e-07,306.5,ASK
778,1712699490.3030467,38376723.21839118,290.4,-0.0,306.5,ASK
779,1712699506.241413,38378117.52847958,290.6,1.1031174577284537e-07,306.5,BID
780,1712699506.358411,38385537.52847958,290.6,-5.870381061157675e-07,306.5,ASK
781,1712699506.363436,38389611.92287048,290.6,-3.223483513207914e-07,306.5,ASK
782,1712699506.4361448,38394178.11792008,290.6,-3.612574789854017e-07,306.5,ASK
783,1712699506.4563403,38397195.62927261,290.4,-2.387323651715614e-07,306.5,ASK
784,1712699506.4627252,38398195.928734,290.4,-7.91393398061057e-08,306.5,ASK
785,1712699506.476544,38398989.37010155,290.4,-6.277362772526218e-08,306.5,ASK
786,1712699506.481545,38399034.75762363,290.4,-3.590863207893991e-09,306.5,ASK
787,1712699507.0662796,38400241.31625563,290.4,-9.54576676883643e-08,306.5,ASK
788,1712699507.086186,38400241.31625608,290.4,-3.595690810080108e-17,306.5,ASK
789,1712699520.209073,38400241.31625608,290.4,-0.0,306.5,ASK
790,1712699550.2343626,38400241.31625608,290.4,-0.0,306.5,ASK
791,1712699566.5040712,38400585.66887315,290.4,-2.7228960129140283e-08,306.5,ASK
792,1712699576.3859549,38400585.66887345,290.3,-2.3565560644053282e-17,306.5,ASK
793,1712699576.3928366,38400688.9035603,290.3,-8.16306609237053e-09,306.5,ASK
794,1712699580.300496,38400688.9035603,290.3,-0.0,306.5,ASK
795,1712699610.2956142,38400688.9035603,290.3,-0.0,306.5,ASK
796,1712699627.0155628,38401180.52381272,290.3,3.8873439660613646e-08,306.5,BID
797,1712699640.196263,38401180.52381272,290.3,0.0,306.5,BID
798,1712699651.8064935,38401283.86518272,290.4,-8.171325647469753e-09,306.5,ASK
799,1712699662.9752092,38401283.86518371,290.4,-7.835379966872934e-17,306.5,ASK
800,1712699670.2013826,38401283.86518371,290.4,-0.0,306.5,ASK
801,1712699679.9787812,38402045.18662485,290.3,-6.019845349177103e-08,306.5,ASK
802,1712699680.1754858,38419283.36282957,290.3,-1.3630399624557207e-06,306.5,ASK
803,1712699694.638931,38433771.73509101,290.3,-1.1456101938357212e-06,306.5,ASK
804,1712699694.716116,38483737.28796735,290.3,-3.950826613430925e-06,306.5,ASK
805,1712699694.8351853,38485262.35570135,290.3,-1.2058864245325778e-07,306.5,ASK
806,1712699694.8404093,38486910.05409422,290.3,-1.3028517221778177e-07,306.5,ASK
807,1712699700.2299504,38486910.05409422,290.3,-0.0,306.5,ASK
808,1712699703.3051963,38487600.27164251,290.3,5.4674312532878324e-08,306.5,BID
809,1712699717.5951378,38489326.16949501,290.3,-1.3671382134536037e-07,306.5,ASK
810,1712699717.6013155,38489360.61661851,290.3,-2.7286654774618343e-09,306.5,ASK
811,1712699717.6146564,38489360.61661867,290.3,-1.2984048592352029e-17,306.5,ASK
812,1712699730.2297113,38489360.61661867,290.3,-0.0,306.5,ASK
813,1712699756.5614598,38489518.12696349,290.0,-1.2476188959535078e-08,306.5,ASK
814,1712699756.5647202,38490018.54421797,290.0,-3.9637397992371496e-08,306.5,ASK
815,1712699760.2774708,38490018.54421797,290.0,-0.0,306.5,ASK
816,1712699790.223087,38490018.54421797,290.0,-0.0,306.5,ASK
817,1712699820.310444,38490018.54421797,290.0,-0.0,306.5,ASK
818,1712699850.3101368,38490018.54421797,290.0,-0.0,306.5,ASK
819,1712699880.20959,38490018.54421797,290.0,-0.0,306.5,ASK
820,1712699885.553475,38490045.54421797,290.0,-2.1386024611390838e-09,306.5,ASK
821,1712699888.014136,38490355.88904555,290.5,2.4581637484255537e-08,306.5,BID
822,1712699910.227381,38490355.88904555,290.5,0.0,306.5,BID
823,1712699940.2046833,38490441.94756534,290.5,6.8164271788667035e-09,306.5,BID
824,1712699940.2940326,38490441.94756534,290.5,0.0,306.5,BID
825,1712699965.5137198,38491247.68901967,290.5,6.382014339017053e-08,306.5,BID
826,1712699965.6596174,38491861.59553529,290.5,-4.86255257742693e-08,306.5,ASK
827,1712699965.6737435,38492326.47512155,290.5,-3.682159046743476e-08,306.5,ASK
828,1712699965.734579,38493936.03528912,290.5,-1.2748799275155426e-07,306.5,ASK
829,1712699970.3498142,38493936.03528912,290.5,-0.0,306.5,ASK
830,1712699980.8037546,38494146.13064195,290.5,1.663962746854442e-08,306.5,BID
831,1712699982.257844,38494218.71338747,290.0,-5.748579536628159e-09,306.5,ASK
832,1712699982.2625978,38495157.57525914,290.0,-7.435819773623874e-08,306.5,ASK
833,1712699984.9037893,38495235.96338747,290.0,-6.208367942126179e-09,306.5,ASK
834,1712699984.9071376,38495592.81004332,290.0,-2.8262383421865893e-08,306.5,ASK
835,1712699985.2666483,38495975.36606778,290.0,-3.0298574657626615e-08,306.5,ASK
836,1712700000.2917674,38495975.36606778,290.0,-0.0,306.5,ASK
837,1712700005.2139626,38496320.19365398,290.0,-2.7340008206890465e-08,306.5,ASK
838,1712700005.2204194,38497262.17600959,290.0,-7.468603546830259e-08,306.5,ASK
839,1712700005.2266903,38504102.71702058,290.0,-5.423592974187347e-07,306.5,ASK
840,1712700026.063586,38514018.42833215,290.0,-7.861773230670118e-07,306.5,ASK
841,1712700030.2283418,38514018.42833215,290.0,-0.0,306.5,ASK
842,1712700038.8133411,38514114.84706493,290.4,7.641487770114001e-09,306.5,BID
843,1712700053.0840297,38514920.58851926,290.8,6.385754398354354e-08,306.5,BID
844,1712700053.0878155,38518280.05978648,290.4,2.662486620919069e-07,306.5,BID
845,1712700053.0916753,38529695.82945168,290.9,9.047356438979402e-07,306.5,BID
846,1712700053.0953364,38537335.82945168,290.8,6.054940246782967e-07,306.5,BID
847,1712700053.0989895,38537681.41820718,290.5,2.73889956090648e-08,306.5,BID
848,1712700060.2939978,38537681.41820718,290.5,0.0,306.5,BID
849,1712700070.2941985,38537718.97676239,290.2,-2.975011245940362e-09,306.5,ASK
850,1712700090.3032243,38537718.97676239,290.2,-0.0,306.5,ASK
851,1712700120.201202,38537718.97676239,290.2,-0.0,306.5,ASK
852,1712700150.1987958,38537718.97676239,290.2,-0.0,306.5,ASK
853,1712700180.297173,38537718.97676239,290.2,-0.0,306.5,ASK
854,1712700180.67042,38538152.79981168,290.5,-3.436307198129217e-08,306.5,ASK
855,1712700180.7890792,38539014.53815631,290.5,-6.825819147623663e-08,306.5,ASK
856,1712700180.82654,38539477.1088633,290.5,-3.66401705183526e-08,306.5,ASK
857,1712700180.8863115,38541159.59724388,290.5,-1.3326970391258968e-07,306.5,ASK
858,1712700210.2986152,38541159.59724388,290.5,-0.0,306.5,ASK
859,1712700240.202633,38541159.59724388,290.5,-0.0,306.5,ASK
860,1712700266.0129356,38541643.06064985,290.5,-3.829204711894476e-08,306.5,ASK
861,1712700270.188555,38541643.06064985,290.5,-0.0,306.5,ASK
862,1712700287.6544702,38544601.93803485,290.5,-2.3435116394293546e-07,306.5,ASK
863,1712700287.6825993,38544601.93803561,290.5,-6.019084429346188e-17,306.5,ASK
864,1712700300.2945952,38544601.93803561,290.5,-0.0,306.5,ASK
865,1712700330.301585,38544601.93803561,290.5,-0.0,306.5,ASK
866,1712700360.2123337,38544601.93803561,290.5,-0.0,306.5,ASK
867,1712700360.3370385,38544705.10172199,290.8,8.222569987975231e-09,306.5,BID
868,1712700375.2326672,38553417.44803561,290.8,6.944098242043635e-07,306.5,BID
869,1712700375.2413423,38596150.0979309,290.8,3.40596790271816e-06,306.5,BID
870,1712700376.072889,38596250.0979309,290.8,-7.970411175211771e-09,306.5,ASK
871,1712700390.19253,38596250.0979309,290.8,-0.0,306.5,ASK
872,1712700420.29852,38596250.0979309,290.8,-0.0,306.5,ASK
873,1712700450.3155618,38596250.0979309,290.8,-0.0,306.5,ASK
874,1712700479.0398903,38597112.52994057,291.0,6.8657187842552e-08,306.5,BID
875,1712700479.0455704,38602135.52350067,291.0,3.9987455071524027e-07,306.5,BID
876,1712700479.0495744,38606650.0979309,291.0,3.593999077155309e-07,306.5,BID
877,1712700480.1959891,38606650.0979309,291.0,0.0,306.5,BID
878,1712700510.2210767,38606650.0979309,291.0,0.0,306.5,BID
879,1712700537.0528548,38610086.52404773,291.0,-2.735039063945709e-07,306.5,ASK
880,1712700537.512457,38610577.42067074,290.2,-3.907028391239456e-08,306.5,ASK
881,1712700537.522758,38610777.42067074,290.3,-1.5917927352195933e-08,306.5,ASK
1082,1712700537.5284195,38611121.77328782,290.4,-2.7406899710893292e-08,306.5,ASK
882,1712700537.5284195,38611121.77328782,290.4,-2.740689971089329e-08,306.5,ASK
883,1712700537.533957,38613065.45618978,290.2,-1.546970161458091e-07,306.5,ASK
1084,1712700537.5378292,38613358.46032542,290.1,-2.332009272493109e-08,306.5,ASK
884,1712700537.5378292,38613358.46032542,290.1,-2.3320092724931092e-08,306.5,ASK
885,1712700537.5410922,38613428.39101504,290.2,-5.5657581851407515e-09,306.5,ASK
886,1712700537.5443606,38613522.95014773,290.0,-7.525927023644088e-09,306.5,ASK
887,1712700540.3031435,38613522.95014773,290.0,-0.0,306.5,ASK
888,1712700541.416525,38614391.25908302,290.7,6.909740877544251e-08,306.5,BID
889,1712700541.423951,38616124.02692769,290.7,1.3788844409026758e-07,306.5,BID
890,1712700541.4293993,38617856.95070173,290.7,1.3790085247983914e-07,306.5,BID
891,1712700554.4820943,38619469.32163556,290.7,1.283076206926585e-07,306.5,BID
892,1712700554.487927,38619469.32163599,290.7,3.438789576796676e-17,306.5,BID
893,1712700570.3119748,38619469.32163599,290.7,0.0,306.5,BID
894,1712700577.7724104,38619675.76272152,291.1,1.6425700080998255e-08,306.5,BID
895,1712700592.8220842,38620275.06309032,291.1,4.768395831114722e-08,306.5,BID
896,1712700592.9419491,38628974.13311722,291.1,-6.921505710798563e-07,306.5,ASK
897,1712700593.4218204,38634484.46369573,290.1,-4.384351942168423e-07,306.5,ASK
898,1712700593.4277525,38637673.20311722,290.1,-2.537153747223655e-07,306.5,ASK
899,1712700600.2171233,38637673.20311722,290.1,-0.0,306.5,ASK
900,1712700630.1915398,38637673.20311722,290.1,-0.0,306.5,ASK
901,1712700660.3040192,38637673.20311722,290.1,-0.0,306.5,ASK
902,1712700690.3037496,38637673.20311722,290.1,-0.0,306.5,ASK
903,1712700693.2417731,38643602.95731861,290.1,-4.730393332101211e-07,306.5,ASK
904,1712700693.381873,38647673.20311722,290.1,3.246991853599192e-07,306.5,BID
905,1712700720.2100608,38647673.20311722,290.1,0.0,306.5,BID
906,1712700738.8222425,38648698.40035362,290.1,-8.176501007936099e-08,306.5,ASK
907,1712700738.8299184,38649043.10907475,290.1,-2.7492380058299042e-08,306.5,ASK
908,1712700738.9215095,38654725.72580762,290.1,-4.532193396011697e-07,306.5,ASK
909,1712700738.9816291,38657127.293721,290.1,-1.9153799646756122e-07,306.5,ASK
910,1712700742.1918302,38657466.293721,290.1,-2.7037078752118903e-08,306.5,ASK
911,1712700742.2718945,38667172.221332,290.1,-7.741000860796309e-07,306.5,ASK
912,1712700746.5018497,38667511.22133216,290.1,-2.703707876519183e-08,306.5,ASK
913,1712700746.5155385,38667512.221332,290.1,-7.975538147609539e-11,306.5,ASK
914,1712700746.561949,38674231.543659,290.1,-5.359022032921764e-07,306.5,ASK
915,1712700746.581894,38676151.31320776,290.1,-1.5311197780446366e-07,306.5,ASK
916,1712700746.591581,38676856.23718876,290.1,-5.62214902314052e-08,306.5,ASK
917,1712700750.2089107,38676856.23718876,290.1,-0.0,306.5,ASK
918,1712700761.761696,38677023.8828282,290.1,-1.336162223018844e-08,306.5,ASK
919,1712700761.769245,38677196.23718876,290.1,-1.373691473974148e-08,306.5,ASK
920,1712700762.8414886,38677677.89471288,290.1,-3.838886536562758e-08,306.5,ASK
921,1712700763.461928,38678164.77825494,290.1,-3.880538724878361e-08,306.5,ASK
922,1712700780.311299,38678164.77825494,290.1,-0.0,306.5,ASK
923,1712700782.6745265,38678649.61082063,290.1,-3.86407521036549e-08,306.5,ASK
924,1712700782.7516208,38679137.18904075,290.1,-3.8859578477652086e-08,306.5,ASK
925,1712700783.762336,38685928.36890305,290.5,5.412513847501771e-07,306.5,BID
926,1712700810.3130655,38685928.36890305,290.5,0.0,306.5,BID
927,1712700810.7132192,38691022.65867577,290.4,4.059377027749466e-07,306.5,BID
928,1712700812.5315316,38693436.88968077,290.1,-1.9237762904423405e-07,306.5,ASK
929,1712700812.661726,38694366.51424281,290.1,-7.407699129691353e-08,306.5,ASK
930,1712700812.6651928,38694400.98511477,290.1,-2.7468061689503236e-09,306.5,ASK
931,1712700834.2717135,38694450.98511477,290.6,3.9842423663139205e-09,306.5,BID
932,1712700838.1417477,38694450.98511492,290.1,-1.187396754716015e-17,306.5,ASK
933,1712700838.1488614,38695607.43485493,290.1,-9.215152097360725e-08,306.5,ASK
934,1712700840.222185,38695607.43485493,290.1,-0.0,306.5,ASK
935,1712700846.661635,38695946.43485493,290.1,-2.7007117143554825e-08,306.5,ASK
936,1712700847.3822916,38700034.85690885,290.1,-3.2571236974177866e-07,306.5,ASK
937,1712700847.3892467,38700379.68449505,290.0,-2.7471383524290327e-08,306.5,ASK
938,1712700847.395033,38702801.48634834,290.1,-1.929377178475718e-07,306.5,ASK
939,1712700847.3999264,38714349.19730342,290.0,-9.19971629804861e-07,306.5,ASK
940,1712700847.4032216,38715675.37832269,290.0,-1.0565287947184345e-07,306.5,ASK
941,1712700870.2000763,38715675.37832269,290.0,-0.0,306.5,ASK
942,1712700873.0723696,38720106.45541513,290.0,-3.528470601846591e-07,306.5,ASK
943,1712700873.0797665,38721926.3673772,290.0,-1.4491975025821386e-07,306.5,ASK
944,1712700878.0819476,38722540.83882389,290.0,-4.893041556487148e-08,306.5,ASK
945,1712700900.2327616,38722540.83882389,290.0,-0.0,306.5,ASK
946,1712700904.9420812,38724188.65407786,290.0,-1.312579954941379e-07,306.5,ASK
947,1712700904.9480686,38724376.36856061,290.0,-1.4952541962623147e-08,306.5,ASK
948,1712700904.9539173,38724721.19614681,290.0,-2.7467507444352574e-08,306.5,ASK
949,1712700905.2492175,38731839.20921959,290.0,5.669908235076133e-07,306.5,BID
950,1712700930.1951575,38731839.20921959,290.0,0.0,306.5,BID
951,1712700960.30156,38731839.20921959,290.0,0.0,306.5,BID
952,1712700985.6241434,38732184.0368058,290.0,2.7461608857499964e-08,306.5,BID
953,1712700990.303146,38732184.0368058,290.0,0.0,306.5,BID
954,1712701020.2071483,38732184.0368058,290.0,0.0,306.5,BID
955,1712701047.952441,38732433.42294864,290.0,1.9860621489148583e-08,306.5,BID
956,1712701050.196901,38732433.42294864,290.0,0.0,306.5,BID
957,1712701053.952627,38735799.3010247,290.0,2.680503602506889e-07,306.5,BID
958,1712701080.3279536,38735799.3010247,290.0,0.0,306.5,BID
959,1712701110.3051195,38735799.3010247,290.0,0.0,306.5,BID
960,1712701137.6630733,38736316.54240401,290.0,-4.118864620680769e-08,306.5,ASK
961,1712701140.2345774,38736316.54240401,290.0,-0.0,306.5,ASK
962,1712701156.8426292,38736416.54240401,290.5,7.963043150385534e-09,306.5,BID
963,1712701167.962978,38736450.96581192,290.6,2.7411508258860403e-09,306.5,BID
964,1712701170.2043068,38736450.96581192,290.6,0.0,306.5,BID
965,1712701186.5427985,38736468.33767294,290.6,1.3833244869862583e-09,306.5,BID
966,1712701200.2348182,38736468.33767294,290.6,0.0,306.5,BID
967,1712701230.1977797,38736468.33767294,290.6,0.0,306.5,BID
968,1712701260.2950006,38736468.33767294,290.6,0.0,306.5,BID
969,1712701274.1734493,38736588.09846087,290.1,-9.557647478398584e-09,306.5,ASK
970,1712701284.2739742,38737533.6716496,290.1,-7.546255631217535e-08,306.5,ASK
971,1712701290.3253534,38737533.6716496,290.1,-0.0,306.5,ASK
972,1712701320.206215,38737533.6716496,290.1,-0.0,306.5,ASK
973,1712701350.1988213,38737533.6716496,290.1,-0.0,306.5,ASK
974,1712701350.723226,38738288.45649973,290.2,-6.023498777028123e-08,306.5,ASK
975,1712701356.7593498,38741571.45059034,290.2,-2.619966588654602e-07,306.5,ASK
976,1712701380.328591,38741571.45059034,290.2,-0.0,306.5,ASK
977,1712701393.0132642,38741988.40001934,290.3,-3.327119699399288e-08,306.5,ASK
978,1712701394.885386,38742548.42091324,290.3,-4.4687830671771946e-08,306.5,ASK
979,1712701397.1133788,38742965.37034224,290.3,-3.327119699399288e-08,306.5,ASK
980,1712701398.8934562,38743525.39123614,290.3,-4.4687830671771946e-08,306.5,ASK
981,1712701401.7833936,38744279.79517057,290.6,6.019895980113037e-08,306.5,BID
982,1712701410.2959063,38745085.99437393,290.8,6.433205239303738e-08,306.5,BID
983,1712701410.3134017,38745085.99437393,290.8,0.0,306.5,BID
984,1712701410.468339,38745746.35718025,290.8,-5.2690493788911153e-08,306.5,ASK
985,1712701410.4806676,38746411.16668466,290.8,-5.3045296808643175e-08,306.5,ASK
986,1712701410.53469,38747078.74104167,290.8,-5.32659050071316e-08,306.5,ASK
987,1712701410.5393274,38747725.69455031,290.8,-5.1620562973470735e-08,306.5,ASK
988,1712701410.6443293,38747747.35227088,290.5,1.7280742949667711e-09,306.5,BID
989,1712701410.8436098,38750387.05237088,290.3,-2.1062225248410665e-07,306.5,ASK
990,1712701426.5847218,38752109.40855414,291.0,1.374271792830108e-07,306.5,BID
991,1712701440.2224977,38752109.40855414,291.0,0.0,306.5,BID
992,1712701445.5432892,38752212.5367769,290.3,-8.227283504082657e-09,306.5,ASK
993,1712701470.204051,38752212.5367769,290.3,-0.0,306.5,ASK
994,1712701481.8135955,38752551.5367769,290.6,-2.7044414922040008e-08,306.5,ASK
995,1712701498.753664,38752861.24083747,290.6,-2.4707271731798272e-08,306.5,ASK
996,1712701499.6533794,38752900.76802259,290.6,-3.153361637395698e-09,306.5,ASK
997,1712701499.660507,38753719.53178912,290.6,-6.531854579673521e-08,306.5,ASK
998,1712701499.696209,38754365.64381186,290.6,-5.154490156097407e-08,306.5,ASK
999,1712701499.713376,38755011.61657712,290.6,-5.1533792011840644e-08,306.5,ASK
1000,1712701499.7334647,38755501.52256061,290.6,-3.90832468742405e-08,306.5,ASK
1201,1712701500.3007572,38755501.52256061,290.6,-0.0,306.5,ASK
1202,1712701506.0536566,38756154.63681635,290.6,-5.2244041233525744e-08,306.5,ASK
1203,1712701506.5397017,38756648.21406504,290.6,-3.948232626306208e-08,306.5,ASK
1204,1712701510.2736669,38757186.58261333,290.6,-4.3065280520816656e-08,306.5,ASK
1205,1712701510.293362,38757725.05475785,290.6,-4.3073567410609846e-08,306.5,ASK
1206,1712701511.193472,38758395.71175785,290.6,-5.36473238086975e-08,306.5,ASK
1207,1712701530.3033433,38758395.71175785,290.6,-0.0,306.5,ASK
1208,1712701532.263427,38758533.16958696,290.6,-1.0994813414563589e-08,306.5,ASK
1209,1712701547.1736684,38758880.08839423,290.6,-2.7748929114422832e-08,306.5,ASK
1210,1712701547.1763866,38770928.10958696,290.6,-9.636827956131237e-07,306.5,ASK
1211,1712701554.9892583,38771403.26318406,290.6,-3.800602102831589e-08,306.5,ASK
1212,1712701555.7635255,38772400.27080044,290.6,-7.97474599047757e-08,306.5,ASK
1213,1712701560.2049546,38772400.27080044,290.6,-0.0,306.5,ASK
1214,1712701572.4379106,38772908.72339359,290.6,-4.0656266932441154e-08,306.5,ASK
1215,1712701584.0565288,38773546.75511232,290.6,-5.1017515138428426e-08,306.5,ASK
1216,1712701584.10333,38776434.81446483,290.6,-2.309314841437841e-07,306.5,ASK
1217,1712701590.206125,38776434.81446483,290.6,-0.0,306.5,ASK
1218,1712701594.6434426,38777616.64790422,290.6,-9.449146745858325e-08,306.5,ASK
1219,1712701620.2934787,38777616.64790422,290.6,-0.0,306.5,ASK
1220,1712701650.309314,38777616.64790422,290.6,-0.0,306.5,ASK
1221,1712701680.213566,38777616.64790422,290.6,-0.0,306.5,ASK
1222,1712701710.2034838,38777616.64790422,290.6,-0.0,306.5,ASK
1223,1712701740.3034272,38777616.64790422,290.6,-0.0,306.5,ASK
1224,1712701770.3092723,38777616.64790422,290.6,-0.0,306.5,ASK
1225,1712701784.4938774,38777925.92625473,291.0,2.4727141548153013e-08,306.5,BID
1226,1712701796.3580744,38779889.23034581,291.0,1.5696830406079544e-07,306.5,BID
1227,1712701796.360881,38784579.9519953,291.0,3.750283134877667e-07,306.5,BID
1228,1712701796.5137053,38784889.23034581,291.0,2.4727141548153013e-08,306.5,BID
1229,1712701800.24201,38784889.23034581,291.0,0.0,306.5,BID
1230,1712701805.2637644,38785695.42954917,291.2,6.468597865787576e-08,306.5,BID
1231,1712701805.2735424,38785868.35342417,291.2,1.3874672712135365e-08,306.5,BID
1232,1712701830.206451,38785868.35342417,291.2,0.0,306.5,BID
1233,1712701860.3538496,38785868.35342417,291.2,0.0,306.5,BID
1234,1712701888.9637668,38788626.98463217,291.2,-2.213357152158135e-07,306.5,ASK
1235,1712701890.29366,38788626.98463217,291.2,-0.0,306.5,ASK
1236,1712701920.2073576,38788626.98463217,291.2,-0.0,306.5,ASK
1237,1712701950.2073305,38788626.98463217,291.2,-0.0,306.5,ASK
1238,1712701972.5637298,38789433.18383553,291.4,6.468033004020194e-08,306.5,BID
1239,1712701972.5738013,38797495.17383553,291.4,6.468031372513884e-07,306.5,BID
1240,1712701980.1935322,38797495.17383553,291.4,0.0,306.5,BID
1241,1712701989.7438283,38799115.62645909,291.4,-1.299798913398723e-07,306.5,ASK
1242,1712702010.1965182,38799115.62645909,291.4,-0.0,306.5,ASK
1243,1712702040.2969308,38799115.62645909,291.4,-0.0,306.5,ASK
1244,1712702055.9437833,38799143.27185909,291.5,2.217411319680888e-09,306.5,BID
1245,1712702070.3153667,38799143.27185909,291.5,0.0,306.5,BID
1246,1712702075.7839017,38799427.60921259,291.4,2.2806414768690684e-08,306.5,BID
1247,1712702100.226344,38799427.60921259,291.4,0.0,306.5,BID
1248,1712702118.7147417,38799944.86846867,291.4,-4.171415618152654e-08,306.5,ASK
1249,1712702130.2039237,38799944.86846867,291.4,-0.0,306.5,ASK
1250,1712702160.3135877,38799944.86846867,291.4,-0.0,306.5,ASK
1251,1712702188.0038052,38804810.53148791,291.4,-3.923845877843422e-07,306.5,ASK
1252,1712702190.2935486,38804810.53148791,291.4,-0.0,306.5,ASK
1253,1712702218.9739702,38804844.80153588,291.8,2.763344116236323e-09,306.5,BID
1254,1712702220.2144644,38804844.80153588,291.8,0.0,306.5,BID
1255,1712702233.983754,38804879.08333224,291.7,2.7642892112998595e-09,306.5,BID
1256,1712702250.203604,38804879.08333224,291.7,0.0,306.5,BID
1257,1712702262.9124477,38805015.95726019,291.5,-1.1036726701798174e-08,306.5,ASK
1258,1712702262.9144323,38813606.27763594,291.5,-6.926740518622165e-07,306.5,ASK
1259,1712702264.9739685,38813625.13262394,291.7,-1.520357840615197e-09,306.5,ASK
1260,1712702264.977109,38813968.06815207,291.6,-2.7652349552350093e-08,306.5,ASK
1261,1712702272.54674,38814430.12528405,291.5,-3.725763089189407e-08,306.5,ASK
1262,1712702275.1638288,38814601.53426588,291.7,1.3821434914683614e-08,306.5,BID
1263,1712702276.2178118,38815549.42936358,291.7,7.64328115066091e-08,306.5,BID
1264,1712702280.3035371,38815549.42936358,291.7,0.0,306.5,BID
1265,1712702293.0437255,38819265.8484991,291.4,-2.995955280237796e-07,306.5,ASK
1266,1712702293.0535965,38821880.60140557,291.5,-2.1078577229873538e-07,306.5,ASK
1267,1712702295.273803,38823529.94281641,291.4,-1.329600598998621e-07,306.5,ASK
1268,1712702295.2769344,38824430.60140557,291.4,-7.260571957836632e-08,306.5,ASK
1269,1712702295.3161848,38825014.06961588,291.4,-4.7035724491407603e-08,306.5,ASK
1270,1712702295.3535745,38829202.84084578,291.4,-3.3767373448253225e-07,306.5,ASK
1271,1712702295.355052,38836070.11757117,291.4,-5.535988599793328e-07,306.5,ASK
1272,1712702295.3645897,38836508.52470828,291.4,-3.534176661529654e-08,306.5,ASK
1273,1712702299.7423837,38836680.22800498,291.2,-1.3841694911700145e-08,306.5,ASK
1274,1712702299.7454462,38838691.95243874,291.2,-1.621732162048086e-07,306.5,ASK
1275,1712702299.873801,38839026.22528223,291.1,2.694708142349972e-08,306.5,BID
1276,1712702310.3035605,38839026.22528223,291.1,0.0,306.5,BID
1277,1712702340.2139137,38839026.22528223,291.1,0.0,306.5,BID
1278,1712702342.7841442,38839634.00913171,291.1,-4.8968899740749295e-08,306.5,ASK
1279,1712702342.787429,38840232.59823991,291.1,-4.8228083143121744e-08,306.5,ASK
1280,1712702342.8918767,38841636.5979181,291.1,-1.1311968808691073e-07,306.5,ASK
1281,1712702342.8939197,38843130.43550491,291.1,-1.203578921691445e-07,306.5,ASK
1282,1712702344.309273,38843377.17892147,291.1,-1.98800176038978e-08,306.5,ASK
1283,1712702344.3112607,38843984.96277059,291.1,-4.896889971193535e-08,306.5,ASK
1284,1712702353.5837133,38848738.21935403,291.1,-3.829679667808906e-07,306.5,ASK
1285,1712702360.0090964,38854173.61852815,290.6,-4.379279203239193e-07,306.5,ASK
1286,1712702360.012338,38870020.6791145,290.6,-1.276791283126797e-06,306.5,ASK
1287,1712702360.0489151,38878192.50012905,290.6,6.584003248932114e-07,306.5,BID
1288,1712702370.2136583,38878192.50012905,290.6,0.0,306.5,BID
1289,1712702372.8836353,38881072.84752905,290.6,-2.318557217098813e-07,306.5,ASK
1290,1712702372.8936682,38883035.75092905,290.6,-1.580053796471267e-07,306.5,ASK
1291,1712702372.8955991,38883104.59774488,290.5,-5.541876015418871e-09,306.5,ASK
1292,1712702372.8980026,38884716.45575345,290.4,-1.297477178866657e-07,306.5,ASK
1293,1712702381.674141,38887532.28605345,290.4,-2.266623694133536e-07,306.5,ASK
1294,1712702381.6836858,38895273.74966923,290.4,-6.231549130937098e-07,306.5,ASK
1295,1712702381.7536275,38897970.88210221,290.4,2.1710769568769522e-07,306.5,BID
1296,1712702383.743497,38906136.69173942,290.4,6.573129639777784e-07,306.5,BID
1297,1712702400.2338305,38906136.69173942,290.4,0.0,306.5,BID
1298,1712702427.4437735,38906236.69173942,290.5,-8.066450519005478e-09,306.5,ASK
1299,1712702430.2017543,38906236.69173942,290.5,-0.0,306.5,ASK
1300,1712702456.7039318,38908611.59372431,291.1,1.9156984457989618e-07,306.5,BID
1301,1712702456.7072785,38911581.31892086,291.0,2.3955085218952655e-07,306.5,BID
1302,1712702460.3035126,38911581.31892086,291.0,0.0,306.5,BID
1303,1712702464.9945347,38924089.34753586,291.1,1.0088249922541978e-06,306.5,BID
1304,1712702490.293693,38924089.34753586,291.1,0.0,306.5,BID
1305,1712702496.623875,38924089.34753587,291.1,6.007441683220598e-19,306.5,BID
1306,1712702520.2137127,38924089.34753587,291.1,0.0,306.5,BID
1307,1712702530.727794,38926517.57347785,291.1,-1.9578911402074378e-07,306.5,ASK
1308,1712702530.7297382,38926689.33575885,291.1,-1.3849281583695186e-08,306.5,ASK
1309,1712702549.4638374,38926723.68821505,291.1,2.7698563164987396e-09,306.5,BID
1310,1712702550.203731,38926723.68821505,291.1,0.0,306.5,BID
1311,1712702580.303544,38926723.68821505,291.1,0.0,306.5,BID
1312,1712702610.3065536,38926723.68821505,291.1,0.0,306.5,BID
1313,1712702613.513766,38927067.56711505,290.8,-2.772541930478172e-08,306.5,ASK
1314,1712702639.5940387,38927067.56716966,290.8,-4.4025817890096975e-15,306.5,ASK
1315,1712702639.5974257,38928067.56716966,290.6,-8.062553214013606e-08,306.5,ASK
1316,1712702639.6000938,38928867.95374313,290.5,-6.453159340392986e-08,306.5,ASK
1317,1712702640.1880317,38928867.95374313,290.5,-0.0,306.5,ASK
1318,1712702642.12942,38929033.95374313,290.8,-1.3383165981588916e-08,306.5,ASK
1319,1712702670.2426522,38929033.95374313,290.8,-0.0,306.5,ASK
1320,1712702676.0238123,38929064.21405949,290.8,-2.439622050366573e-09,306.5,ASK
1321,1712702676.0273364,38929205.36272496,290.5,-1.1379570279593961e-08,306.5,ASK
1322,1712702680.0208995,38942459.78907372,290.6,-1.0685873341141909e-06,306.5,ASK
1323,1712702700.24375,38942459.78907372,290.6,-0.0,306.5,ASK
1324,1712702701.373636,38951481.55775464,290.6,7.296210228213871e-07,306.5,BID
1325,1712702730.2143986,38951481.55775464,290.6,0.0,306.5,BID
1326,1712702751.74407,38952793.28892584,290.6,1.0606165939902073e-07,306.5,BID
1327,1712702751.7482834,38959876.63725038,290.6,5.727329607601337e-07,306.5,BID
1328,1712702760.303467,38959876.63725038,290.6,0.0,306.5,BID
1329,1712702761.7735343,38959893.78990904,291.5,1.386626080609307e-09,306.5,BID
1330,1712702766.2936528,38960310.78990904,290.7,-3.37104053051614e-08,306.5,ASK
1331,1712702773.0341835,38960426.78990904,290.7,-9.377474857071274e-09,306.5,ASK
1332,1712702790.2981982,38960426.78990904,290.7,-0.0,306.5,ASK
1333,1712702820.2024374,38960426.78990904,290.7,-0.0,306.5,ASK
1334,1712702850.1983967,38960426.78990904,290.7,-0.0,306.5,ASK
1335,1712702880.3046422,38960426.78990904,290.7,-0.0,306.5,ASK
1336,1712702896.0838904,38960665.86430857,290.9,-1.932659640806088e-08,306.5,ASK
1337,1712702909.0543983,38963866.76238926,290.9,-2.587582169822774e-07,306.5,ASK
1338,1712702909.0580556,38964310.42397318,290.9,-3.5865272028548e-08,306.5,ASK
1339,1712702910.3092384,38964310.42397318,290.9,-0.0,306.5,ASK
1340,1712702940.2341588,38964310.42397318,290.9,-0.0,306.5,ASK
1341,1712702968.2755134,38964345.03762035,290.9,-2.797885933281734e-09,306.5,ASK
1342,1712702970.225643,38964345.03762035,290.9,-0.0,306.5,ASK
1343,1712703000.3985243,38964345.03762035,290.9,-0.0,306.5,ASK
1344,1712703030.2434008,38964345.03762035,290.9,-0.0,306.5,ASK
1345,1712703060.294377,38964345.03762035,290.9,-0.0,306.5,ASK
1346,1712703090.3075137,38964345.03762035,290.9,-0.0,306.5,ASK
1347,1712703120.213275,38964345.03762035,290.9,-0.0,306.5,ASK
1348,1712703134.7683222,38964390.37622468,290.9,-3.695026719856991e-09,306.5,ASK
1349,1712703134.7787137,38971984.69226277,290.9,-6.18925110153271e-07,306.5,ASK
1350,1712703134.7818708,38972328.21682477,291.1,-2.7996724959911185e-08,306.5,ASK
1351,1712703134.783905,38973015.73830981,291.0,-5.6031946619795406e-08,306.5,ASK
1352,1712703134.785917,38973187.61868107,290.9,-1.400798665540426e-08,306.5,ASK
1353,1712703150.205656,38973187.61868107,290.9,-0.0,306.5,ASK
1354,1712703180.31367,38973187.61868107,290.9,-0.0,306.5,ASK
1355,1712703180.8933024,38973474.23051421,290.9,-2.3353528767931985e-08,306.5,ASK
1356,1712703210.3150513,38973474.23051421,290.9,-0.0,306.5,ASK
1357,1712703227.1249533,38976914.20299443,290.9,-2.802918136302649e-07,306.5,ASK
1358,1712703238.080057,38977257.96373695,290.9,-2.8009910698637217e-08,306.5,ASK
1359,1712703238.0829694,38993463.09260858,290.9,-1.3204073543217648e-06,306.5,ASK
1360,1712703240.2097104,38993463.09260858,290.9,-0.0,306.5,ASK
1361,1712703240.2720685,38995419.5238611,290.9,-1.5933615061961657e-07,306.5,ASK
1362,1712703257.7701385,38995449.5238611,290.9,-2.443267307461513e-09,306.5,ASK
1363,1712703257.773837,38996903.0650881,290.9,-1.1837965866572129e-07,306.5,ASK
1364,1712703257.7774942,38996903.0650888,290.9,-5.70384479814227e-17,306.5,ASK
1365,1712703270.2201588,38996903.0650888,290.9,-0.0,306.5,ASK
1366,1712703293.40527,38997040.5693858,290.9,1.1197745852527036e-08,306.5,BID
1367,1712703300.2954235,38997040.5693858,290.9,0.0,306.5,BID
1368,1712703309.2907038,38997135.58207897,290.7,-7.777927314383826e-09,306.5,ASK
1369,1712703309.2944524,39002697.2800198,290.7,-4.552916129742984e-07,306.5,ASK
1370,1712703321.5137138,39002697.28002015,290.7,-2.8666206615677414e-17,306.5,ASK
1371,1712703328.6608555,39003697.28002015,290.7,8.186198132627216e-08,306.5,BID
1372,1712703330.31643,39003697.28002015,290.7,0.0,306.5,BID
1373,1712703335.6406832,39004197.28002015,290.7,4.09245077466572e-08,306.5,BID
1374,1712703350.5811868,39006133.70613663,290.1,-1.5849457120954668e-07,306.5,ASK
1375,1712703360.2167675,39006133.70613663,290.1,-0.0,306.5,ASK
1376,1712703371.8549829,39006579.0332548,290.1,-3.64474767597142e-08,306.5,ASK
1377,1712703371.8588505,39007073.27191153,290.1,-4.0450606351557567e-08,306.5,ASK
1378,1712703382.0566034,39007090.47177393,290.7,1.4077103312290644e-09,306.5,BID
1379,1712703390.2120342,39007090.47177393,290.7,0.0,306.5,BID
1380,1712703400.5752575,39008466.46076601,290.7,1.1261426821827541e-07,306.5,BID
1381,1712703416.8717225,39010271.00689327,290.7,1.476884210245548e-07,306.5,BID
1382,1712703420.2051644,39010271.00689327,290.7,0.0,306.5,BID
1383,1712703450.1953344,39010271.00689327,290.7,0.0,306.5,BID
1384,1712703480.2920485,39010271.00689327,290.7,0.0,306.5,BID
1385,1712703487.2723312,39017147.51360027,290.7,-5.627473630259675e-07,306.5,ASK
1386,1712703493.672418,39017247.51360027,290.7,-8.183622688149171e-09,306.5,ASK
1387,1712703493.6825333,39017247.51360035,290.7,-6.707001445415682e-18,306.5,ASK
1388,1712703510.3121982,39017247.51360035,290.7,-0.0,306.5,ASK
1389,1712703540.2437224,39017247.51360035,290.7,-0.0,306.5,ASK
1390,1712703570.2042663,39017247.51360035,290.7,-0.0,306.5,ASK
1391,1712703600.2950535,39017247.51360035,290.7,-0.0,306.5,ASK
1392,1712703630.2033062,39017247.51360035,290.7,-0.0,306.5,ASK
1393,1712703660.2991767,39017247.51360035,290.7,-0.0,306.5,ASK
1394,1712703664.883729,39017963.44281135,290.3,-5.8764141331810583e-08,306.5,ASK
1395,1712703690.307659,39017963.44281135,290.3,-0.0,306.5,ASK
1396,1712703716.963869,39021404.59903984,290.6,2.824485134129201e-07,306.5,BID
1397,1712703720.2237191,39021404.59903984,290.6,0.0,306.5,BID
1398,1712703750.2268665,39021404.59903984,290.6,0.0,306.5,BID
1399,1712703759.473954,39021404.59904,290.3,-1.3452780492641029e-17,306.5,ASK
1400,1712703759.486337,39022872.73795558,290.3,-1.204942737928313e-07,306.5,ASK
1401,1712703759.5145936,39024945.46269852,290.3,-1.7011432639205209e-07,306.5,ASK
1402,1712703759.5246933,39027843.22323922,290.3,-2.378273256521813e-07,306.5,ASK
1403,1712703759.5742064,39029921.38945724,290.3,-1.7056092349603525e-07,306.5,ASK
1404,1712703759.6241062,39031998.82778315,290.3,-1.7050118335152034e-07,306.5,ASK
1405,1712703759.6499453,39033334.57791896,290.3,-1.0962875575016869e-07,306.5,ASK
1406,1712703759.6849518,39034193.41954105,290.2,-7.048753797007593e-08,306.5,ASK
1407,1712703759.7310596,39035006.93512275,290.2,-6.676750285397831e-08,306.5,ASK
1408,1712703759.7447414,39035816.14318747,290.2,-6.641397286815045e-08,306.5,ASK
1409,1712703759.7486622,39036636.37392217,290.2,-6.731863427329345e-08,306.5,ASK
1410,1712703780.312374,39036636.37392217,290.2,-0.0,306.5,ASK
1411,1712703786.914333,39037304.54380525,290.2,-5.481868151777804e-08,306.5,ASK
1412,1712703788.3843904,39038356.39303462,290.2,-8.62968974955012e-08,306.5,ASK
1413,1712703802.1983166,39039124.17914286,290.2,-6.299149843061844e-08,306.5,ASK
1414,1712703802.3563268,39040258.07473027,290.2,-9.302822927901244e-08,306.5,ASK
1415,1712703803.7807484,39041626.63438559,290.2,-1.1228078035702613e-07,306.5,ASK
1416,1712703804.9642873,39042464.22965289,290.2,-6.871885333569139e-08,306.5,ASK
1417,1712703807.544587,39043092.25090579,290.2,-5.1524766262216914e-08,306.5,ASK
1418,1712703807.9678285,39043672.27605817,290.2,-4.758702076474721e-08,306.5,ASK
1419,1712703807.969829,39043882.51766558,290.2,-1.724885842716945e-08,306.5,ASK
1420,1712703809.6743076,39044488.6407365,290.2,-4.97281730689186e-08,306.5,ASK
1421,1712703810.3142216,39044488.6407365,290.2,-0.0,306.5,ASK
1422,1712703840.2123177,39044488.6407365,290.2,-0.0,306.5,ASK
1423,1712703843.5345442,39045177.63519241,290.2,-5.651662656927252e-08,306.5,ASK
1424,1712703870.2195,39045177.63519241,290.2,-0.0,306.5,ASK
1425,1712703884.5549903,39047300.84519241,290.5,1.741591643018998e-07,306.5,BID
1426,1712703900.324636,39047300.84519241,290.5,0.0,306.5,BID
1427,1712703900.57314,39049424.05519241,290.5,1.7476287295431277e-07,306.5,BID
1428,1712703900.631375,39049636.37628101,290.6,1.7476294587918506e-08,306.5,BID
1429,1712703904.6097994,39049670.75235526,290.9,2.8295182754446847e-09,306.5,BID
1430,1712703930.318372,39049670.75235526,290.9,0.0,306.5,BID
1431,1712703958.836342,39050739.32607297,290.2,-8.79500522576859e-08,306.5,ASK
1432,1712703960.2160344,39050739.32607297,290.2,-0.0,306.5,ASK
1433,1712703990.2159815,39050739.32607297,290.2,-0.0,306.5,ASK
1434,1712704012.684034,39050789.32607297,290.2,-4.115196083306146e-09,306.5,ASK
1435,1712704019.829963,39055091.71312892,290.2,-3.541033272301165e-07,306.5,ASK
1436,1712704019.8341453,39056637.5079562,290.2,-1.2722497637655106e-07,306.5,ASK
1437,1712704019.8372445,39058924.04809143,290.2,-1.8819122017618097e-07,306.5,ASK
1438,1712704020.2956336,39058924.04809143,290.2,-0.0,306.5,ASK
1439,1712704031.655244,39071344.52809143,290.2,-1.0220544127896883e-06,306.5,ASK
1440,1712704036.6811202,39072232.55109979,290.2,-7.307349106912926e-08,306.5,ASK
1441,1712704036.765625,39074254.60478597,290.2,-1.663904207290245e-07,306.5,ASK
1442,1712704036.769937,39074304.60478597,290.2,-4.114391765814787e-09,306.5,ASK
1443,1712704044.8587065,39074643.60478597,290.1,-2.7895576172224265e-08,306.5,ASK
1444,1712704045.6167772,39075563.82869596,290.1,-7.572323355929254e-08,306.5,ASK
1445,1712704045.6188192,39075581.23648637,290.1,-1.432449390276113e-09,306.5,ASK
1446,1712704045.6207628,39092790.97935197,290.1,-1.4161524867602632e-06,306.5,ASK
1447,1712704045.6645129,39092790.97935284,290.1,-7.17317814529434e-17,306.5,ASK
1448,1712704046.715475,39095547.28969766,290.0,-2.268108117353731e-07,306.5,ASK
1449,1712704046.7174983,39095719.70349076,290.0,-1.4187557812414501e-08,306.5,ASK
1450,1712704046.7194371,39105226.19935284,290.0,-7.822689659340216e-07,306.5,ASK
1451,1712704046.7773204,39107400.56566666,290.0,-1.789238971491325e-07,306.5,ASK
1452,1712704048.9358845,39107739.56566666,290.0,-2.7895576172224265e-08,306.5,ASK
1453,1712704050.3054469,39107739.56566666,290.0,-0.0,306.5,ASK
1454,1712704051.975592,39107796.56566666,290.0,-4.684947183192865e-09,306.5,ASK
1455,1712704055.0453737,39110113.95267604,290.0,-1.9047080249075613e-07,306.5,ASK
1456,1712704071.0977075,39111314.03080975,290.0,-9.863688898482009e-08,306.5,ASK
1457,1712704071.1060517,39112528.79140409,290.0,-9.984367060874284e-08,306.5,ASK
1458,1712704071.135097,39113341.98624967,290.0,-6.683815616113927e-08,306.5,ASK
1459,1712704071.1371443,39113746.67061705,290.0,-3.3261840123578466e-08,306.5,ASK
1460,1712704071.196623,39114536.2923111,290.0,-6.490063037422707e-08,306.5,ASK
1461,1712704071.1988633,39114662.04867956,290.0,-1.0336174459248089e-08,306.5,ASK
1462,1712704072.225461,39115662.04867956,290.0,-8.219205584548887e-08,306.5,ASK
1463,1712704076.166275,39123254.7540773,290.0,-6.240600660693914e-07,306.5,ASK
1464,1712704079.0356665,39127051.10677617,290.0,-3.120300330346957e-07,306.5,ASK
1465,1712704080.2209976,39127051.10677617,290.0,-0.0,306.5,ASK
1466,1712704110.2337518,39127051.10677617,290.0,-0.0,306.5,ASK
1467,1712704140.2521076,39127051.10677617,290.0,-0.0,306.5,ASK
1468,1712704144.6660044,39130826.95801999,290.0,-3.102021889792543e-07,306.5,ASK
1469,1712704144.6704066,39135617.29439434,290.0,-3.935464437863774e-07,306.5,ASK
1470,1712704144.7359464,39143600.46920434,290.0,-6.558516586482447e-07,306.5,ASK
1471,1712704144.747673,39146916.56661034,290.0,-2.724314618840521e-07,306.5,ASK
1472,1712704157.6462264,39146937.25626551,290.0,-1.699742895256694e-09,306.5,ASK
1473,1712704157.6483324,39150873.70661034,290.0,-3.233960860540011e-07,306.5,ASK
1474,1712704169.445854,39150890.93017217,290.3,1.414988630891993e-09,306.5,BID
1475,1712704170.2081206,39150890.93017217,290.3,0.0,306.5,BID
1476,1712704186.8767762,39151689.69083428,290.0,-6.558432463349873e-08,306.5,ASK
1477,1712704186.8796644,39151862.10495204,290.0,-1.4156510212685705e-08,306.5,ASK
1478,1712704186.9060135,39152585.42499169,290.0,-5.939007583227418e-08,306.5,ASK
1479,1712704186.972331,39153556.59658321,290.0,-7.974057305846016e-08,306.5,ASK
1480,1712704187.0262082,39165989.64658321,290.0,-1.0208479536682552e-06,306.5,ASK
1481,1712704187.1116776,39166729.00142804,290.0,-6.070665527610252e-08,306.5,ASK
1482,1712704200.249209,39166729.00142804,290.0,-0.0,306.5,ASK
1483,1712704202.3804011,39167128.80822782,290.0,-3.319223170727556e-08,306.5,ASK
1484,1712704202.4013476,39167527.59124387,290.0,-3.310723648708547e-08,306.5,ASK
1485,1712704204.3663423,39168304.72360027,290.0,-6.451805535747127e-08,306.5,ASK
1486,1712704219.3969176,39168628.52877268,290.0,-2.6882525051011134e-08,306.5,ASK
1487,1712704219.4014423,39169683.9957854,290.0,-8.762558731975805e-08,306.5,ASK
1488,1712704223.9965234,39171326.32223303,290.0,-1.3634705567308902e-07,306.5,ASK
1489,1712704224.7566557,39171461.69225845,290.0,-1.1238511331826645e-08,306.5,ASK
1490,1712704230.2309368,39171461.69225845,290.0,-0.0,306.5,ASK
1491,1712704250.7662866,39172173.72709424,290.1,5.910688015212013e-08,306.5,BID
1492,1712704250.768703,39177086.35199424,290.1,4.078029846293989e-07,306.5,BID
1493,1712704260.30627,39177086.35199424,290.1,0.0,306.5,BID
1494,1712704264.6834033,39177809.05313701,290.0,-5.99841784136184e-08,306.5,ASK
1495,1712704264.8774805,39179098.76580875,290.0,-1.0704612242236793e-07,306.5,ASK
1496,1712704267.18646,39184723.42554454,290.0,-4.6684663014725364e-07,306.5,ASK
1497,1712704271.0867465,39185152.69164476,290.0,-3.5629076555403016e-08,306.5,ASK
1498,1712704271.1563118,39185700.96335407,290.0,-4.5506539403726575e-08,306.5,ASK
1499,1712704286.1943295,39185722.70990579,290.0,-1.8049632977451422e-09,306.5,ASK
1500,1712704286.2017536,39187067.53335407,290.0,-1.1162031562147385e-07,306.5,ASK
1501,1712704290.3085268,39187067.53335407,290.0,-0.0,306.5,ASK
1502,1712704320.2150936,39187067.53335407,290.0,-0.0,306.5,ASK
1503,1712704344.373696,39187067.53749199,290.0,-3.433652551322026e-13,306.5,ASK
1504,1712704344.378434,39187085.15025061,290.0,-1.461507442286032e-09,306.5,ASK
1505,1712704344.546391,39189967.53335407,290.0,2.39180269696967e-07,306.5,BID
1506,1712704350.2441623,39189967.53335407,290.0,0.0,306.5,BID
1507,1712704354.5080714,39189994.39330577,289.9,-2.228684377131437e-09,306.5,ASK
1508,1712704354.512755,39190132.61030646,289.9,-1.1468452120398533e-08,306.5,ASK
1509,1712704354.517337,39190698.50306506,290.0,-4.6954527844588977e-08,306.5,ASK
1510,1712704354.5217984,39190890.56239585,289.9,-1.5935979138086062e-08,306.5,ASK
1511,1712704354.5238855,39190945.41814917,289.8,-4.551615050352499e-09,306.5,ASK
1512,1712704354.525983,39191134.88451688,289.9,-1.5720829968027846e-08,306.5,ASK
1513,1712704354.52811,39191292.50356449,289.8,-1.3078322433807469e-08,306.5,ASK
1514,1712704354.5302234,39191342.50356449,289.7,-4.148712554717839e-09,306.5,ASK
1515,1712704354.532344,39191360.50356449,289.8,-1.4935365196984224e-09,306.5,ASK
1516,1712704354.5344777,39196522.84127723,289.7,-4.283411056103362e-07,306.5,ASK
1517,1712704354.5366118,39196547.02243665,289.8,-2.0064135936172347e-09,306.5,ASK
1518,1712704354.5387397,39200204.69335407,289.7,-3.034925051226645e-07,306.5,ASK
1519,1712704367.7066052,39200246.49608102,289.7,-3.468549962110224e-09,306.5,ASK
1520,1712704367.7174478,39200866.45291809,289.7,-5.1440454266955736e-08,306.5,ASK
1521,1712704372.2665932,39201044.46162704,289.7,-1.4770139313101438e-08,306.5,ASK
1522,1712704380.3166797,39201044.46162704,289.7,-0.0,306.5,ASK
1523,1712704397.856903,39211594.03152704,290.0,8.751096301983231e-07,306.5,BID
1524,1712704397.8617632,39223617.02152704,289.9,9.973330128622023e-07,306.5,BID
1525,1712704398.0167506,39224962.07618021,290.0,-1.1157519133893656e-07,306.5,ASK
1526,1712704401.7669528,39228100.53703761,290.0,-2.603421131233612e-07,306.5,ASK
1527,1712704410.3196275,39228100.53703761,290.0,-0.0,306.5,ASK
1528,1712704440.2290866,39228100.53703761,290.0,-0.0,306.5,ASK
1529,1712704470.2083402,39228100.53703761,290.0,-0.0,306.5,ASK
1530,1712704500.2494571,39228100.53703761,290.0,-0.0,306.5,ASK
1531,1712704507.8570776,39228189.92682547,290.0,7.437303580892288e-09,306.5,BID
1532,1712704519.2172823,39230564.63989922,289.7,-1.975780731751672e-07,306.5,ASK
1533,1712704519.2228472,39238990.94682547,289.7,-7.010756393593872e-07,306.5,ASK
1534,1712704530.2196386,39238990.94682547,289.7,-0.0,306.5,ASK
1535,1712704545.209694,39239070.0568714,289.7,-6.580293325065295e-09,306.5,ASK
1536,1712704553.2172203,39240967.9643714,289.8,1.578660195006279e-07,306.5,BID
1537,1712704553.2211351,39243646.0594714,289.9,2.227612321893879e-07,306.5,BID
1538,1712704553.3605845,39248067.42353734,289.9,-3.677645753826962e-07,306.5,ASK
1539,1712704553.4007735,39248752.16382798,289.9,-5.6956002373872016e-08,306.5,ASK
1540,1712704553.4172544,39249591.76096695,289.9,-6.983683784039255e-08,306.5,ASK
1541,1712704553.42079,39254497.901305,289.9,-4.080877736557987e-07,306.5,ASK
1542,1712704553.6057973,39254527.3181967,289.9,-2.446867194003318e-09,306.5,ASK
1543,1712704554.5773716,39255485.3179774,289.9,-7.968544940236393e-08,306.5,ASK
1544,1712704554.6373277,39256017.40511069,289.9,-4.4258467686012055e-08,306.5,ASK
1545,1712704555.0472724,39257611.2006389,289.9,-1.3257029435664376e-07,306.5,ASK
1546,1712704555.3081846,39258038.21367091,289.9,-3.5518510590543375e-08,306.5,ASK
1547,1712704555.337239,39258805.24279446,289.9,-6.380070397335396e-08,306.5,ASK
1548,1712704555.6083355,39259305.70293589,289.9,-4.162776660399944e-08,306.5,ASK
