,time,acc_trade_volume,trade_price,dev,high,ask_bid
0,1712689619.174091,4754013.91726626,2720.0,0.0,2860.0,BID
1,1712689620.116118,4754013.91726626,2720.0,0.0,2860.0,BID
2,1712689650.1173248,4754013.91726626,2720.0,0.0,2860.0,BID
3,1712689669.8249671,4754016.04144626,2713.0,-1.422328677999148e-10,2860.0,ASK
4,1712689680.1459768,4754016.04144626,2713.0,-0.0,2860.0,ASK
5,1712689710.116036,4754016.04144626,2713.0,-0.0,2860.0,ASK
6,1712689730.9950793,4754017.88442451,2716.0,1.2340384554931883e-10,2860.0,BID
7,1712689740.1675832,4754017.88442451,2716.0,0.0,2860.0,BID
8,1712689770.1750233,4754017.88442451,2716.0,0.0,2860.0,BID
9,1712689800.1289911,4754017.88442451,2716.0,0.0,2860.0,BID
10,1712689830.1248572,4754017.88442451,2716.0,0.0,2860.0,BID
11,1712689860.1755905,4754017.88442451,2716.0,0.0,2860.0,BID
12,1712689890.1762323,4754017.88442451,2716.0,0.0,2860.0,BID
13,1712689920.119954,4754017.88442451,2716.0,0.0,2860.0,BID
14,1712689950.1175437,4754017.88442451,2716.0,0.0,2860.0,BID
15,1712689980.1662133,4754017.88442451,2716.0,0.0,2860.0,BID
16,1712690010.1750357,4754017.88442451,2716.0,0.0,2860.0,BID
17,1712690040.1175368,4754017.88442451,2716.0,0.0,2860.0,BID
18,1712690061.414979,4754343.36108825,2715.0,2.183810634702864e-08,2860.0,BID
19,1712690061.416096,4755017.88442451,2714.0,4.5257660508048944e-08,2860.0,BID
20,1712690065.835158,4756017.88442451,2715.0,6.709576685507758e-08,2860.0,BID
21,1712690070.1162572,4756017.88442451,2715.0,0.0,2860.0,BID
22,1712690100.145708,4756017.88442451,2715.0,0.0,2860.0,BID
23,1712690130.1078663,4756017.88442451,2715.0,0.0,2860.0,BID
24,1712690137.19508,4756275.9013799,2713.0,1.7361113792773048e-08,2860.0,BID
25,1712690160.175224,4756275.9013799,2713.0,0.0,2860.0,BID
26,1712690177.1152368,4756276.6385712,2717.0,4.96008459493085e-11,2860.0,BID
27,1712690190.176872,4756276.6385712,2717.0,0.0,2860.0,BID
28,1712690216.9153943,4756313.43032984,2718.0,2.4754797116949476e-09,2860.0,BID
29,1712690220.1156168,4756313.43032984,2718.0,0.0,2860.0,BID
30,1712690250.1176486,4756313.43032984,2718.0,0.0,2860.0,BID
31,1712690280.177726,4756313.43032984,2718.0,0.0,2860.0,BID
32,1712690310.1853125,4756313.43032984,2718.0,0.0,2860.0,BID
33,1712690340.107695,4756313.43032984,2718.0,0.0,2860.0,BID
34,1712690370.1180265,4756313.43032984,2718.0,0.0,2860.0,BID
35,1712690400.1377196,4756313.43032984,2718.0,0.0,2860.0,BID
36,1712690430.1167855,4756313.43032984,2718.0,0.0,2860.0,BID
37,1712690442.9752796,4756314.16616501,2719.0,4.956727711700702e-11,2860.0,BID
38,1712690460.1770763,4756314.16616501,2719.0,0.0,2860.0,BID
39,1712690490.1762178,4756314.16616501,2719.0,0.0,2860.0,BID
40,1712690505.425444,4756318.85060781,2719.0,3.15553064651643e-10,2860.0,BID
41,1712690520.1206703,4756318.85060781,2719.0,0.0,2860.0,BID
42,1712690550.1281612,4756318.85060781,2719.0,0.0,2860.0,BID
43,1712690580.1696043,4756318.85060781,2719.0,0.0,2860.0,BID
44,1712690610.1695974,4756318.85060781,2719.0,0.0,2860.0,BID
45,1712690623.4184463,4757132.67969067,2718.0,-5.482104315328734e-08,2860.0,ASK
46,1712690623.4196265,4757300.88595058,2719.0,-1.1330687029231532e-08,2860.0,ASK
47,1712690639.8995805,4759560.80995058,2720.0,-1.5223269079012514e-07,2860.0,ASK
48,1712690639.906854,4760436.80995058,2717.0,-5.9008991953787073e-08,2860.0,ASK
49,1712690639.9075403,4760738.80995058,2716.0,-2.0343282614205133e-08,2860.0,ASK
50,1712690639.9082084,4760907.01621049,2717.0,-1.1330687029231532e-08,2860.0,ASK
51,1712690639.9088688,4761070.91112806,2716.0,-1.1040266977349248e-08,2860.0,ASK
52,1712690639.9095285,4761239.11738797,2717.0,-1.1330687029231532e-08,2860.0,ASK
53,1712690639.9350028,4761442.645401,2716.0,1.3710026122444633e-08,2860.0,BID
54,1712690639.955037,4761771.23366616,2716.0,2.2134317688288938e-08,2860.0,BID
55,1712690639.96527,4761821.93366616,2727.0,3.415246452132414e-09,2860.0,BID
56,1712690640.0150115,4761930.63366616,2727.0,7.322234503804438e-09,2860.0,BID
57,1712690640.0250962,4762189.93366616,2727.0,1.7466931065823e-08,2860.0,BID
58,1712690640.108565,4762189.93366616,2727.0,0.0,2860.0,BID
59,1712690670.114969,4762189.93366616,2727.0,0.0,2860.0,BID
60,1712690700.1751783,4762189.93366616,2727.0,0.0,2860.0,BID
61,1712690730.1767032,4762189.93366616,2727.0,0.0,2860.0,BID
62,1712690760.108902,4762189.93366616,2727.0,0.0,2860.0,BID
63,1712690790.1205063,4762189.93366616,2727.0,0.0,2860.0,BID
64,1712690820.1947658,4762189.93366616,2727.0,0.0,2860.0,BID
65,1712690834.8148904,4762239.93366616,2727.0,3.383379776813304e-09,2860.0,BID
66,1712690850.1977198,4762239.93366616,2727.0,0.0,2860.0,BID
67,1712690880.1471002,4762239.93366616,2727.0,0.0,2860.0,BID
68,1712690910.1227105,4762239.93366616,2727.0,0.0,2860.0,BID
69,1712690940.176716,4762239.93366616,2727.0,0.0,2860.0,BID
70,1712690969.3247936,4763425.94150188,2727.0,-8.025355807274554e-08,2860.0,ASK
71,1712690969.4547038,4763646.95794294,2727.0,-1.495551315383572e-08,2860.0,ASK
72,1712690969.9645371,4763804.47573101,2727.0,-1.0658751630119161e-08,2860.0,ASK
73,1712690970.1697347,4763804.47573101,2727.0,-0.0,2860.0,ASK
74,1712690970.326265,4763937.24093886,2727.0,-8.981226603039077e-09,2860.0,ASK
75,1712690970.7647817,4764067.78877372,2727.0,-8.831226993871832e-09,2860.0,ASK
76,1712690971.2880726,4764244.9014414,2727.0,-1.198121878808504e-08,2860.0,ASK
77,1712690973.2389174,4764392.00398144,2727.0,-9.951110440577944e-09,2860.0,ASK
78,1712690974.281986,4764550.94930904,2727.0,-1.0752244716661751e-08,2860.0,ASK
79,1712690979.3945577,4764602.04930904,2727.0,-3.4567842498129433e-09,2860.0,ASK
80,1712691000.144691,4764602.04930904,2727.0,-0.0,2860.0,ASK
81,1712691030.114378,4764602.04930904,2727.0,-0.0,2860.0,ASK
82,1712691032.5679252,4764660.65505089,2728.0,-3.96873858925596e-09,2860.0,ASK
83,1712691032.568972,4764739.34659466,2728.0,-5.328934615519096e-09,2860.0,ASK
84,1712691032.824752,4764815.01444799,2728.0,-5.1241724787112915e-09,2860.0,ASK
85,1712691032.84445,4765701.7560539,2728.0,-6.00495023018907e-08,2860.0,ASK
86,1712691060.17285,4765701.7560539,2728.0,-0.0,2860.0,ASK
87,1712691090.1644654,4765701.7560539,2728.0,-0.0,2860.0,ASK
88,1712691092.95447,4765704.0720339,2727.0,1.56804639888296e-10,2860.0,BID
89,1712691120.1280603,4765704.0720339,2727.0,0.0,2860.0,BID
90,1712691150.1176343,4765704.0720339,2727.0,0.0,2860.0,BID
91,1712691180.1656697,4765704.0720339,2727.0,0.0,2860.0,BID
92,1712691196.3645945,4765867.6174606,2728.0,-1.1072924109421212e-08,2860.0,ASK
93,1712691210.1667943,4765867.6174606,2728.0,-0.0,2860.0,ASK
94,1712691240.116162,4765867.6174606,2728.0,-0.0,2860.0,ASK
95,1712691270.1171265,4765867.6174606,2728.0,-0.0,2860.0,ASK
96,1712691300.1844895,4765867.6174606,2728.0,-0.0,2860.0,ASK
97,1712691317.8043573,4766050.90191807,2729.0,1.2414168353535977e-08,2860.0,BID
98,1712691325.0646367,4766186.33091327,2731.0,9.172836418108988e-09,2860.0,BID
99,1712691325.0665436,4767062.33091327,2728.0,5.933297142481531e-08,2860.0,BID
100,1712691325.0744903,4767064.64608327,2730.0,1.5681040578974934e-10,2860.0,BID
101,1712691330.166577,4767064.64608327,2730.0,0.0,2860.0,BID
102,1712691330.204836,4767290.99895998,2727.0,-1.532787491677783e-08,2860.0,ASK
103,1712691330.3067272,4768010.16258898,2727.0,-4.869940382574858e-08,2860.0,ASK
104,1712691330.3874304,4768052.84821284,2727.0,-2.890530541431596e-09,2860.0,ASK
105,1712691330.4865294,4768064.64608327,2727.0,-7.989131168400017e-10,2860.0,ASK
106,1712691360.1357734,4768064.64608327,2727.0,-0.0,2860.0,ASK
107,1712691390.1215303,4768064.64608327,2727.0,-0.0,2860.0,ASK
108,1712691406.8847396,4768082.98125012,2727.0,1.2413681683691571e-09,2860.0,BID
109,1712691420.175262,4768082.98125012,2727.0,0.0,2860.0,BID
110,1712691442.9747453,4768217.33665479,2729.0,9.096397069597824e-09,2860.0,BID
111,1712691446.224576,4768219.53808572,2730.0,1.4904565922190611e-10,2860.0,BID
112,1712691449.2344782,4768222.18471442,2721.0,-1.791873249313572e-10,2860.0,ASK
113,1712691450.1760423,4768222.18471442,2721.0,-0.0,2860.0,ASK
114,1712691480.1142886,4768222.18471442,2721.0,-0.0,2860.0,ASK
115,1712691510.117027,4768222.18471442,2721.0,-0.0,2860.0,ASK
116,1712691524.6944396,4768270.42610364,2721.0,-3.26605056961258e-09,2860.0,ASK
117,1712691540.165819,4768270.42610364,2721.0,-0.0,2860.0,ASK
118,1712691570.166734,4768270.42610364,2721.0,-0.0,2860.0,ASK
119,1712691600.1341782,4768270.42610364,2721.0,-0.0,2860.0,ASK
120,1712691630.117512,4768270.42610364,2721.0,-0.0,2860.0,ASK
121,1712691644.104539,4768271.16112752,2729.0,4.995331828979493e-11,2860.0,BID
122,1712691660.1699674,4768271.16112752,2729.0,0.0,2860.0,BID
123,1712691690.1774352,4768271.16112752,2729.0,0.0,2860.0,BID
124,1712691698.7143934,4768344.42120078,2730.0,4.978863083175725e-09,2860.0,BID
125,1712691720.1161923,4768344.42120078,2730.0,0.0,2860.0,BID
126,1712691745.8126416,4768347.47369324,2728.0,-2.07449088889092e-10,2860.0,ASK
127,1712691747.7343528,4768348.08420444,2728.0,-4.1490681388232014e-11,2860.0,ASK
128,1712691750.1069603,4768348.08420444,2728.0,-0.0,2860.0,ASK
129,1712691780.1671803,4768348.08420444,2728.0,-0.0,2860.0,ASK
130,1712691810.1971056,4768348.08420444,2728.0,-0.0,2860.0,ASK
131,1712691840.1106122,4768348.08420444,2728.0,-0.0,2860.0,ASK
132,1712691870.1142218,4768348.08420444,2728.0,-0.0,2860.0,ASK
133,1712691891.954304,4768448.08420444,2728.0,-6.796051119250918e-09,2860.0,ASK
134,1712691892.5542862,4768455.00220444,2723.0,-4.701508164024358e-10,2860.0,ASK
135,1712691900.12701,4768455.00220444,2723.0,-0.0,2860.0,ASK
136,1712691923.1740563,4768466.4371286,2723.0,-7.77359101138132e-10,2860.0,ASK
137,1712691923.2643182,4768639.9645376,2723.0,1.1796589885016094e-08,2860.0,BID
138,1712691923.2667964,4768639.96453808,2723.0,3.2605867402990415e-17,2860.0,BID
139,1712691929.1872656,4768644.27541321,2731.0,2.9305817591436437e-10,2860.0,BID
140,1712691930.1141443,4768644.27541321,2731.0,0.0,2860.0,BID
141,1712691960.1705892,4768644.27541321,2731.0,0.0,2860.0,BID
142,1712691990.1742148,4768644.27541321,2731.0,0.0,2860.0,BID
143,1712692020.114618,4768644.27541321,2731.0,0.0,2860.0,BID
144,1712692050.1070137,4768644.27541321,2731.0,0.0,2860.0,BID
145,1712692080.1666503,4768644.27541321,2731.0,0.0,2860.0,BID
146,1712692108.5643804,4768647.27541321,2731.0,2.0393625348854742e-10,2860.0,BID
147,1712692110.1681356,4768647.27541321,2731.0,0.0,2860.0,BID
148,1712692140.1172404,4768647.27541321,2731.0,0.0,2860.0,BID
149,1712692170.1143217,4768647.27541321,2731.0,0.0,2860.0,BID
150,1712692200.136562,4768647.27541321,2731.0,0.0,2860.0,BID
151,1712692214.9244163,4768665.69161947,2723.0,-1.2521373131081196e-09,2860.0,ASK
152,1712692214.9845572,4770116.07071947,2723.0,-9.861280676392133e-08,2860.0,ASK
153,1712692227.9343507,4770842.28713196,2723.0,-4.937622084706804e-08,2860.0,ASK
154,1712692230.1240387,4770842.28713196,2723.0,-0.0,2860.0,ASK
155,1712692260.1742048,4770842.28713196,2723.0,-0.0,2860.0,ASK
156,1712692290.1671548,4770842.28713196,2723.0,-0.0,2860.0,ASK
157,1712692320.119165,4770842.28713196,2723.0,-0.0,2860.0,ASK
158,1712692350.116569,4770842.28713196,2723.0,-0.0,2860.0,ASK
159,1712692380.1677718,4770842.28713196,2723.0,-0.0,2860.0,ASK
160,1712692410.1742914,4770842.28713196,2723.0,-0.0,2860.0,ASK
161,1712692440.111069,4770842.28713196,2723.0,-0.0,2860.0,ASK
162,1712692440.3744671,4771336.78763196,2730.0,3.3607953515996325e-08,2860.0,BID
163,1712692470.1173828,4771336.78763196,2730.0,0.0,2860.0,BID
164,1712692500.167664,4771336.78763196,2730.0,0.0,2860.0,BID
165,1712692530.1778667,4771336.78763196,2730.0,0.0,2860.0,BID
166,1712692560.1176407,4771336.78763196,2730.0,0.0,2860.0,BID
167,1712692590.107886,4771336.78763196,2730.0,0.0,2860.0,BID
168,1712692620.171967,4771336.78763196,2730.0,0.0,2860.0,BID
169,1712692621.364504,4771338.63271782,2737.0,1.253916512526307e-10,2860.0,BID
170,1712692629.1645768,4771342.2749567,2730.0,-2.475257966729251e-10,2860.0,ASK
171,1712692650.177049,4771342.2749567,2730.0,-0.0,2860.0,ASK
172,1712692680.1486914,4771342.2749567,2730.0,-0.0,2860.0,ASK
173,1712692710.1102262,4771342.2749567,2730.0,-0.0,2860.0,ASK
174,1712692740.1639335,4771342.2749567,2730.0,-0.0,2860.0,ASK
175,1712692770.1630654,4771342.2749567,2730.0,-0.0,2860.0,ASK
176,1712692800.1508794,4771342.2749567,2730.0,-0.0,2860.0,ASK
177,1712692816.3007777,4771369.05437899,2730.0,-1.821084322964082e-09,2860.0,ASK
178,1712692816.303583,4771372.73814743,2730.0,-2.505077549102043e-10,2860.0,ASK
179,1712692816.86064,4771416.88609162,2730.0,-3.002198037921662e-09,2860.0,ASK
180,1712692828.5905116,4771417.61869235,2736.0,4.981913686574468e-11,2860.0,BID
181,1712692830.116488,4771417.61869235,2736.0,0.0,2860.0,BID
182,1712692835.4306097,4771527.26781515,2736.0,7.456378384849531e-09,2860.0,BID
183,1712692860.1673543,4771527.26781515,2736.0,0.0,2860.0,BID
184,1712692890.1723292,4771527.26781515,2736.0,0.0,2860.0,BID
185,1712692920.113907,4771527.26781515,2736.0,0.0,2860.0,BID
186,1712692950.1146462,4771527.26781515,2736.0,0.0,2860.0,BID
187,1712692980.1787548,4771527.26781515,2736.0,0.0,2860.0,BID
188,1712692980.6851623,4771600.36723015,2736.0,4.970817501660095e-09,2860.0,BID
189,1712692980.68739,4771600.36723036,2736.0,1.431273026079699e-17,2860.0,BID
190,1712692987.8708134,4771603.3221445,2737.0,2.00936477002266e-10,2860.0,BID
191,1712692987.8749447,4771620.01627036,2739.0,1.1352136402220595e-09,2860.0,BID
192,1712693010.1704457,4771620.01627036,2739.0,0.0,2860.0,BID
193,1712693040.106956,4771620.01627036,2739.0,0.0,2860.0,BID
194,1712693070.1160293,4771620.01627036,2739.0,0.0,2860.0,BID
195,1712693100.1667385,4771620.01627036,2739.0,0.0,2860.0,BID
196,1712693130.1861286,4771620.01627036,2739.0,0.0,2860.0,BID
197,1712693160.1131284,4771620.01627036,2739.0,0.0,2860.0,BID
198,1712693190.1165004,4771620.01627036,2739.0,0.0,2860.0,BID
199,1712693220.0056453,4771620.01627083,2739.0,3.202775412660863e-17,2860.0,BID
200,1712693220.0084982,4771621.84175411,2739.0,1.2431193796635203e-10,2860.0,BID
201,1712693220.1828604,4771621.84175411,2739.0,0.0,2860.0,BID
202,1712693250.1569145,4771621.84175411,2739.0,0.0,2860.0,BID
203,1712693280.1129067,4771621.84175411,2739.0,0.0,2860.0,BID
204,1712693310.107581,4771621.84175411,2739.0,0.0,2860.0,BID
205,1712693340.1676352,4771621.84175411,2739.0,0.0,2860.0,BID
206,1712693370.156241,4771621.84175411,2739.0,0.0,2860.0,BID
207,1712693400.132655,4771621.84175411,2739.0,0.0,2860.0,BID
208,1712693430.106764,4771621.84175411,2739.0,0.0,2860.0,BID
209,1712693460.15642,4771621.84175411,2739.0,0.0,2860.0,BID
210,1712693490.163052,4771621.84175411,2739.0,0.0,2860.0,BID
211,1712693520.104372,4771621.84175411,2739.0,0.0,2860.0,BID
212,1712693550.102541,4771621.84175411,2739.0,0.0,2860.0,BID
213,1712693580.1581445,4771621.84175411,2739.0,0.0,2860.0,BID
214,1712693581.1926956,4772024.34175411,2739.0,2.7426769105300384e-08,2860.0,BID
215,1712693594.4832215,4772026.55251314,2740.0,1.5064342231362262e-10,2860.0,BID
216,1712693594.4863093,4772029.47914314,2739.0,1.9942361554562632e-10,2860.0,BID
217,1712693594.4889235,4775688.71046305,2740.0,2.493438323330505e-07,2860.0,BID
218,1712693594.4914167,4775808.66650711,2740.0,8.173929747139738e-09,2860.0,BID
219,1712693594.6024432,4775808.66650764,2740.0,3.610947399802996e-17,2860.0,BID
220,1712693610.1544356,4775808.66650764,2740.0,0.0,2860.0,BID
221,1712693640.1150756,4775808.66650764,2740.0,0.0,2860.0,BID
222,1712693670.0969875,4775808.66650764,2740.0,0.0,2860.0,BID
223,1712693677.4021711,4775810.5569186,2742.0,1.2871395812416078e-10,2860.0,BID
224,1712693677.4051766,4775819.60412718,2743.0,6.16004694822034e-10,2860.0,BID
225,1712693700.122553,4775819.60412718,2743.0,0.0,2860.0,BID
226,1712693724.3920214,4775837.83234446,2743.0,1.2420156027821263e-09,2860.0,BID
227,1712693730.1085217,4775837.83234446,2743.0,0.0,2860.0,BID
228,1712693760.161214,4775837.83234446,2743.0,0.0,2860.0,BID
229,1712693768.6616492,4775855.33143305,2743.0,1.192330916632995e-09,2860.0,BID
230,1712693768.6652951,4775919.81230736,2745.0,4.3935168151735995e-09,2860.0,BID
231,1712693776.8312814,4776738.88766229,2747.0,5.580912764173492e-08,2860.0,BID
232,1712693789.131202,4776884.50105872,2747.0,-9.921622691753994e-09,2860.0,ASK
233,1712693790.1584132,4776884.50105872,2747.0,-0.0,2860.0,ASK
234,1712693799.8715758,4777688.42976006,2749.0,5.4766355632814926e-08,2860.0,BID
235,1712693820.1112983,4777688.42976006,2749.0,0.0,2860.0,BID
236,1712693850.1041088,4777688.42976006,2749.0,0.0,2860.0,BID
237,1712693880.1609254,4777688.42976006,2749.0,0.0,2860.0,BID
238,1712693893.8827827,4777690.62149639,2744.0,-1.4928605289377688e-10,2860.0,ASK
239,1712693893.960847,4777690.62149723,2744.0,5.721864865074052e-17,2860.0,BID
240,1712693893.9636426,4777804.11904423,2744.0,7.730674797867405e-09,2860.0,BID
241,1712693910.1540334,4777804.11904423,2744.0,0.0,2860.0,BID
242,1712693935.602351,4777806.01408796,2744.0,-1.2907459611495437e-10,2860.0,ASK
243,1712693940.102799,4777806.01408796,2744.0,-0.0,2860.0,ASK
244,1712693970.1047332,4777806.01408796,2744.0,-0.0,2860.0,ASK
245,1712693997.619951,4777810.56948154,2744.0,-3.1027536141098856e-10,2860.0,ASK
246,1712694000.132303,4777810.56948154,2744.0,-0.0,2860.0,ASK
247,1712694030.0996993,4777810.56948154,2744.0,-0.0,2860.0,ASK
248,1712694060.1598055,4777810.56948154,2744.0,-0.0,2860.0,ASK
249,1712694090.160322,4777810.56948154,2744.0,-0.0,2860.0,ASK
250,1712694120.1037943,4777810.56948154,2744.0,-0.0,2860.0,ASK
251,1712694150.120116,4777810.56948154,2744.0,-0.0,2860.0,ASK
252,1712694180.1602414,4777810.56948154,2744.0,-0.0,2860.0,ASK
253,1712694194.2464883,4777821.51439216,2744.0,-7.45838288642177e-10,2860.0,ASK
254,1712694194.346653,4778284.33041448,2744.0,-3.153848597005908e-08,2860.0,ASK
255,1712694199.6791985,4778300.36369581,2738.0,-1.0925840807030267e-09,2860.0,ASK
256,1712694199.6828103,4778302.55863176,2740.0,-1.4957337978814187e-10,2860.0,ASK
257,1712694210.1614783,4778302.55863176,2740.0,-0.0,2860.0,ASK
258,1712694236.4691308,4778666.99011864,2744.0,2.4831811317581057e-08,2860.0,BID
259,1712694240.0933886,4778666.99011864,2744.0,0.0,2860.0,BID
260,1712694268.7293146,4778687.4798468,2738.0,-1.3960440182526852e-09,2860.0,ASK
261,1712694268.732211,4779563.4798468,2737.0,-5.968525060106341e-08,2860.0,ASK
262,1712694268.8520637,4779679.65763041,2737.0,7.915639416731537e-09,2860.0,BID
263,1712694270.112965,4779679.65763041,2737.0,0.0,2860.0,BID
264,1712694300.160217,4779679.65763041,2737.0,0.0,2860.0,BID
265,1712694330.1508934,4779679.65763041,2737.0,0.0,2860.0,BID
266,1712694343.2687602,4779994.79134581,2740.0,2.1473598205423385e-08,2860.0,BID
267,1712694343.3486235,4780136.69103381,2740.0,9.669218927402512e-09,2860.0,BID
268,1712694343.351577,4780194.82021719,2740.0,3.960993911195701e-09,2860.0,BID
269,1712694360.1037574,4780194.82021719,2740.0,0.0,2860.0,BID
270,1712694390.102877,4780194.82021719,2740.0,0.0,2860.0,BID
271,1712694420.1728735,4780194.82021719,2740.0,0.0,2860.0,BID
272,1712694450.160665,4780194.82021719,2740.0,0.0,2860.0,BID
273,1712694480.0927076,4780194.82021719,2740.0,0.0,2860.0,BID
274,1712694510.100384,4780194.82021719,2740.0,0.0,2860.0,BID
275,1712694533.3579147,4780827.04784319,2740.0,4.307662321704234e-08,2860.0,BID
276,1712694533.3615344,4780827.04784341,2740.0,1.4975464971380218e-17,2860.0,BID
277,1712694540.1259575,4780827.04784341,2740.0,0.0,2860.0,BID
278,1712694545.5876794,4780862.04784341,2740.0,-2.384432157023701e-09,2860.0,ASK
279,1712694570.0974274,4780862.04784341,2740.0,-0.0,2860.0,ASK
280,1712694600.2074475,4780862.04784341,2740.0,-0.0,2860.0,ASK
281,1712694630.1543589,4780862.04784341,2740.0,-0.0,2860.0,ASK
282,1712694660.101173,4780862.04784341,2740.0,-0.0,2860.0,ASK
283,1712694679.447266,4780936.84455964,2747.0,5.107990668655493e-09,2860.0,BID
284,1712694679.4489748,4780939.22380964,2746.0,1.6248289246026395e-10,2860.0,BID
285,1712694686.8172529,4781016.39890974,2747.0,5.270414411675084e-09,2860.0,BID
286,1712694690.1038258,4781016.39890974,2747.0,0.0,2860.0,BID
287,1712694720.1522558,4781016.39890974,2747.0,0.0,2860.0,BID
288,1712694723.0674636,4781097.18493594,2748.0,5.5168507450325085e-09,2860.0,BID
289,1712694746.8477118,4781177.94157471,2749.0,5.5148438872341505e-09,2860.0,BID
290,1712694750.1490147,4781177.94157471,2749.0,0.0,2860.0,BID
291,1712694775.7898705,4781986.09592491,2747.0,5.5186917333971664e-08,2860.0,BID
292,1712694780.1209412,4781986.09592491,2747.0,0.0,2860.0,BID
293,1712694788.6286092,4782066.51805009,2748.0,5.491001122848034e-09,2860.0,BID
294,1712694810.1003852,4782066.51805009,2748.0,0.0,2860.0,BID
295,1712694827.5885465,4782146.96945161,2747.0,5.492917146517962e-09,2860.0,BID
296,1712694840.1641324,4782146.96945161,2747.0,0.0,2860.0,BID
297,1712694850.2889187,4782942.51805009,2747.0,5.4316227170573593e-08,2860.0,BID
298,1712694850.2919755,4783006.51805009,2747.0,4.369611794372743e-09,2860.0,BID
299,1712694850.4288306,4783006.51805058,2747.0,-3.344635193701925e-17,2860.0,ASK
300,1712694850.432648,4784287.09560258,2747.0,-8.743166835669437e-08,2860.0,ASK
301,1712694853.4188876,4784305.83885871,2747.0,1.279699266369457e-09,2860.0,BID
302,1712694853.4227085,4784367.5919645,2745.0,4.216204678135624e-09,2860.0,BID
303,1712694859.4887686,4784448.04336602,2747.0,5.492834264903342e-09,2860.0,BID
304,1712694870.1535728,4784448.04336602,2747.0,0.0,2860.0,BID
305,1712694870.2518132,4785252.5573813,2747.0,5.490464787188674e-08,2860.0,BID
306,1712694879.6489398,4785256.2036695,2748.0,2.488436072240517e-10,2860.0,BID
307,1712694891.8390777,4785259.85128508,2747.0,2.489341953440594e-10,2860.0,BID
308,1712694900.102995,4785259.85128508,2747.0,0.0,2860.0,BID
309,1712694909.6894257,4785273.85128508,2744.0,-9.56080312600138e-10,2860.0,ASK
310,1712694909.8092384,4785299.33773718,2744.0,-1.740506792193532e-09,2860.0,ASK
311,1712694911.1191697,4785302.98934067,2744.0,2.4937330045143936e-10,2860.0,BID
312,1712694913.0093596,4785306.63695625,2747.0,2.4910096027604773e-10,2860.0,BID
313,1712694930.103205,4785306.63695625,2747.0,0.0,2860.0,BID
314,1712694953.6595175,4785313.92490674,2747.0,4.97700349192487e-10,2860.0,BID
315,1712694959.359582,4785321.21551125,2746.0,4.978815945259116e-10,2860.0,BID
316,1712694960.1606777,4785321.21551125,2746.0,0.0,2860.0,BID
317,1712694961.9899237,4785328.50346174,2747.0,4.976989883014362e-10,2860.0,BID
318,1712694964.7194183,4785335.79141223,2747.0,4.976989883014362e-10,2860.0,BID
319,1712694970.8094418,4785343.08201674,2746.0,4.978802331392705e-10,2860.0,BID
320,1712694973.7998202,4785350.36996723,2747.0,4.976989883014362e-10,2860.0,BID
321,1712694977.9995809,4785357.66057174,2746.0,4.978802331392705e-10,2860.0,BID
322,1712694982.6598682,4785364.94852223,2747.0,4.976989883014362e-10,2860.0,BID
323,1712694990.1495996,4785364.94852223,2747.0,0.0,2860.0,BID
324,1712695002.4496384,4785372.2427684,2746.0,4.981248383907498e-10,2860.0,BID
325,1712695012.089886,4785375.11543242,2743.0,-1.9617452810970192e-10,2860.0,ASK
326,1712695013.1500738,4785382.41765626,2743.0,4.986696342547472e-10,2860.0,BID
327,1712695020.095485,4785382.41765626,2743.0,0.0,2860.0,BID
328,1712695050.1026647,4785382.41765626,2743.0,0.0,2860.0,BID
329,1712695080.175992,4785382.41765626,2743.0,0.0,2860.0,BID
330,1712695110.161589,4785382.41765626,2743.0,0.0,2860.0,BID
331,1712695132.1711686,4785389.7225432,2742.0,4.988498645045172e-10,2860.0,BID
332,1712695133.058393,4785409.7225432,2740.0,-1.365797632752765e-09,2860.0,ASK
333,1712695133.061797,4785891.9989848,2740.0,-3.293460111349723e-08,2860.0,ASK
334,1712695134.5003636,4785899.30387174,2742.0,4.988498645045172e-10,2860.0,BID
335,1712695140.102619,4785899.30387174,2742.0,0.0,2860.0,BID
336,1712695159.9709742,4785937.89698311,2739.0,-2.635264127987426e-09,2860.0,ASK
337,1712695161.5803382,4785945.19822308,2742.0,4.985525939040137e-10,2860.0,BID
338,1712695170.0959418,4785945.19822308,2742.0,0.0,2860.0,BID
339,1712695200.1245155,4785945.19822308,2742.0,0.0,2860.0,BID
340,1712695229.860833,4786073.06515398,2739.0,-8.737238012286849e-09,2860.0,ASK
341,1712695230.106878,4786073.06515398,2739.0,-0.0,2860.0,ASK
342,1712695231.040547,4786080.36639395,2742.0,4.98886962799283e-10,2860.0,BID
343,1712695234.2309542,4786176.65553628,2739.0,-6.579347886675178e-09,2860.0,ASK
344,1712695235.3627362,4786183.95677625,2742.0,4.98886962799283e-10,2860.0,BID
345,1712695237.9907556,4786227.87018869,2739.0,-3.000562787657856e-09,2860.0,ASK
346,1712695239.0906632,4786235.17142866,2742.0,4.98886962799283e-10,2860.0,BID
347,1712695260.153671,4786235.17142866,2742.0,0.0,2860.0,BID
348,1712695290.150637,4786235.17142866,2742.0,0.0,2860.0,BID
349,1712695320.0955875,4786235.17142866,2742.0,0.0,2860.0,BID
350,1712695327.2208233,4786322.7552308,2740.0,-5.9843384726196935e-09,2860.0,ASK
351,1712695327.3206563,4786438.93301441,2740.0,-7.938079452218476e-09,2860.0,ASK
352,1712695328.5807838,4786446.2306074,2742.0,4.98622638215818e-10,2860.0,BID
353,1712695328.675763,4786587.9876074,2740.0,-9.685830577500481e-09,2860.0,ASK
354,1712695331.2386072,4786595.28520039,2742.0,4.98622638215818e-10,2860.0,BID
355,1712695350.114499,4786595.28520039,2742.0,0.0,2860.0,BID
356,1712695380.1564915,4786595.28520039,2742.0,0.0,2860.0,BID
357,1712695410.1558871,4786595.28520039,2742.0,0.0,2860.0,BID
358,1712695440.1008503,4786595.28520039,2742.0,0.0,2860.0,BID
359,1712695451.871389,4786595.28712558,2740.0,-1.3153358811110196e-13,2860.0,ASK
360,1712695454.5014098,4786631.77265258,2740.0,2.49277854752041e-09,2860.0,BID
361,1712695470.1041267,4786631.77265258,2740.0,0.0,2860.0,BID
362,1712695500.1210022,4786631.77265258,2740.0,0.0,2860.0,BID
363,1712695511.0808878,4786645.73665258,2739.0,-9.542101243116823e-10,2860.0,ASK
364,1712695513.1210926,4786645.73665339,2740.0,5.5367327689392956e-17,2860.0,BID
365,1712695513.1248424,4786653.0305986,2742.0,4.984213954285801e-10,2860.0,BID
366,1712695514.2908676,4786872.4409056,2742.0,1.4993091973783354e-08,2860.0,BID
367,1712695530.107567,4786872.4409056,2742.0,0.0,2860.0,BID
368,1712695538.8512328,4786872.44090569,2742.0,6.172860491960312e-18,2860.0,BID
369,1712695540.761187,4786879.7321926,2743.0,4.982172789929548e-10,2860.0,BID
370,1712695560.1712172,4786879.7321926,2743.0,0.0,2860.0,BID
371,1712695590.1519456,4786879.7321926,2743.0,0.0,2860.0,BID
372,1712695620.1080043,4786879.7321926,2743.0,0.0,2860.0,BID
373,1712695650.1128504,4786879.7321926,2743.0,0.0,2860.0,BID
374,1712695680.190547,4786879.7321926,2743.0,0.0,2860.0,BID
375,1712695710.1588826,4786879.7321926,2743.0,0.0,2860.0,BID
376,1712695740.0977046,4786879.7321926,2743.0,0.0,2860.0,BID
377,1712695740.525957,4786882.60485662,2739.0,-1.9629030005402768e-10,2860.0,ASK
378,1712695770.096483,4786882.60485662,2739.0,-0.0,2860.0,ASK
379,1712695800.150936,4786882.60485662,2739.0,-0.0,2860.0,ASK
380,1712695830.1043663,4786882.60485662,2739.0,-0.0,2860.0,ASK
381,1712695860.1611168,4786882.60485662,2739.0,-0.0,2860.0,ASK
382,1712695890.1539006,4786882.60485662,2739.0,-0.0,2860.0,ASK
383,1712695920.0988371,4786882.60485662,2739.0,-0.0,2860.0,ASK
384,1712695950.1061058,4786882.60485662,2739.0,-0.0,2860.0,ASK
385,1712695970.3209753,4787030.24954048,2739.0,-1.0103386337140534e-08,2860.0,ASK
386,1712695980.1608322,4787030.24954048,2739.0,-0.0,2860.0,ASK
387,1712696010.1604135,4787030.24954048,2739.0,-0.0,2860.0,ASK
388,1712696040.1407976,4787030.24954048,2739.0,-0.0,2860.0,ASK
389,1712696070.100783,4787030.24954048,2739.0,-0.0,2860.0,ASK
390,1712696100.1599388,4787030.24954048,2739.0,-0.0,2860.0,ASK
391,1712696130.156561,4787030.24954048,2739.0,-0.0,2860.0,ASK
392,1712696160.100238,4787030.24954048,2739.0,-0.0,2860.0,ASK
393,1712696190.1064024,4787030.24954048,2739.0,-0.0,2860.0,ASK
394,1712696220.1595533,4787030.24954048,2739.0,-0.0,2860.0,ASK
395,1712696250.1690865,4787030.24954048,2739.0,-0.0,2860.0,ASK
396,1712696280.1068397,4787030.24954048,2739.0,-0.0,2860.0,ASK
397,1712696310.1196165,4787030.24954048,2739.0,-0.0,2860.0,ASK
398,1712696340.166478,4787030.24954048,2739.0,-0.0,2860.0,ASK
399,1712696370.1632226,4787030.24954048,2739.0,-0.0,2860.0,ASK
400,1712696399.7006545,4787304.56778725,2741.0,-1.87887010957666e-08,2860.0,ASK
401,1712696400.1397004,4787304.56778725,2741.0,-0.0,2860.0,ASK
402,1712696418.7004178,4787341.02422181,2743.0,2.5051784199960343e-09,2860.0,BID
403,1712696430.111118,4787341.02422181,2743.0,0.0,2860.0,BID
404,1712696430.4047432,4787366.70597504,2741.0,-1.764762041386278e-09,2860.0,ASK
405,1712696430.4082854,4787450.67333704,2740.0,-5.769949264898603e-09,2860.0,ASK
406,1712696460.160802,4787450.67333704,2740.0,-0.0,2860.0,ASK
407,1712696490.1668415,4787450.67333704,2740.0,-0.0,2860.0,ASK
408,1712696520.119313,4787450.67333704,2740.0,-0.0,2860.0,ASK
409,1712696542.0301342,4787519.99133704,2742.0,-4.763196983253232e-09,2860.0,ASK
410,1712696550.1113603,4787519.99133704,2742.0,-0.0,2860.0,ASK
411,1712696580.1557026,4787519.99133704,2742.0,-0.0,2860.0,ASK
412,1712696602.9299862,4787519.99500006,2742.0,-2.5170164307382253e-13,2860.0,ASK
413,1712696610.1565466,4787519.99500006,2742.0,-0.0,2860.0,ASK
414,1712696637.500177,4787556.45143462,2743.0,2.5050767628392803e-09,2860.0,BID
415,1712696640.1047554,4787556.45143462,2743.0,0.0,2860.0,BID
416,1712696657.97007,4787567.40033973,2740.0,-7.523406947058175e-10,2860.0,ASK
417,1712696670.098822,4787567.40033973,2740.0,-0.0,2860.0,ASK
418,1712696700.1581793,4787567.40033973,2740.0,-0.0,2860.0,ASK
419,1712696730.1797483,4787567.40033973,2740.0,-0.0,2860.0,ASK
420,1712696733.9599755,4787932.36384338,2740.0,-2.51445592775014e-08,2860.0,ASK
421,1712696742.524258,4788454.60359679,2740.0,-3.5980278316550736e-08,2860.0,ASK
422,1712696742.5261433,4788990.31316028,2740.0,-3.690829559669255e-08,2860.0,ASK
423,1712696760.104036,4788990.31316028,2740.0,-0.0,2860.0,ASK
424,1712696766.3411586,4788993.96279531,2740.0,2.513780694640231e-10,2860.0,BID
425,1712696775.1489682,4789121.88932564,2739.0,-8.811271254177659e-09,2860.0,ASK
426,1712696781.8563943,4789271.86418898,2739.0,-1.032990732090384e-08,2860.0,ASK
427,1712696781.8587532,4789408.91428164,2739.0,-9.439680250196838e-09,2860.0,ASK
428,1712696790.115158,4789408.91428164,2739.0,-0.0,2860.0,ASK
429,1712696799.4416208,4789488.26064588,2739.0,-5.464754874647392e-09,2860.0,ASK
430,1712696820.1637814,4789488.26064588,2739.0,-0.0,2860.0,ASK
431,1712696824.8130782,4789574.06922722,2739.0,-5.909733217584608e-09,2860.0,ASK
432,1712696824.8178086,4789952.92888412,2739.0,-2.609248940190697e-08,2860.0,ASK
433,1712696824.8977163,4791328.15471167,2738.0,-9.471334484169173e-08,2860.0,ASK
434,1712696824.8997166,4791364.65106203,2738.0,-2.513544574185695e-09,2860.0,ASK
435,1712696824.9016216,4791711.21950614,2738.0,-2.3868557367526585e-08,2860.0,ASK
436,1712696824.903559,4791714.87180708,2738.0,-2.515380612085134e-10,2860.0,ASK
437,1712696834.8384864,4792786.52713408,2736.0,-7.380610406251304e-08,2860.0,ASK
438,1712696834.856027,4792786.52713438,2736.0,-2.0653476074411528e-17,2860.0,ASK
439,1712696834.9328556,4793066.87923606,2735.0,-1.9308163613241338e-08,2860.0,ASK
440,1712696834.9369774,4795202.37675307,2735.0,-1.4707410861925052e-07,2860.0,ASK
441,1712696835.561742,4795238.88642813,2738.0,2.5144622611724782e-09,2860.0,BID
442,1712696841.4427898,4795596.93757513,2733.0,-2.4659383991624614e-08,2860.0,ASK
443,1712696850.157065,4795596.93757513,2733.0,-0.0,2860.0,ASK
444,1712696880.1056595,4795596.93757513,2733.0,-0.0,2860.0,ASK
445,1712696896.5943196,4795769.65049348,2733.0,-1.1881255014567828e-08,2860.0,ASK
446,1712696896.6034677,4795895.65084988,2733.0,-8.667807715868221e-09,2860.0,ASK
447,1712696910.114744,4795895.65084988,2733.0,-0.0,2860.0,ASK
448,1712696913.5845337,4795902.95278585,2733.0,-5.022860604917109e-10,2860.0,ASK
449,1712696919.304701,4796166.40845176,2733.0,-1.8122605989812268e-08,2860.0,ASK
450,1712696919.3090556,4796282.49148585,2733.0,-7.985127522839162e-09,2860.0,ASK
451,1712696919.3646965,4796418.89593803,2733.0,-9.382998591352718e-09,2860.0,ASK
452,1712696926.5955791,4796974.83007008,2732.0,-3.824163430535142e-08,2860.0,ASK
453,1712696926.6948388,4797133.15703508,2732.0,-1.0891005871261474e-08,2860.0,ASK
454,1712696940.1620347,4797133.15703508,2732.0,-0.0,2860.0,ASK
455,1712696953.2853775,4797133.15703588,2732.0,-5.501807543821464e-17,2860.0,ASK
456,1712696953.2887754,4797143.15703588,2732.0,-6.87720706332924e-10,2860.0,ASK
457,1712696970.161072,4797143.15703588,2732.0,-0.0,2860.0,ASK
458,1712696988.51653,4797218.74981592,2730.0,-5.198662240794731e-09,2860.0,ASK
459,1712696988.5209446,4797914.91520053,2730.0,-4.787664504961674e-08,2860.0,ASK
460,1712696988.6558623,4798298.51599323,2728.0,2.6380971244610443e-08,2860.0,BID
461,1712697000.144119,4798298.51599323,2728.0,0.0,2860.0,BID
462,1712697024.5670605,4798626.46457344,2730.0,2.25918672903815e-08,2860.0,BID
463,1712697030.1073654,4798626.46457344,2730.0,0.0,2860.0,BID
464,1712697033.9966674,4798664.81635953,2730.0,-2.641831918141184e-09,2860.0,ASK
465,1712697060.182027,4798664.81635953,2730.0,-0.0,2860.0,ASK
466,1712697090.189682,4798664.81635953,2730.0,-0.0,2860.0,ASK
467,1712697120.119034,4798664.81635953,2730.0,-0.0,2860.0,ASK
468,1712697150.1190834,4798664.81635953,2730.0,-0.0,2860.0,ASK
469,1712697154.9886303,4798668.47266665,2735.0,2.5185995678189687e-10,2860.0,BID
470,1712697179.3089678,4798672.12897377,2735.0,2.5185995678189687e-10,2860.0,BID
471,1712697180.2074945,4798672.12897377,2735.0,0.0,2860.0,BID
472,1712697210.175804,4798672.12897377,2735.0,0.0,2860.0,BID
473,1712697240.1100025,4798672.12897377,2735.0,0.0,2860.0,BID
474,1712697270.1118882,4798672.12897377,2735.0,0.0,2860.0,BID
475,1712697275.9603028,4798677.12897377,2731.0,-3.4441801733821727e-10,2860.0,ASK
476,1712697300.1564226,4798677.12897377,2731.0,-0.0,2860.0,ASK
477,1712697301.2240262,4798703.45797377,2730.0,-1.8198328803905127e-09,2860.0,ASK
478,1712697321.8405693,4799677.12897377,2730.0,-6.729911886090969e-08,2860.0,ASK
479,1712697321.8505154,4799692.44156775,2730.0,-1.0583904443212246e-09,2860.0,ASK
480,1712697328.1106448,4800141.93336474,2730.0,-3.1068401824256955e-08,2860.0,ASK
481,1712697328.1138165,4800186.93336474,2731.0,-3.110352828358509e-09,2860.0,ASK
482,1712697329.2106934,4800201.92636474,2730.0,-1.0363004435067515e-09,2860.0,ASK
483,1712697330.114966,4800201.92636474,2730.0,-0.0,2860.0,ASK
484,1712697337.0764456,4800243.71409615,2730.0,-2.8874933885339087e-09,2860.0,ASK
485,1712697339.5808926,4800258.72109615,2730.0,-1.036969747280634e-09,2860.0,ASK
486,1712697360.1735508,4800258.72109615,2730.0,-0.0,2860.0,ASK
487,1712697390.172842,4800258.72109615,2730.0,-0.0,2860.0,ASK
488,1712697393.4551723,4800268.72109615,2730.0,-6.909832995127762e-10,2860.0,ASK
489,1712697393.4597874,4800484.20609615,2730.0,-1.4889653629574228e-08,2860.0,ASK
490,1712697398.511539,4800546.58309615,2730.0,-4.310146527393497e-09,2860.0,ASK
491,1712697420.1126308,4800546.58309615,2730.0,-0.0,2860.0,ASK
492,1712697450.1130767,4800546.58309615,2730.0,-0.0,2860.0,ASK
493,1712697480.164603,4800546.58309615,2730.0,-0.0,2860.0,ASK
494,1712697482.065616,4800546.64032907,2730.0,-3.9544844600143676e-12,2860.0,ASK
495,1712697497.5513654,4800550.29529983,2727.0,-2.52538662190258e-10,2860.0,ASK
496,1712697497.5534873,4800625.10575341,2727.0,-5.168996719232278e-09,2860.0,ASK
497,1712697507.1454377,4800680.55007888,2727.0,-3.830902270239672e-09,2860.0,ASK
498,1712697510.1920314,4800680.55007888,2727.0,-0.0,2860.0,ASK
499,1712697538.7728064,4800717.18011551,2730.0,2.530873037853802e-09,2860.0,BID
500,1712697540.1244986,4800717.18011551,2730.0,0.0,2860.0,BID
501,1712697551.3525,4800728.17911551,2727.0,-7.59946829740455e-10,2860.0,ASK
502,1712697570.1089764,4800728.17911551,2727.0,-0.0,2860.0,ASK
503,1712697600.136224,4800728.17911551,2727.0,-0.0,2860.0,ASK
504,1712697624.313025,4800834.61245598,2727.0,-7.367580633945941e-09,2860.0,ASK
505,1712697624.9733667,4801623.60811598,2727.0,-5.46162426096988e-08,2860.0,ASK
506,1712697625.035052,4802007.20890868,2727.0,-2.6553801271017823e-08,2860.0,ASK
507,1712697625.113099,4802117.09901857,2727.0,-7.606866813643466e-09,2860.0,ASK
508,1712697625.1230214,4802294.43608897,2727.0,-1.2275713228445413e-08,2860.0,ASK
509,1712697625.126824,4803113.5941042,2727.0,-5.670415588273264e-08,2860.0,ASK
510,1712697630.118631,4803113.5941042,2727.0,-0.0,2860.0,ASK
511,1712697633.1037705,4803297.01303303,2726.0,-1.2690999917884428e-08,2860.0,ASK
512,1712697633.107447,4803377.4431042,2726.0,-5.565063721235869e-09,2860.0,ASK
513,1712697639.2033036,4803435.8871042,2726.0,-4.043818181329465e-09,2860.0,ASK
514,1712697640.6602836,4804537.4174072,2726.0,-7.621634841120865e-08,2860.0,ASK
515,1712697640.7130263,4804595.86140781,2726.0,-4.043818223537304e-09,2860.0,ASK
516,1712697660.1502807,4804595.86140781,2726.0,-0.0,2860.0,ASK
517,1712697663.6333048,4804598.35887781,2724.0,-1.7275497619300202e-10,2860.0,ASK
518,1712697689.9436853,4805283.35887781,2723.0,-4.7382814888820506e-08,2860.0,ASK
519,1712697690.0433705,4805689.94251981,2723.0,-2.8124200650692293e-08,2860.0,ASK
520,1712697690.113135,4805800.05329281,2723.0,-7.616581568351602e-09,2860.0,ASK
521,1712697690.1188347,4805800.05329281,2723.0,-0.0,2860.0,ASK
522,1712697690.1520865,4805800.05329318,2723.0,-2.5570041581627816e-17,2860.0,ASK
523,1712697720.1767404,4805800.05329318,2723.0,-0.0,2860.0,ASK
524,1712697730.2635448,4805877.92283853,2722.0,-5.385170166402427e-09,2860.0,ASK
525,1712697730.3635557,4806800.05329318,2722.0,-6.377113660549417e-08,2860.0,ASK
526,1712697730.9637246,4807188.09316822,2721.0,-2.683540463798296e-08,2860.0,ASK
527,1712697730.9685974,4808486.86742318,2721.0,-8.981843080345575e-08,2860.0,ASK
528,1712697731.0237124,4808486.86742395,2721.0,-5.326444814015039e-17,2860.0,ASK
529,1712697731.127453,4808886.86742395,2720.0,-2.766252270875864e-08,2860.0,ASK
530,1712697731.133502,4809073.16214423,2720.0,-1.288345482566725e-08,2860.0,ASK
531,1712697731.1498878,4809191.60237746,2719.0,-8.190889103429719e-09,2860.0,ASK
532,1712697732.4353304,4809917.15073913,2719.0,-5.017624507744872e-08,2860.0,ASK
533,1712697732.4392002,4810414.62699546,2719.0,-3.440362059452656e-08,2860.0,ASK
534,1712697732.5626383,4810414.62699643,2719.0,-6.70475096903223e-17,2860.0,ASK
535,1712697732.5649729,4810425.66452402,2718.0,-7.633146440213751e-10,2860.0,ASK
536,1712697750.1765158,4810425.66452402,2718.0,-0.0,2860.0,ASK
537,1712697780.1162307,4810425.66452402,2718.0,-0.0,2860.0,ASK
538,1712697810.1305273,4810425.66452402,2718.0,-0.0,2860.0,ASK
539,1712697840.17553,4810425.66452402,2718.0,-0.0,2860.0,ASK
540,1712697853.783596,4810603.62452402,2718.0,-1.229635530256346e-08,2860.0,ASK
541,1712697854.3942556,4810687.62452402,2718.0,-5.8040786997951625e-09,2860.0,ASK
542,1712697855.6443148,4810794.76052402,2718.0,-7.402687804534625e-09,2860.0,ASK
543,1712697857.8545816,4810860.22052402,2718.0,-4.523035615337798e-09,2860.0,ASK
544,1712697870.166448,4810860.22052402,2718.0,-0.0,2860.0,ASK
545,1712697880.2045684,4810929.51552402,2718.0,-4.787628722888512e-09,2860.0,ASK
546,1712697882.6543248,4810994.73552402,2718.0,-4.5060847868053894e-09,2860.0,ASK
547,1712697882.77848,4811098.42787097,2718.0,-7.164159875830834e-09,2860.0,ASK
548,1712697883.6848958,4812473.65369852,2718.0,-9.50150901559002e-08,2860.0,ASK
549,1712697884.264299,4812536.18369852,2718.0,-4.320231243809301e-09,2860.0,ASK
550,1712697885.804477,4812587.83569852,2718.0,-3.568664388346546e-09,2860.0,ASK
551,1712697887.7944503,4812640.23169852,2718.0,-3.6200677474566595e-09,2860.0,ASK
552,1712697890.7044976,4812670.02969852,2718.0,-2.058759804962341e-09,2860.0,ASK
553,1712697898.474542,4812977.77073196,2718.0,-2.1261993085975945e-08,2860.0,ASK
554,1712697898.5955083,4813194.37164822,2718.0,-1.4965073498479692e-08,2860.0,ASK
555,1712697898.59902,4813257.53530782,2718.0,-4.3640111254506795e-09,2860.0,ASK
556,1712697898.698628,4813565.27634126,2718.0,-2.1261993085975945e-08,2860.0,ASK
557,1712697900.1195087,4813565.27634126,2718.0,-0.0,2860.0,ASK
558,1712697900.2039528,4814511.91421426,2716.0,-6.544644243303648e-08,2860.0,ASK
559,1712697900.2353275,4814511.91421525,2716.0,-6.844402840616028e-17,2860.0,ASK
560,1712697904.494767,4814528.44320684,2715.0,-1.1427428876894674e-09,2860.0,ASK
561,1712697904.49736,4814531.0224257,2714.0,-1.7831602077593886e-10,2860.0,ASK
562,1712697904.4999304,4814535.0224257,2714.0,-2.7654267508085927e-10,2860.0,ASK
563,1712697904.503782,4814656.30408325,2714.0,-8.384888504312881e-09,2860.0,ASK
564,1712697907.3644905,4815098.69022325,2716.0,-3.0584661643514693e-08,2860.0,ASK
565,1712697907.3685353,4815370.96689425,2716.0,-1.8824029740165043e-08,2860.0,ASK
566,1712697908.4389896,4815410.67989425,2716.0,-2.7455848138385747e-09,2860.0,ASK
567,1712697921.5450776,4815472.07303447,2716.0,-4.244455807019032e-09,2860.0,ASK
568,1712697925.3788755,4815518.84369192,2716.0,-3.2335206816256638e-09,2860.0,ASK
569,1712697930.1132903,4815518.84369192,2716.0,-0.0,2860.0,ASK
570,1712697932.618585,4815656.30408325,2716.0,-9.499931439309162e-09,2860.0,ASK
571,1712697951.22475,4815658.30408325,2716.0,1.3822063719382172e-10,2860.0,BID
572,1712697958.165158,4815695.1229345,2716.0,2.544562540210873e-09,2860.0,BID
573,1712697960.1696355,4815695.1229345,2716.0,0.0,2860.0,BID
574,1712697967.8546968,4815695.12293531,2714.0,-5.599482709690875e-17,2860.0,ASK
575,1712697990.1768732,4815695.12293531,2714.0,-0.0,2860.0,ASK
576,1712698017.1551282,4816695.12293531,2714.0,6.910803193286243e-08,2860.0,BID
577,1712698020.139576,4816695.12293531,2714.0,0.0,2860.0,BID
578,1712698021.7151153,4816705.12293531,2714.0,6.90950725164294e-10,2860.0,BID
579,1712698027.1551518,4816707.12293531,2714.0,1.3819014503285896e-10,2860.0,BID
580,1712698047.8723166,4816761.96493531,2713.0,-3.789311966958381e-09,2860.0,ASK
581,1712698050.1220324,4816761.96493531,2713.0,-0.0,2860.0,ASK
582,1712698050.8828251,4817707.12293531,2713.0,-6.530494223337427e-08,2860.0,ASK
583,1712698050.8862815,4817891.42076059,2713.0,-1.2733912037591637e-08,2860.0,ASK
584,1712698050.8886263,4817893.73816059,2713.0,-1.6011891465283616e-10,2860.0,ASK
585,1712698050.8909523,4818168.4278952,2713.0,-1.89794693065688e-08,2860.0,ASK
586,1712698080.175357,4818168.4278952,2713.0,-0.0,2860.0,ASK
587,1712698107.8553271,4818829.50379939,2710.0,-4.566447596452271e-08,2860.0,ASK
588,1712698107.8605251,4819882.065792,2710.0,-7.270676711719604e-08,2860.0,ASK
589,1712698110.1676702,4819882.065792,2710.0,-0.0,2860.0,ASK
590,1712698114.1954048,4822996.0069791,2714.0,2.150296078959062e-07,2860.0,BID
591,1712698117.3053815,4823106.54493046,2714.0,7.633070411515281e-09,2860.0,BID
592,1712698126.035433,4823290.77484939,2714.0,1.2721784018999202e-08,2860.0,BID
593,1712698140.1240537,4823290.77484939,2714.0,0.0,2860.0,BID
594,1712698151.505454,4823401.31280075,2714.0,7.628197264150868e-09,2860.0,BID
595,1712698151.605452,4825166.23542477,2714.0,1.217968830278401e-07,2860.0,BID
596,1712698152.3861213,4825459.76035334,2714.0,2.0256084263537136e-08,2860.0,BID
597,1712698170.119171,4825459.76035334,2714.0,0.0,2860.0,BID
598,1712698183.0157168,4825473.47777446,2710.0,-9.462515105742952e-10,2860.0,ASK
599,1712698200.173471,4825473.47777446,2710.0,-0.0,2860.0,ASK
600,1712698208.080578,4825477.15559718,2719.0,2.5397344035692003e-10,2860.0,BID
601,1712698214.2198887,4825546.4772602,2712.0,-4.787033684770963e-09,2860.0,ASK
602,1712698230.1166143,4825546.4772602,2712.0,-0.0,2860.0,ASK
603,1712698254.7156892,4825553.83290565,2719.0,5.079399362997362e-10,2860.0,BID
604,1712698259.3959267,4825609.08359361,2713.0,-3.815305008122508e-09,2860.0,ASK
605,1712698260.174432,4825609.08359361,2713.0,-0.0,2860.0,ASK
606,1712698290.1786442,4825609.08359361,2713.0,-0.0,2860.0,ASK
607,1712698319.556002,4825730.3943983,2719.0,8.376950727904272e-09,2860.0,BID
608,1712698320.1163356,4825730.3943983,2719.0,0.0,2860.0,BID
609,1712698333.316759,4826105.13744478,2719.0,2.5876776138831005e-08,2860.0,BID
610,1712698333.405994,4826456.37844478,2720.0,2.4253911615260733e-08,2860.0,BID
611,1712698338.2665477,4829006.11137289,2719.0,-1.7606428942236985e-07,2860.0,ASK
612,1712698350.1220176,4829006.11137289,2719.0,-0.0,2860.0,ASK
613,1712698368.476327,4829233.87616696,2719.0,1.5717958980914467e-08,2860.0,BID
614,1712698376.586433,4833755.79579696,2719.0,3.120558976177581e-07,2860.0,BID
615,1712698376.6708925,4834105.12513096,2719.0,2.410708013526468e-08,2860.0,BID
616,1712698376.6901922,4834105.12513181,2719.0,5.867869724166887e-17,2860.0,BID
617,1712698380.138681,4834105.12513181,2719.0,0.0,2860.0,BID
618,1712698410.1223848,4834105.12513181,2719.0,0.0,2860.0,BID
619,1712698440.1784468,4834105.12513181,2719.0,0.0,2860.0,BID
620,1712698459.246595,4835208.87789119,2718.0,-7.609673777063069e-08,2860.0,ASK
621,1712698459.2519686,4835400.46319006,2718.0,-1.3208588721432285e-08,2860.0,ASK
622,1712698459.2561932,4835712.46319006,2716.0,-2.1510417059131528e-08,2860.0,ASK
623,1712698459.2604334,4836588.46319006,2716.0,-6.039463251217698e-08,2860.0,ASK
624,1712698459.3921113,4837036.22532984,2716.0,3.087035374982861e-08,2860.0,BID
625,1712698459.406247,4837129.72532984,2725.0,6.446230753297429e-09,2860.0,BID
626,1712698470.1817207,4837129.72532984,2725.0,0.0,2860.0,BID
627,1712698500.1393232,4837129.72532984,2725.0,0.0,2860.0,BID
628,1712698525.0601296,4837131.57854084,2724.0,1.2776498050829648e-10,2860.0,BID
629,1712698530.1223953,4837131.57854084,2724.0,0.0,2860.0,BID
630,1712698560.1768432,4837131.57854084,2724.0,0.0,2860.0,BID
631,1712698571.2268436,4837635.9595981,2724.0,3.47732737945423e-08,2860.0,BID
632,1712698590.1689296,4837635.9595981,2724.0,0.0,2860.0,BID
633,1712698603.3656137,4837638.04120939,2724.0,1.4349782276899375e-10,2860.0,BID
634,1712698603.3686664,4837666.90877204,2724.0,1.9900124522034712e-09,2860.0,BID
635,1712698620.1213648,4837666.90877204,2724.0,0.0,2860.0,BID
636,1712698622.5695777,4838011.66297548,2724.0,-2.3765815595469138e-08,2860.0,ASK
637,1712698650.1328888,4838011.66297548,2724.0,-0.0,2860.0,ASK
638,1712698651.3781624,4838887.66297548,2725.0,6.038361989056529e-08,2860.0,BID
639,1712698680.180258,4838887.66297548,2725.0,0.0,2860.0,BID
640,1712698710.1728368,4838887.66297548,2725.0,0.0,2860.0,BID
641,1712698712.166931,4838959.45245189,2724.0,-4.947711511383511e-09,2860.0,ASK
642,1712698712.171331,4839003.16297548,2724.0,-3.012517593746529e-09,2860.0,ASK
643,1712698719.387022,4839012.3305589,2727.0,6.318273970833321e-10,2860.0,BID
644,1712698740.119549,4839012.3305589,2727.0,0.0,2860.0,BID
645,1712698770.1244738,4839012.3305589,2727.0,0.0,2860.0,BID
646,1712698775.7999012,4839051.5305589,2724.0,-2.7015902792831276e-09,2860.0,ASK
647,1712698800.133866,4839051.5305589,2724.0,-0.0,2860.0,ASK
648,1712698830.1252134,4839051.5305589,2724.0,-0.0,2860.0,ASK
649,1712698846.8954442,4839076.26748451,2724.0,-1.7105543857985135e-09,2860.0,ASK
650,1712698860.1760688,4839076.26748451,2724.0,-0.0,2860.0,ASK
651,1712698860.7700455,4839107.14197361,2724.0,-2.134955955699789e-09,2860.0,ASK
652,1712698890.1673162,4839107.14197361,2724.0,-0.0,2860.0,ASK
653,1712698920.125133,4839107.14197361,2724.0,-0.0,2860.0,ASK
654,1712698950.1264873,4839107.14197361,2724.0,-0.0,2860.0,ASK
655,1712698968.422963,4839340.54108249,2724.0,-1.6139341385093553e-08,2860.0,ASK
656,1712698980.1762886,4839340.54108249,2724.0,-0.0,2860.0,ASK
657,1712699010.1652844,4839340.54108249,2724.0,-0.0,2860.0,ASK
658,1712699032.971776,4839840.54108249,2724.0,3.4573036612515226e-08,2860.0,BID
659,1712699032.9775667,4839868.73442749,2724.0,1.949459097831039e-09,2860.0,BID
660,1712699032.991398,4839868.73442789,2724.0,2.762644124546839e-17,2860.0,BID
661,1712699040.1152377,4839868.73442789,2724.0,0.0,2860.0,BID
662,1712699070.1153104,4839868.73442789,2724.0,0.0,2860.0,BID
663,1712699100.134311,4839868.73442789,2724.0,0.0,2860.0,BID
664,1712699130.1176243,4839868.73442789,2724.0,0.0,2860.0,BID
665,1712699160.1722612,4839868.73442789,2724.0,0.0,2860.0,BID
666,1712699170.809879,4839905.43167559,2725.0,2.540653306036332e-09,2860.0,BID
667,1712699190.172902,4839905.43167559,2725.0,0.0,2860.0,BID
668,1712699220.1322093,4839905.43167559,2725.0,0.0,2860.0,BID
669,1712699250.1215088,4839905.43167559,2725.0,0.0,2860.0,BID
670,1712699260.5687926,4839909.09870896,2727.0,2.5387723981702353e-10,2860.0,BID
671,1712699280.168126,4839909.09870896,2727.0,0.0,2860.0,BID
672,1712699310.1699502,4839909.09870896,2727.0,0.0,2860.0,BID
673,1712699337.9176865,4839912.76574233,2727.0,2.5387706398755617e-10,2860.0,BID
674,1712699340.1123888,4839912.76574233,2727.0,0.0,2860.0,BID
675,1712699349.5075588,4839945.39015733,2727.0,2.258660918884872e-09,2860.0,BID
676,1712699370.1110332,4839945.39015733,2727.0,0.0,2860.0,BID
677,1712699394.697374,4840472.48718931,2727.0,3.64918768261498e-08,2860.0,BID
678,1712699394.7806015,4840525.03245302,2727.0,-3.6378032407362126e-09,2860.0,ASK
679,1712699394.7984796,4840755.58131411,2727.0,-1.5961312871955042e-08,2860.0,ASK
680,1712699394.80448,4840900.75978683,2727.0,-1.005096713295999e-08,2860.0,ASK
681,1712699400.1269128,4840900.75978683,2727.0,-0.0,2860.0,ASK
682,1712699430.1099274,4840900.75978683,2727.0,-0.0,2860.0,ASK
683,1712699440.7172413,4840958.41991608,2727.0,-4.003512540745437e-09,2860.0,ASK
684,1712699441.3370738,4841001.64424931,2727.0,-3.001192720175528e-09,2860.0,ASK
685,1712699441.861173,4841080.36834741,2727.0,-5.466045916006754e-09,2860.0,ASK
686,1712699460.1603506,4841080.36834741,2727.0,-0.0,2860.0,ASK
687,1712699480.4463532,4841147.84611609,2727.0,-4.68502082518002e-09,2860.0,ASK
688,1712699482.1200478,4841202.23759343,2727.0,-3.776431986924415e-09,2860.0,ASK
689,1712699482.2121873,4841405.25428357,2727.0,-1.4095567173728928e-08,2860.0,ASK
690,1712699482.253007,4841487.0991919,2727.0,-5.682539708473695e-09,2860.0,ASK
691,1712699490.16451,4841487.0991919,2727.0,-0.0,2860.0,ASK
692,1712699503.130308,4841491.80358457,2728.0,3.266035746449149e-10,2860.0,BID
693,1712699520.115152,4841491.80358457,2728.0,0.0,2860.0,BID
694,1712699535.6166856,4841819.48367987,2728.0,2.274924791045701e-08,2860.0,BID
695,1712699540.4760704,4842114.37935435,2728.0,2.0473183762737386e-08,2860.0,BID
696,1712699540.5794115,4842114.37935444,2728.0,6.207094327937488e-18,2860.0,BID
697,1712699540.5862677,4842357.04353144,2728.0,1.6847002917636752e-08,2860.0,BID
698,1712699550.1073835,4842357.04353144,2728.0,0.0,2860.0,BID
699,1712699580.161214,4842357.04353144,2728.0,0.0,2860.0,BID
700,1712699581.784153,4842358.87570439,2729.0,1.2717808679274078e-10,2860.0,BID
701,1712699604.9055989,4842371.7009151,2729.0,8.902466118158632e-10,2860.0,BID
702,1712699610.1596606,4842371.7009151,2729.0,0.0,2860.0,BID
703,1712699615.5757332,4842496.98466107,2729.0,-8.696396746145838e-09,2860.0,ASK
704,1712699615.6269665,4842623.48589411,2729.0,-8.780906915587593e-09,2860.0,ASK
705,1712699619.5954323,4842657.25989411,2729.0,-2.3443751735943917e-09,2860.0,ASK
706,1712699625.2956324,4842684.88989411,2729.0,-1.9178979702063994e-09,2860.0,ASK
707,1712699625.4152603,4842872.81680002,2729.0,-1.3044684451413642e-08,2860.0,ASK
708,1712699632.5853908,4842936.94754048,2728.0,-4.451546035344951e-09,2860.0,ASK
709,1712699633.065489,4842973.60443198,2728.0,-2.5444870721432446e-09,2860.0,ASK
710,1712699640.1150022,4842973.60443198,2728.0,-0.0,2860.0,ASK
711,1712699654.5077343,4843006.71943198,2728.0,-2.298369565913149e-09,2860.0,ASK
712,1712699656.9225447,4843106.71143198,2728.0,-6.940014182121907e-09,2860.0,ASK
713,1712699670.109198,4843106.71143198,2728.0,-0.0,2860.0,ASK
714,1712699700.140741,4843106.71143198,2728.0,-0.0,2860.0,ASK
715,1712699730.1277394,4843106.71143198,2728.0,-0.0,2860.0,ASK
716,1712699752.985373,4843520.3054569,2728.0,-2.8773601756161772e-08,2860.0,ASK
717,1712699752.9915907,4844059.87123548,2728.0,-3.75374156749684e-08,2860.0,ASK
718,1712699752.9977436,4844096.50980768,2728.0,-2.5489335480780542e-09,2860.0,ASK
719,1712699760.132688,4844096.50980768,2728.0,-0.0,2860.0,ASK
720,1712699770.0046775,4844102.581922,2728.0,4.2235567829916996e-10,2860.0,BID
721,1712699790.1162355,4844102.581922,2728.0,0.0,2860.0,BID
722,1712699815.154379,4846106.711431,2728.0,1.3940029094084458e-07,2860.0,BID
723,1712699815.2643604,4846106.71143198,2728.0,6.814810241384848e-17,2860.0,BID
724,1712699817.964305,4846123.61857098,2730.0,1.1760018925576615e-09,2860.0,BID
725,1712699820.1672149,4846123.61857098,2730.0,0.0,2860.0,BID
726,1712699820.7638,4846123.61857163,2730.0,4.519880290108665e-17,2860.0,BID
727,1712699827.2150228,4846127.27755443,2733.0,2.544085764721466e-10,2860.0,BID
728,1712699850.1594229,4846127.27755443,2733.0,0.0,2860.0,BID
729,1712699880.1150255,4846127.27755443,2733.0,0.0,2860.0,BID
730,1712699910.108041,4846127.27755443,2733.0,0.0,2860.0,BID
731,1712699940.1644115,4846127.27755443,2733.0,0.0,2860.0,BID
732,1712699970.1703322,4846127.27755443,2733.0,0.0,2860.0,BID
733,1712699979.6470895,4846200.37564206,2733.0,5.082496557488454e-09,2860.0,BID
734,1712699991.403632,4846207.01264206,2733.0,-4.614693864936167e-10,2860.0,ASK
735,1712700000.148701,4846207.01264206,2733.0,-0.0,2860.0,ASK
736,1712700005.1736808,4846207.03789105,2733.0,-1.7585068698366517e-12,2860.0,ASK
737,1712700017.263738,4846284.34389398,2732.0,-5.38410210165771e-09,2860.0,ASK
738,1712700023.7652292,4846286.46660398,2733.0,1.4783958480537564e-10,2860.0,BID
739,1712700023.7715888,4846302.63289277,2734.0,1.1259274331624732e-09,2860.0,BID
740,1712700030.1177535,4846302.63289277,2734.0,0.0,2860.0,BID
741,1712700060.1591165,4846302.63289277,2734.0,0.0,2860.0,BID
742,1712700090.1601882,4846302.63289277,2734.0,0.0,2860.0,BID
743,1712700114.763312,4846320.92111515,2733.0,1.2736897669244178e-09,2860.0,BID
744,1712700120.109571,4846320.92111515,2733.0,0.0,2860.0,BID
745,1712700150.1030352,4846320.92111515,2733.0,0.0,2860.0,BID
746,1712700180.170005,4846320.92111515,2733.0,0.0,2860.0,BID
747,1712700210.159525,4846320.92111515,2733.0,0.0,2860.0,BID
748,1712700211.1430025,4846324.58411816,2730.0,-2.551102624054397e-10,2860.0,ASK
749,1712700211.1492012,4846331.79464715,2730.0,-5.02178113746339e-10,2860.0,ASK
750,1712700217.9698117,4846331.79464787,2730.0,-5.0138377726560336e-17,2860.0,ASK
751,1712700222.5229323,4846335.45765153,2730.0,2.551103076791625e-10,2860.0,BID
752,1712700236.3431325,4846368.42468378,2730.0,2.2959927205956364e-09,2860.0,BID
753,1712700240.1220086,4846368.42468378,2730.0,0.0,2860.0,BID
754,1712700240.2967744,4846372.08768816,2730.0,-2.5510805364003647e-10,2860.0,ASK
755,1712700242.5029645,4846634.00246369,2728.0,-1.8240919660082544e-08,2860.0,ASK
756,1712700242.922763,4847752.58456458,2730.0,7.790307436552739e-08,2860.0,BID
757,1712700243.0031114,4847960.57563551,2730.0,1.4485431023017381e-08,2860.0,BID
758,1712700243.0095067,4848360.57563551,2730.0,2.7857794006740682e-08,2860.0,BID
759,1712700248.0630703,4848397.20567151,2730.0,2.551079993380045e-09,2860.0,BID
760,1712700270.1001365,4848397.20567151,2730.0,0.0,2860.0,BID
761,1712700273.8525927,4848397.20567214,2730.0,4.389429291219437e-17,2860.0,BID
762,1712700275.5427415,4848430.17067214,2730.0,-2.294945300744973e-09,2860.0,ASK
763,1712700287.0026178,4848430.17270447,2730.0,-1.4148602393560524e-13,2860.0,ASK
764,1712700300.1543956,4848430.17270447,2730.0,-0.0,2860.0,ASK
765,1712700311.8327472,4848719.17497935,2730.0,2.0146068022728583e-08,2860.0,BID
766,1712700322.5628746,4849189.17497935,2730.0,-3.276324373099987e-08,2860.0,ASK
767,1712700322.6926897,4849430.17270447,2730.0,-1.6799717461164892e-08,2860.0,ASK
768,1712700330.166036,4849430.17270447,2730.0,-0.0,2860.0,ASK
769,1712700330.917102,4849800.17270447,2728.0,-2.578743331525792e-08,2860.0,ASK
770,1712700330.932503,4850455.17270447,2728.0,-4.5650726544578216e-08,2860.0,ASK
771,1712700330.9530091,4850970.17270447,2728.0,-3.5893319344210355e-08,2860.0,ASK
772,1712700330.957167,4851320.17270447,2728.0,-2.439351800091965e-08,2860.0,ASK
773,1712700331.1227665,4852095.17270447,2728.0,-5.4014218430607813e-08,2860.0,ASK
774,1712700334.773266,4852827.24073172,2728.0,-5.102204171602666e-08,2860.0,ASK
775,1712700335.292796,4852907.24073172,2730.0,5.575661257353064e-09,2860.0,BID
776,1712700335.2980757,4855902.10876727,2728.0,2.0872962095878122e-07,2860.0,BID
777,1712700335.3032646,4856856.54476102,2730.0,6.652014741216482e-08,2860.0,BID
778,1712700335.3326344,4856878.54696124,2727.0,-1.5334601917744195e-09,2860.0,ASK
779,1712700335.3391888,4857401.53751673,2727.0,-3.645022722761497e-08,2860.0,ASK
780,1712700345.1027634,4858401.53751673,2727.0,6.96957657169133e-08,2860.0,BID
781,1712700350.3828926,4859362.49969897,2727.0,6.697499511618695e-08,2860.0,BID
782,1712700360.1066215,4859362.49969897,2727.0,0.0,2860.0,BID
783,1712700390.107401,4859362.49969897,2727.0,0.0,2860.0,BID
784,1712700405.56279,4860342.98079009,2727.0,-6.820657888424705e-08,2860.0,ASK
785,1712700413.872619,4860833.22133565,2727.0,-3.410328944215591e-08,2860.0,ASK
786,1712700417.7825603,4860951.08298464,2727.0,-8.198974903297623e-09,2860.0,ASK
787,1712700420.1547103,4860951.08298464,2727.0,-0.0,2860.0,ASK
788,1712700421.522251,4861134.16610438,2731.0,1.273223043312919e-08,2860.0,BID
789,1712700450.164595,4861134.16610438,2731.0,0.0,2860.0,BID
790,1712700480.1102655,4861134.16610438,2731.0,0.0,2860.0,BID
791,1712700482.412116,4861152.45510317,2727.0,-1.271835714099987e-09,2860.0,ASK
792,1712700487.9725082,4861397.57537595,2731.0,-1.7045914910352172e-08,2860.0,ASK
793,1712700510.1145442,4861397.57537595,2731.0,-0.0,2860.0,ASK
794,1712700526.8524537,4861470.80862384,2736.0,5.092460362001138e-09,2860.0,BID
795,1712700537.8419478,4861580.45774664,2736.0,7.624730947664373e-09,2860.0,BID
796,1712700539.252402,4861580.45774752,2736.0,6.119998284029595e-17,2860.0,BID
797,1712700539.2590532,4861685.91490052,2736.0,7.333231653842816e-09,2860.0,BID
798,1712700540.1644,4861685.91490052,2736.0,0.0,2860.0,BID
799,1712700570.1651504,4861685.91490052,2736.0,0.0,2860.0,BID
800,1712700600.1243982,4861685.91490052,2736.0,0.0,2860.0,BID
801,1712700630.107162,4861685.91490052,2736.0,0.0,2860.0,BID
802,1712700660.1670728,4861685.91490052,2736.0,0.0,2860.0,BID
803,1712700677.6520395,4861688.91490052,2733.0,-2.0882540670021644e-10,2860.0,ASK
804,1712700677.658677,4861761.20295852,2732.0,-5.031861037117713e-09,2860.0,ASK
805,1712700677.6717384,4862237.6888298,2732.0,-3.3167451952355496e-08,2860.0,ASK
806,1712700690.1538515,4862237.6888298,2732.0,-0.0,2860.0,ASK
807,1712700690.7218902,4862327.6888298,2733.0,6.264104900693459e-09,2860.0,BID
1008,1712700697.5418096,4862335.65635632,2733.0,5.545491324252961e-10,2860.0,BID
808,1712700697.5418096,4862335.65635632,2733.0,5.54549132425296e-10,2860.0,BID
809,1712700706.9319055,4862341.63101786,2733.0,4.1584340704669356e-10,2860.0,BID
810,1712700713.7518706,4862346.11125935,2733.0,3.11830029680807e-10,2860.0,BID
811,1712700719.782365,4862349.47093735,2733.0,2.338375047319801e-10,2860.0,BID
812,1712700720.1084616,4862349.47093735,2733.0,0.0,2860.0,BID
813,1712700725.242742,4862351.99023848,2733.0,1.7534256674074562e-10,2860.0,BID
814,1712700744.543395,4862509.13380799,2732.0,-1.0937143040072288e-08,2860.0,ASK
815,1712700744.546522,4862766.99023848,2732.0,-1.794672650544951e-08,2860.0,ASK
816,1712700744.6859806,4863430.45117116,2732.0,-4.61766723567811e-08,2860.0,ASK
817,1712700746.6517987,4865684.72864611,2731.0,-1.5689700362859288e-07,2860.0,ASK
818,1712700746.658422,4865702.12758422,2731.0,-1.2109606231390007e-09,2860.0,ASK
819,1712700748.5416093,4865771.62758421,2730.0,-4.837178152091236e-09,2860.0,ASK
820,1712700750.1022625,4865771.62758421,2730.0,-0.0,2860.0,ASK
821,1712700780.165053,4865771.62758421,2730.0,-0.0,2860.0,ASK
822,1712700802.6215272,4865782.60855053,2732.0,7.637749356376384e-10,2860.0,BID
823,1712700810.1616051,4865782.60855053,2732.0,0.0,2860.0,BID
824,1712700840.113674,4865782.60855053,2732.0,0.0,2860.0,BID
825,1712700870.107716,4865782.60855053,2732.0,0.0,2860.0,BID
826,1712700900.1330087,4865782.60855053,2732.0,0.0,2860.0,BID
827,1712700912.7419596,4865855.81499269,2732.0,5.111585881180094e-09,2860.0,BID
828,1712700929.482199,4866260.81499269,2730.0,-2.8278826572916696e-08,2860.0,ASK
829,1712700929.5017846,4866655.81499269,2730.0,-2.7580583941486653e-08,2860.0,ASK
830,1712700929.604412,4867640.81499269,2730.0,-6.877689919585912e-08,2860.0,ASK
831,1712700929.6098351,4868005.81499269,2730.0,-2.5485856047196528e-08,2860.0,ASK
832,1712700929.621689,4868665.81499269,2730.0,-4.608401367438276e-08,2860.0,ASK
833,1712700929.6689022,4868702.44502932,2730.0,-2.557665316572598e-09,2860.0,ASK
834,1712700929.6719227,4869196.44472636,2730.0,-3.44931648386738e-08,2860.0,ASK
835,1712700930.0970476,4869196.44472636,2730.0,-0.0,2860.0,ASK
836,1712700960.1647542,4869196.44472636,2730.0,-0.0,2860.0,ASK
837,1712700980.4220934,4869223.06072636,2729.0,-1.857233980777041e-09,2860.0,ASK
838,1712700982.8124895,4869364.24958831,2729.0,-9.851996998639553e-09,2860.0,ASK
839,1712700982.8521032,4869470.57066025,2729.0,-7.418962566787449e-09,2860.0,ASK
840,1712700982.87246,4869551.12347536,2729.0,-5.620883132943338e-09,2860.0,ASK
841,1712700985.4295652,4869554.42138669,2729.0,-2.30124473542639e-10,2860.0,ASK
842,1712700990.177454,4869554.42138669,2729.0,-0.0,2860.0,ASK
843,1712701008.4880557,4869643.19957593,2729.0,-6.194418051747121e-09,2860.0,ASK
844,1712701008.5357423,4869708.70901827,2729.0,-4.5708622316175975e-09,2860.0,ASK
845,1712701008.5388114,4869774.08654162,2729.0,-4.561657703179022e-09,2860.0,ASK
846,1712701008.5634756,4869861.43418822,2729.0,-6.094603229759081e-09,2860.0,ASK
847,1712701012.06621,4869898.22418822,2729.0,-2.566989055249479e-09,2860.0,ASK
848,1712701020.1106672,4869898.22418822,2729.0,-0.0,2860.0,ASK
849,1712701050.1046653,4869898.22418822,2729.0,-0.0,2860.0,ASK
850,1712701056.1525967,4869996.12220874,2728.0,-6.830298907226341e-09,2860.0,ASK
851,1712701056.1587036,4870236.96122794,2727.0,-1.680322524325691e-08,2860.0,ASK
852,1712701056.1639426,4870563.34227632,2728.0,-2.2771452438438952e-08,2860.0,ASK
853,1712701080.165734,4870563.34227632,2728.0,-0.0,2860.0,ASK
854,1712701110.1629255,4870563.34227632,2728.0,-0.0,2860.0,ASK
855,1712701140.1128476,4870563.34227632,2728.0,-0.0,2860.0,ASK
856,1712701163.2929027,4870895.90132037,2730.0,-2.31995517886224e-08,2860.0,ASK
857,1712701170.1106882,4870895.90132037,2730.0,-0.0,2860.0,ASK
858,1712701200.1328635,4870895.90132037,2730.0,-0.0,2860.0,ASK
859,1712701230.0999217,4870895.90132037,2730.0,-0.0,2860.0,ASK
860,1712701250.5732307,4870899.56432403,2735.0,2.556515158983056e-10,2860.0,BID
861,1712701260.1630623,4870899.56432403,2735.0,0.0,2860.0,BID
862,1712701290.1677651,4870899.56432403,2735.0,0.0,2860.0,BID
863,1712701320.1133878,4870899.56432403,2735.0,0.0,2860.0,BID
864,1712701350.113481,4870899.56432403,2735.0,0.0,2860.0,BID
865,1712701380.1873417,4870899.56432403,2735.0,0.0,2860.0,BID
866,1712701403.1587,4871589.72260409,2729.0,-4.816808923105748e-08,2860.0,ASK
867,1712701403.162516,4871600.08971807,2729.0,-7.235500691099985e-10,2860.0,ASK
868,1712701410.163375,4871600.08971807,2729.0,-0.0,2860.0,ASK
869,1712701440.1116326,4871600.08971807,2729.0,-0.0,2860.0,ASK
870,1712701470.107184,4871600.08971807,2729.0,-0.0,2860.0,ASK
871,1712701500.1567383,4871600.08971807,2729.0,-0.0,2860.0,ASK
872,1712701530.1590424,4871600.08971807,2729.0,-0.0,2860.0,ASK
873,1712701554.893569,4871603.74736254,2734.0,-2.5623464604845025e-10,2860.0,ASK
874,1712701554.900833,4872698.59067112,2730.0,-7.66987578854236e-08,2860.0,ASK
875,1712701560.1098409,4872698.59067112,2730.0,-0.0,2860.0,ASK
876,1712701590.1066256,4872698.59067112,2730.0,-0.0,2860.0,ASK
877,1712701620.1683593,4872698.59067112,2730.0,-0.0,2860.0,ASK
878,1712701628.6337786,4872751.5018915,2730.0,-3.705893294194079e-09,2860.0,ASK
879,1712701650.158643,4872751.5018915,2730.0,-0.0,2860.0,ASK
880,1712701680.1172314,4872751.5018915,2730.0,-0.0,2860.0,ASK
881,1712701710.110822,4872751.5018915,2730.0,-0.0,2860.0,ASK
882,1712701740.1653016,4872751.5018915,2730.0,-0.0,2860.0,ASK
883,1712701746.243848,4872753.32804197,2738.0,1.27901988718674e-10,2860.0,BID
884,1712701770.1653008,4872753.32804197,2738.0,0.0,2860.0,BID
885,1712701800.14622,4872753.32804197,2738.0,0.0,2860.0,BID
886,1712701807.3739023,4872764.32510942,2731.0,-7.73086607471022e-10,2860.0,ASK
887,1712701812.7742076,4872769.80957011,2735.0,3.8555397861775496e-10,2860.0,BID
888,1712701812.873742,4872775.2940308,2735.0,3.8555397861775496e-10,2860.0,BID
889,1712701830.111858,4872775.2940308,2735.0,0.0,2860.0,BID
890,1712701860.1691258,4872775.2940308,2735.0,0.0,2860.0,BID
891,1712701890.1570952,4872775.2940308,2735.0,0.0,2860.0,BID
892,1712701920.1122315,4872775.2940308,2735.0,0.0,2860.0,BID
893,1712701950.1169124,4872775.2940308,2735.0,0.0,2860.0,BID
894,1712701980.1080506,4872775.2940308,2735.0,0.0,2860.0,BID
895,1712702010.1184063,4872775.2940308,2735.0,0.0,2860.0,BID
896,1712702023.0736752,4873140.0367948,2735.0,2.564106815461012e-08,2860.0,BID
1097,1712702023.1938574,4873140.03679528,2735.0,3.371761033474796e-17,2860.0,BID
897,1712702023.1938574,4873140.03679528,2735.0,3.3717610334747956e-17,2860.0,BID
898,1712702035.553654,4873324.13105153,2735.0,-1.2941650492579125e-08,2860.0,ASK
899,1712702040.1574876,4873324.13105153,2735.0,-0.0,2860.0,ASK
900,1712702068.2737749,4873335.12408927,2732.0,-7.727185198770414e-10,2860.0,ASK
901,1712702070.166231,4873335.12408927,2732.0,-0.0,2860.0,ASK
902,1712702100.1307251,4873335.12408927,2732.0,-0.0,2860.0,ASK
903,1712702130.111122,4873335.12408927,2732.0,-0.0,2860.0,ASK
904,1712702160.1675546,4873335.12408927,2732.0,-0.0,2860.0,ASK
905,1712702190.1577172,4873335.12408927,2732.0,-0.0,2860.0,ASK
906,1712702220.1234703,4873335.12408927,2732.0,-0.0,2860.0,ASK
907,1712702250.107217,4873335.12408927,2732.0,-0.0,2860.0,ASK
908,1712702266.853923,4875006.61045127,2736.0,1.1782337201060073e-07,2860.0,BID
909,1712702266.8637683,4875006.61045135,2736.0,5.645822128872362e-18,2860.0,BID
1109,1712702266.8637683,4875006.61045135,2736.0,5.6458221288723624e-18,2860.0,BID
910,1712702267.6836836,4875262.61045135,2739.0,1.8045485694913413e-08,2860.0,BID
911,1712702278.153874,4875284.50826157,2740.0,1.543580551058969e-09,2860.0,BID
912,1712702278.1636517,4875733.04159435,2740.0,3.1617194688958554e-08,2860.0,BID
913,1712702278.2338293,4875733.0415952,2740.0,5.993762329837752e-17,2860.0,BID
914,1712702280.157282,4875733.0415952,2740.0,0.0,2860.0,BID
915,1712702310.1586237,4875733.0415952,2740.0,0.0,2860.0,BID
916,1712702340.1101203,4875733.0415952,2740.0,0.0,2860.0,BID
917,1712702370.1211762,4875733.0415952,2740.0,0.0,2860.0,BID
918,1712702400.1299636,4875733.0415952,2740.0,0.0,2860.0,BID
919,1712702430.115168,4875733.0415952,2740.0,0.0,2860.0,BID
920,1712702460.1583202,4875733.0415952,2740.0,0.0,2860.0,BID
921,1712702490.1569726,4875733.0415952,2740.0,0.0,2860.0,BID
922,1712702520.114571,4875733.0415952,2740.0,0.0,2860.0,BID
923,1712702550.1133144,4875733.0415952,2740.0,0.0,2860.0,BID
924,1712702574.2739856,4875757.74118648,2741.0,-1.744156557451761e-09,2860.0,ASK
925,1712702580.1616557,4875757.74118648,2741.0,-0.0,2860.0,ASK
926,1712702610.1662898,4875757.74118648,2741.0,-0.0,2860.0,ASK
927,1712702623.9136293,4876071.81415606,2745.0,2.2178092113570963e-08,2860.0,BID
928,1712702623.9196324,4876385.51228728,2743.0,2.2151623106384904e-08,2860.0,BID
929,1712702623.9253993,4880053.32020151,2745.0,2.59000263172729e-07,2860.0,BID
930,1712702640.102117,4880053.32020151,2745.0,0.0,2860.0,BID
931,1712702650.313466,4880056.96318875,2745.0,2.5703355951551636e-10,2860.0,BID
932,1712702670.1149588,4880056.96318875,2745.0,0.0,2860.0,BID
933,1712702685.353366,4880059.46348875,2744.0,1.76410322950412e-10,2860.0,BID
934,1712702685.4872267,4880059.46348876,2744.0,-7.2281089367010885e-19,2860.0,ASK
935,1712702685.4930265,4880202.7357835,2744.0,-1.010867167161414e-08,2860.0,ASK
936,1712702696.5336874,4880348.50837825,2744.0,1.0285081995287364e-08,2860.0,BID
937,1712702700.135507,4880348.50837825,2744.0,0.0,2860.0,BID
938,1712702711.8537407,4880494.33411649,2743.0,-1.0302758700246414e-08,2860.0,ASK
939,1712702730.1110165,4880494.33411649,2743.0,-0.0,2860.0,ASK
940,1712702733.8935778,4880534.43619455,2743.0,2.833178578769481e-09,2860.0,BID
941,1712702738.9838593,4880680.10261843,2746.0,1.0291212120172102e-08,2860.0,BID
942,1712702744.4840343,4880712.84684313,2746.0,2.3133523369694763e-09,2860.0,BID
943,1712702744.5435646,4880818.30399613,2746.0,-7.450460457580161e-09,2860.0,ASK
944,1712702744.5662093,4880825.76904231,2746.0,-5.2739932568826e-10,2860.0,ASK
945,1712702752.7740157,4880971.38243874,2747.0,1.0287465774770676e-08,2860.0,BID
946,1712702760.1657395,4880971.38243874,2747.0,0.0,2860.0,BID
947,1712702787.9434264,4880982.37950619,2743.0,-7.76861802236587e-10,2860.0,ASK
948,1712702790.1608672,4880982.37950619,2743.0,-0.0,2860.0,ASK
949,1712702820.104779,4880982.37950619,2743.0,-0.0,2860.0,ASK
950,1712702834.063732,4881022.37950619,2743.0,-2.825699306816376e-09,2860.0,ASK
951,1712702850.0980754,4881022.37950619,2743.0,-0.0,2860.0,ASK
952,1712702880.1637497,4881022.37950619,2743.0,-0.0,2860.0,ASK
953,1712702886.3843417,4881077.10609892,2743.0,-3.865992413631106e-09,2860.0,ASK
954,1712702886.3898065,4881486.48314571,2743.0,-2.8919186783995973e-08,2860.0,ASK
955,1712702886.394661,4881632.30888395,2743.0,-1.0301412341374365e-08,2860.0,ASK
956,1712702887.3437529,4881666.57950006,2743.0,2.4209426401505588e-09,2860.0,BID
957,1712702910.1618054,4881666.57950006,2743.0,0.0,2860.0,BID
958,1712702940.1323297,4881666.57950006,2743.0,0.0,2860.0,BID
959,1712702970.115326,4881666.57950006,2743.0,0.0,2860.0,BID
960,1712703000.1300883,4881666.57950006,2743.0,0.0,2860.0,BID
961,1712703006.5162992,4881928.54421844,2743.0,1.8525711717295684e-08,2860.0,BID
962,1712703006.765175,4881933.79037021,2743.0,3.7099917853759356e-10,2860.0,BID
963,1712703006.7753272,4882365.15208239,2743.0,3.050518701581361e-08,2860.0,BID
964,1712703030.1068618,4882365.15208239,2743.0,0.0,2860.0,BID
965,1712703057.496977,4882613.66886631,2743.0,1.7572314814913793e-08,2860.0,BID
966,1712703060.1586514,4882613.66886631,2743.0,0.0,2860.0,BID
967,1712703073.2974246,4882759.5477868,2742.0,-1.031442110945492e-08,2860.0,ASK
968,1712703073.3050604,4882909.24811209,2742.0,-1.0584614898952754e-08,2860.0,ASK
969,1712703090.170409,4882909.24811209,2742.0,-0.0,2860.0,ASK
970,1712703120.1105592,4882909.24811209,2742.0,-0.0,2860.0,ASK
971,1712703138.0481818,4882912.24811209,2742.0,-2.1210391547664043e-10,2860.0,ASK
972,1712703138.2885218,4882919.3268112,2742.0,-5.004732659093641e-10,2860.0,ASK
973,1712703138.2961402,4882967.94449939,2742.0,-3.437334008854046e-09,2860.0,ASK
974,1712703150.100536,4882967.94449939,2742.0,-0.0,2860.0,ASK
975,1712703180.1688251,4882967.94449939,2742.0,-0.0,2860.0,ASK
976,1712703182.2088234,4883150.29315001,2742.0,-1.2892140892351937e-08,2860.0,ASK
977,1712703210.009567,4883186.76288014,2742.0,-2.578428178931302e-09,2860.0,ASK
978,1712703210.1704984,4883186.76288014,2742.0,-0.0,2860.0,ASK
979,1712703240.1250362,4883186.76288014,2742.0,-0.0,2860.0,ASK
980,1712703242.1702645,4884027.95370053,2742.0,-5.9470089407997534e-08,2860.0,ASK
981,1712703242.1786258,4884210.30235115,2742.0,-1.2891594027060756e-08,2860.0,ASK
982,1712703270.1253629,4884210.30235115,2742.0,-0.0,2860.0,ASK
983,1712703300.1521366,4884210.30235115,2742.0,-0.0,2860.0,ASK
1184,1712703319.4611669,4884308.77062248,2742.0,6.9729263623534175e-09,2860.0,BID
984,1712703319.4611669,4884308.77062248,2742.0,6.972926362353417e-09,2860.0,BID
985,1712703330.177225,4884308.77062248,2742.0,0.0,2860.0,BID
986,1712703339.0544722,4884358.77062248,2742.0,3.5406293570582315e-09,2860.0,BID
987,1712703360.1247234,4884358.77062248,2742.0,0.0,2860.0,BID
988,1712703390.1176624,4884358.77062248,2742.0,0.0,2860.0,BID
989,1712703409.091531,4884358.82743317,2742.0,4.022872886870035e-12,2860.0,BID
990,1712703409.0993016,4884360.61234385,2742.0,1.2639291597846248e-10,2860.0,BID
991,1712703412.1415684,4884971.82743317,2742.0,4.32813015820469e-08,2860.0,BID
992,1712703420.1165664,4884971.82743317,2742.0,0.0,2860.0,BID
993,1712703450.107273,4884971.82743317,2742.0,0.0,2860.0,BID
994,1712703463.103847,4885190.64581392,2743.0,1.5493101003539742e-08,2860.0,BID
995,1712703464.5819683,4885336.38181392,2743.0,-1.0318614734844782e-08,2860.0,ASK
996,1712703466.3119998,4885700.8133008,2744.0,2.5803014425694868e-08,2860.0,BID
997,1712703480.162053,4885700.8133008,2744.0,0.0,2860.0,BID
998,1712703510.1644478,4885700.8133008,2744.0,0.0,2860.0,BID
999,1712703538.752612,4885737.24317329,2745.0,2.578996242915094e-09,2860.0,BID
1000,1712703540.1225908,4885737.24317329,2745.0,0.0,2860.0,BID
1201,1712703543.2429676,4886101.57117329,2744.0,-2.5791852324627345e-08,2860.0,ASK
1202,1712703545.6528366,4886271.1413008,2745.0,1.2004368830891945e-08,2860.0,BID
1203,1712703545.77366,4886465.8698978,2745.0,-1.3785410995563244e-08,2860.0,ASK
1204,1712703545.7761984,4886465.86989824,2745.0,-3.1185395383132705e-17,2860.0,ASK
1205,1712703546.252708,4886504.86989824,2744.0,-2.760924882691327e-09,2860.0,ASK
1206,1712703548.4629576,4886563.85189824,2744.0,-4.175509523858151e-09,2860.0,ASK
1207,1712703570.1183827,4886563.85189824,2744.0,-0.0,2860.0,ASK
1208,1712703590.418408,4886677.85189824,2746.0,8.069099918624865e-09,2860.0,BID
1209,1712703590.4209976,4886928.01795796,2746.0,1.7707148527473835e-08,2860.0,BID
1210,1712703600.2152636,4886928.01795796,2746.0,0.0,2860.0,BID
1211,1712703612.7476354,4887199.18401768,2746.0,1.928515567901748e-08,2860.0,BID
1212,1712703612.7502625,4887292.18401768,2746.0,6.61410015694645e-09,2860.0,BID
1213,1712703614.8131497,4887656.0850366,2747.0,2.588040630488269e-08,2860.0,BID
1214,1712703630.1182702,4887656.0850366,2747.0,0.0,2860.0,BID
1215,1712703638.663326,4888020.38376155,2745.0,2.5905006877410693e-08,2860.0,BID
1216,1712703660.168023,4888020.38376155,2745.0,0.0,2860.0,BID
1217,1712703668.588442,4888070.38376082,2741.0,-3.555209333796869e-09,2860.0,ASK
1218,1712703668.5910769,4888106.85349094,2742.0,-2.5931505363524956e-09,2860.0,ASK
1219,1712703668.5936491,4888760.581116,2741.0,-4.648277176627032e-08,2860.0,ASK
1220,1712703668.595847,4888906.51325755,2741.0,-1.0376386386310161e-08,2860.0,ASK
1221,1712703669.2334187,4888906.51325828,2741.0,-5.191721317171753e-17,2860.0,ASK
1222,1712703674.1519227,4889043.0334864,2740.0,-9.707159927010246e-09,2860.0,ASK
1223,1712703690.1752608,4889043.0334864,2740.0,-0.0,2860.0,ASK
1224,1712703698.2739255,4889044.85830391,2743.0,1.2972631184892724e-10,2860.0,BID
1225,1712703705.6837704,4889055.17074098,2743.0,7.331113492974967e-10,2860.0,BID
1226,1712703720.1236153,4889055.17074098,2743.0,0.0,2860.0,BID
1227,1712703750.1195085,4889055.17074098,2743.0,0.0,2860.0,BID
1228,1712703754.926831,4889108.23087933,2740.0,-3.772037326666576e-09,2860.0,ASK
1229,1712703754.9639382,4889161.70076121,2740.0,-3.801165933123478e-09,2860.0,ASK
1230,1712703757.5141742,4889417.22591833,2740.0,-1.8165245333418416e-08,2860.0,ASK
1231,1712703757.5171506,4890857.40066998,2740.0,-1.0238180843546545e-07,2860.0,ASK
1232,1712703766.5689712,4890926.40737698,2739.0,-4.905676515158839e-09,2860.0,ASK
1233,1712703766.585902,4891174.9241609,2739.0,-1.7667021127171054e-08,2860.0,ASK
1234,1712703780.1676626,4891174.9241609,2739.0,-0.0,2860.0,ASK
1235,1712703790.0642116,4891832.45523739,2739.0,-4.6724494793824456e-08,2860.0,ASK
1236,1712703810.1745756,4891832.45523739,2739.0,-0.0,2860.0,ASK
1237,1712703840.1340606,4891832.45523739,2739.0,-0.0,2860.0,ASK
1238,1712703870.1227698,4891832.45523739,2739.0,-0.0,2860.0,ASK
1239,1712703900.0753117,4892062.62101088,2739.0,-1.6353604745961603e-08,2860.0,ASK
1240,1712703900.1908126,4892062.62101088,2739.0,-0.0,2860.0,ASK
1241,1712703903.0910676,4892228.97405979,2739.0,-1.184363333365275e-08,2860.0,ASK
1242,1712703904.214886,4892334.75243666,2739.0,-7.530972942674464e-09,2860.0,ASK
1243,1712703904.235679,4892936.44590546,2739.0,-4.2838029542563343e-08,2860.0,ASK
1244,1712703904.2378445,4893834.75243666,2738.0,-6.395562477782872e-08,2860.0,ASK
1245,1712703904.334665,4893880.06582354,2738.0,-3.226121449689401e-09,2860.0,ASK
1246,1712703904.336274,4893921.52575139,2738.0,-2.951771468603241e-09,2860.0,ASK
1247,1712703908.484811,4894034.55683247,2738.0,-8.04733480024291e-09,2860.0,ASK
1248,1712703930.1725154,4894034.55683247,2738.0,-0.0,2860.0,ASK
1249,1712703932.3177557,4894093.26298569,2738.0,-4.1780234744414156e-09,2860.0,ASK
1250,1712703934.775168,4894182.94931081,2740.0,6.3828329934919014e-09,2860.0,BID
1251,1712703934.77815,4894450.71125904,2740.0,1.9056191624103785e-08,2860.0,BID
1252,1712703937.5050614,4894845.71125904,2738.0,-2.811152122728996e-08,2860.0,ASK
1253,1712703937.5250647,4894972.67777943,2733.0,-9.03600514705254e-09,2860.0,ASK
1254,1712703937.5279644,4895292.58082337,2738.0,-2.2766990406107923e-08,2860.0,ASK
1255,1712703960.1210802,4895292.58082337,2738.0,-0.0,2860.0,ASK
1256,1712703980.6900191,4895423.63562427,2740.0,9.324675682999746e-09,2860.0,BID
1257,1712703980.6914227,4895657.54432701,2740.0,1.6642830155876073e-08,2860.0,BID
1258,1712703990.116948,4895657.54432701,2740.0,0.0,2860.0,BID
1259,1712704020.1702664,4895657.54432701,2740.0,0.0,2860.0,BID
1260,1712704040.0939384,4895659.54432701,2732.0,-1.4229180780116095e-10,2860.0,ASK
1261,1712704040.165355,4896381.10701601,2732.0,5.133622972982486e-08,2860.0,BID
1262,1712704040.1669872,4897422.95390101,2732.0,7.412313835928814e-08,2860.0,BID
1263,1712704040.1857016,4897579.45950126,2732.0,1.1134732395312365e-08,2860.0,BID
1264,1712704050.1765854,4897579.45950126,2732.0,0.0,2860.0,BID
1265,1712704059.4786265,4897599.1941279,2732.0,-1.4035135485293994e-09,2860.0,ASK
1266,1712704059.4854023,4897630.69286714,2732.0,-2.240169428750015e-09,2860.0,ASK
1267,1712704073.4336536,4897880.05225921,2731.0,-1.7734274461489043e-08,2860.0,ASK
1268,1712704073.4364276,4900077.78044595,2731.0,-1.5630096998543708e-07,2860.0,ASK
1269,1712704073.4387054,4900082.88492779,2732.0,-3.6302736053172877e-10,2860.0,ASK
1270,1712704073.4410455,4900110.7827651,2732.0,-1.9840756734031182e-09,2860.0,ASK
1271,1712704073.442692,4900513.56562851,2731.0,-2.8645649914466363e-08,2860.0,ASK
1272,1712704077.305807,4900777.86786923,2731.0,-1.8796999939802145e-08,2860.0,ASK
1273,1712704077.4255557,4901955.00200823,2731.0,8.37169986892751e-08,2860.0,BID
1274,1712704080.12306,4901955.00200823,2731.0,0.0,2860.0,BID
1275,1712704080.2411246,4901955.00200919,2731.0,6.816416508548572e-17,2860.0,BID
1276,1712704082.9455993,4902258.26197166,2731.0,-2.154933346505661e-08,2860.0,ASK
1277,1712704083.089861,4902865.62568666,2731.0,4.315862576288288e-08,2860.0,BID
1278,1712704083.091341,4903396.43838988,2731.0,3.771899150808918e-08,2860.0,BID
1279,1712704103.5657194,4905521.2972766,2730.0,-1.509902340656666e-07,2860.0,ASK
1280,1712704110.1223524,4905521.2972766,2730.0,-0.0,2860.0,ASK
1281,1712704140.1511085,4905521.2972766,2730.0,-0.0,2860.0,ASK
1282,1712704170.117217,4905521.2972766,2730.0,-0.0,2860.0,ASK
1283,1712704200.140447,4905521.2972766,2730.0,-0.0,2860.0,ASK
1284,1712704201.2760217,4905522.02987733,2735.0,5.226039910248662e-11,2860.0,BID
1285,1712704222.8964715,4905658.2518523,2735.0,9.717455208245492e-09,2860.0,BID
1286,1712704222.8996322,4909637.80162309,2735.0,2.838829539448271e-07,2860.0,BID
1287,1712704222.9062028,4909690.34973933,2735.0,3.74854325779815e-09,2860.0,BID
1288,1712704230.125453,4909690.34973933,2735.0,0.0,2860.0,BID
1289,1712704260.1673596,4909690.34973933,2735.0,0.0,2860.0,BID
1290,1712704290.1767805,4909690.34973933,2735.0,0.0,2860.0,BID
1291,1712704320.1262407,4909690.34973933,2735.0,0.0,2860.0,BID
1292,1712704350.130423,4909690.34973933,2735.0,0.0,2860.0,BID
1293,1712704353.7388244,4910075.34973933,2731.0,-2.74418253691908e-08,2860.0,ASK
1294,1712704353.816408,4910800.34973933,2731.0,-5.1676164656268374e-08,2860.0,ASK
1295,1712704353.8365197,4911190.34973933,2731.0,-2.7798212711647817e-08,2860.0,ASK
1296,1712704353.8396966,4911369.79051933,2731.0,-1.2790084542510944e-08,2860.0,ASK
1297,1712704353.8564146,4912478.61938833,2731.0,-7.903451477251287e-08,2860.0,ASK
1298,1712704353.9364526,4913690.34973933,2731.0,-8.636907191348783e-08,2860.0,ASK
1299,1712704359.1568954,4914772.79886943,2730.0,-7.715423376426524e-08,2860.0,ASK
1300,1712704359.159439,4914774.79886943,2730.0,-1.4255493698280931e-10,2860.0,ASK
1301,1712704359.1619074,4914866.373961,2730.0,-6.5272407039556795e-09,2860.0,ASK
1302,1712704359.2168632,4915570.49748382,2729.0,-5.018814221185592e-08,2860.0,ASK
1303,1712704359.2198792,4916303.36666667,2729.0,-5.2237060088929055e-08,2860.0,ASK
1304,1712704380.176911,4916303.36666667,2729.0,-0.0,2860.0,ASK
1305,1712704410.1795635,4916303.36666667,2729.0,-0.0,2860.0,ASK
1306,1712704426.5568354,4916482.00189353,2728.0,-1.2716300963073838e-08,2860.0,ASK
1307,1712704440.126017,4916482.00189353,2728.0,-0.0,2860.0,ASK
1308,1712704470.1151674,4916482.00189353,2728.0,-0.0,2860.0,ASK
1309,1712704500.1567469,4916482.00189353,2728.0,-0.0,2860.0,ASK
1310,1712704518.8295653,4916517.00189353,2728.0,-2.502941226878417e-09,2860.0,ASK
1311,1712704530.124914,4916517.00189353,2728.0,-0.0,2860.0,ASK
1312,1712704530.4490788,4916669.80125809,2728.0,-1.0927006218678904e-08,2860.0,ASK
1313,1712704560.190708,4916669.80125809,2728.0,-0.0,2860.0,ASK
1314,1712704563.8772,4916704.80125809,2727.0,-2.502849529729493e-09,2860.0,ASK
1315,1712704565.1976104,4917017.73033718,2727.0,-2.2377554241134385e-08,2860.0,ASK
1316,1712704565.2005625,4917019.65083709,2727.0,-1.3733492273602838e-10,2860.0,ASK
1317,1712704565.2070916,4917019.65083718,2727.0,-6.460089885330648e-18,2860.0,ASK
1318,1712704567.0572157,4917426.35930288,2726.0,-2.9083716917552665e-08,2860.0,ASK
1319,1712704577.257476,4917558.09218143,2726.0,-9.420216375104837e-09,2860.0,ASK
1320,1712704577.2609863,4917833.72830288,2726.0,-1.9710735341359266e-08,2860.0,ASK
1321,1712704590.1782668,4917833.72830288,2726.0,-0.0,2860.0,ASK
1322,1712704620.1221387,4917833.72830288,2726.0,-0.0,2860.0,ASK
1323,1712704629.3275645,4917868.72830288,2726.0,-2.502281720568982e-09,2860.0,ASK
1324,1712704633.3775668,4917903.72830288,2726.0,-2.502281720568982e-09,2860.0,ASK
1325,1712704634.8796048,4917960.0280094,2726.0,-4.025077899924195e-09,2860.0,ASK
1326,1712704634.8812084,4918249.42463488,2726.0,-2.0690053883842563e-08,2860.0,ASK
1327,1712704634.8874545,4918249.42463537,2726.0,-3.502305557204369e-17,2860.0,ASK
1328,1712704650.1355546,4918249.42463537,2726.0,-0.0,2860.0,ASK
1329,1712704652.2889886,4918642.81202523,2724.0,-2.812246662619505e-08,2860.0,ASK
1330,1712704652.2906425,4918652.81202523,2725.0,-7.148797178322133e-10,2860.0,ASK
1331,1712704652.2922063,4918844.42463537,2724.0,-1.369799686698942e-08,2860.0,ASK
1332,1712704652.295207,4919749.42463537,2724.0,-6.46966144638153e-08,2860.0,ASK
1333,1712704652.3476057,4920353.85321937,2724.0,-4.3209373557971264e-08,2860.0,ASK
1334,1712704652.3975797,4920356.42296973,2724.0,-1.8370624117426715e-10,2860.0,ASK
1335,1712704652.3991642,4920490.91775209,2724.0,-9.614759206361518e-09,2860.0,ASK
1336,1712704680.1808689,4920490.91775209,2724.0,-0.0,2860.0,ASK
1337,1712704709.13768,4920540.91775209,2722.0,-3.5728390666276397e-09,2860.0,ASK
1338,1712704710.1827388,4920540.91775209,2722.0,-0.0,2860.0,ASK
1339,1712704712.7480164,4920558.94002331,2721.0,-1.287800969448363e-09,2860.0,ASK
1340,1712704712.7515805,4920781.02976408,2721.0,-1.5869663705735673e-08,2860.0,ASK
1341,1712704717.6935034,4920805.52783535,2722.0,1.750536297313144e-09,2860.0,BID
1342,1712704740.119998,4920805.52783535,2722.0,0.0,2860.0,BID
1343,1712704749.597942,4920806.29920803,2722.0,5.511643714652812e-11,2860.0,BID
1344,1712704749.6014032,4920864.51754879,2722.0,4.1598407620315805e-09,2860.0,BID
1345,1712704754.0177429,4922452.80324491,2721.0,-1.1348684098877928e-07,2860.0,ASK
1346,1712704770.1352255,4922452.80324491,2721.0,-0.0,2860.0,ASK
1347,1712704774.4279084,4922625.73881393,2721.0,-1.2352706995063934e-08,2860.0,ASK
1348,1712704774.6881945,4922764.17809162,2721.0,-9.888653002980661e-09,2860.0,ASK
1349,1712704774.6916442,4922801.36812209,2721.0,-2.656466521788042e-09,2860.0,ASK
1350,1712704778.9179664,4923067.043466,2721.0,-1.897706583864552e-08,2860.0,ASK
1351,1712704778.9216034,4923331.74934833,2720.0,-1.8907817650397184e-08,2860.0,ASK
1352,1712704778.9246445,4923335.74934833,2717.0,-2.857181334080831e-10,2860.0,ASK
1353,1712704778.9279227,4923393.74934833,2718.0,-4.142912934417204e-09,2860.0,ASK
1354,1712704778.9306412,4923624.34264976,2717.0,-1.6471171915204853e-08,2860.0,ASK
1355,1712704778.9324243,4923792.39758396,2720.0,-1.2004085527403372e-08,2860.0,ASK
1356,1712704778.934034,4923796.37941062,2719.0,-2.8442002022838604e-10,2860.0,ASK
1357,1712704778.9356582,4924598.48822632,2717.0,-5.7294258402979895e-08,2860.0,ASK
1358,1712704800.142388,4924598.48822632,2717.0,-0.0,2860.0,ASK
1359,1712704820.6879756,4926262.08300235,2717.0,1.1913246541535285e-07,2860.0,BID
1360,1712704821.007737,4926279.39890235,2717.0,1.2400170327448535e-09,2860.0,BID
1361,1712704821.630941,4926290.44049234,2717.0,7.907044771945852e-10,2860.0,BID
1362,1712704830.121091,4926290.44049234,2717.0,0.0,2860.0,BID
1363,1712704831.968137,4926368.61097019,2716.0,-5.596060511097245e-09,2860.0,ASK
1364,1712704832.008092,4926448.39963084,2716.0,-5.711902822925418e-09,2860.0,ASK
1365,1712704832.028011,4926658.62900485,2716.0,-1.5049879833621375e-08,2860.0,ASK
1366,1712704840.2379277,4926664.10706889,2717.0,-3.921631118719536e-10,2860.0,ASK
1367,1712704860.2021675,4926664.10706889,2717.0,-0.0,2860.0,ASK
1368,1712704863.0112703,4926668.54543413,2716.0,3.1771017335550625e-10,2860.0,BID
1369,1712704864.4782808,4926670.54543413,2715.0,-1.4316540263545002e-10,2860.0,ASK
1370,1712704864.481982,4926775.47906212,2715.0,-7.511432550598768e-09,2860.0,ASK
1371,1712704890.182547,4926775.47906212,2715.0,-0.0,2860.0,ASK
1372,1712704920.126588,4926775.47906212,2715.0,-0.0,2860.0,ASK
1373,1712704933.148079,4926791.74004222,2714.0,-1.163979687095037e-09,2860.0,ASK
1374,1712704933.1510508,4930643.94111076,2714.0,-2.7574498996779417e-07,2860.0,ASK
1375,1712704933.1580029,4930754.47906212,2714.0,-7.912433890814782e-09,2860.0,ASK
1376,1712704947.1676438,4930757.56802212,2714.0,-2.2111131503409384e-10,2860.0,ASK
1377,1712704947.1706529,4932179.4288909,2714.0,-1.0177843887725993e-07,2860.0,ASK
1378,1712704947.8275812,4932216.26130342,2714.0,2.636506516723144e-09,2860.0,BID
1379,1712704950.128755,4932216.26130342,2714.0,0.0,2860.0,BID
1380,1712704960.4374013,4932220.01918866,2714.0,2.687097314766273e-10,2860.0,BID
1381,1712704960.8972526,4932772.34140632,2714.0,3.949411579031486e-08,2860.0,BID
1382,1712704976.496838,4932845.57465421,2713.0,-5.236585238463496e-09,2860.0,ASK
1383,1712704980.1871982,4932845.57465421,2713.0,-0.0,2860.0,ASK
1384,1712704983.7866976,4932848.71668442,2714.0,2.2464523119741667e-10,2860.0,BID
1385,1712705010.1778188,4932848.71668442,2714.0,0.0,2860.0,BID
1386,1712705039.9168866,4932948.71668442,2714.0,7.149679642450922e-09,2860.0,BID
1387,1712705040.124684,4932948.71668442,2714.0,0.0,2860.0,BID
1388,1712705062.754722,4933803.67236016,2713.0,-6.112540580894668e-08,2860.0,ASK
1389,1712705065.207476,4935074.79467263,2713.0,-9.087940976025748e-08,2860.0,ASK
1390,1712705065.211295,4935755.54025167,2713.0,-4.86701836740862e-08,2860.0,ASK
1391,1712705069.3747633,4935759.2275673,2712.0,-2.6362613947398873e-10,2860.0,ASK
1392,1712705069.378435,4936759.2275673,2712.0,-7.14954091111076e-08,2860.0,ASK
1393,1712705070.1133246,4936759.2275673,2712.0,-0.0,2860.0,ASK
1394,1712705070.485359,4937394.18090861,2712.0,4.5362723955316e-08,2860.0,BID
1395,1712705073.1690109,4937504.84118157,2711.0,-7.905858727715594e-09,2860.0,ASK
1396,1712705073.1751652,4938877.53709766,2711.0,-9.806897903352361e-08,2860.0,ASK
1397,1712705073.3344488,4938888.60312496,2711.0,7.905858730909325e-10,2860.0,BID
1398,1712705076.524515,4938919.23825411,2710.0,-2.188653585317158e-09,2860.0,ASK
1399,1712705076.528496,4939189.12821386,2710.0,-1.9281643147483407e-08,2860.0,ASK
1400,1712705076.532314,4940229.16428577,2710.0,-7.430289151054106e-08,2860.0,ASK
1401,1712705076.9045131,4940233.36528577,2710.0,3.0013040479324504e-10,2860.0,BID
1402,1712705079.749123,4941233.36528577,2709.0,-7.144261003766423e-08,2860.0,ASK
1403,1712705079.7510197,4941381.02124737,2709.0,-1.0548927284334576e-08,2860.0,ASK
1404,1712705079.8205595,4941452.41904637,2709.0,5.100845111514821e-09,2860.0,BID
1405,1712705079.822359,4941452.4190472,2709.0,5.928367892611663e-17,2860.0,BID
1406,1712705081.3207452,4941576.5126472,2714.0,8.865570672988095e-09,2860.0,BID
1407,1712705086.386649,4941582.67088761,2714.0,4.3996076809894887e-10,2860.0,BID
1408,1712705086.3886187,4941665.0082472,2714.0,5.882395872751873e-09,2860.0,BID
1409,1712705100.1771183,4941665.0082472,2714.0,0.0,2860.0,BID
1410,1712705127.39382,4941728.1078782,2710.0,-4.514775420619925e-09,2860.0,ASK
1411,1712705127.3979852,4941765.0082472,2710.0,-2.64021954387419e-09,2860.0,ASK
1412,1712705130.1848536,4941765.0082472,2710.0,-0.0,2860.0,ASK
1413,1712705132.264133,4941770.49270789,2710.0,-3.9240527745076874e-10,2860.0,ASK
1414,1712705132.4168773,4941775.97716858,2710.0,-3.9240527738413407e-10,2860.0,ASK
1415,1712705135.2712753,4941793.07118567,2711.0,-1.223052347009532e-09,2860.0,ASK
1416,1712705142.9836972,4941829.97155467,2711.0,-2.64016835084725e-09,2860.0,ASK
1417,1712705143.22321,4941944.90791029,2714.0,8.223531002463503e-09,2860.0,BID
1418,1712705143.2330124,4941997.06862499,2714.0,3.732024146137171e-09,2860.0,BID
1419,1712705160.110437,4941997.06862499,2714.0,0.0,2860.0,BID
1420,1712705190.1335688,4941997.06862499,2714.0,0.0,2860.0,BID
1421,1712705206.9222395,4942254.9905115,2713.0,1.845310890490064e-08,2860.0,BID
1422,1712705220.171959,4942254.9905115,2713.0,0.0,2860.0,BID
1423,1712705223.893155,4942470.56136984,2712.0,1.5422318129291512e-08,2860.0,BID
1424,1712705250.1738956,4942470.56136984,2712.0,0.0,2860.0,BID
1425,1712705275.3210564,4942490.36772175,2711.0,-1.416921967423243e-09,2860.0,ASK
1426,1712705275.331781,4943470.56136984,2711.0,-7.01218436688248e-08,2860.0,ASK
1427,1712705275.555734,4943670.74396667,2711.0,-1.4320815879056858e-08,2860.0,ASK
1428,1712705275.557612,4944583.03905903,2710.0,-6.526446480344963e-08,2860.0,ASK
1429,1712705280.1163228,4944583.03905903,2710.0,-0.0,2860.0,ASK
1430,1712705284.1611364,4944626.68885423,2710.0,3.121373854171744e-09,2860.0,BID
1431,1712705284.1652615,4945013.99828136,2710.0,2.769629304755616e-08,2860.0,BID
1432,1712705289.3609045,4945105.40318136,2710.0,6.536316234679555e-09,2860.0,BID
1433,1712705290.68266,4945125.77893267,2709.0,-1.4570592395036003e-09,2860.0,ASK
1434,1712705298.0707264,4945162.67930167,2710.0,2.6387259431081086e-09,2860.0,BID
1435,1712705310.1730778,4945162.67930167,2710.0,0.0,2860.0,BID
1436,1712705311.8304806,4946142.30355036,2709.0,-7.004454590369603e-08,2860.0,ASK
1437,1712705311.8346062,4946149.04294641,2709.0,-4.818765324141145e-10,2860.0,ASK
1438,1712705320.900248,4946152.73298331,2710.0,2.638429574734504e-10,2860.0,BID
1439,1712705327.640225,4946355.04076928,2710.0,1.4465298322302505e-08,2860.0,BID
1440,1712705330.550247,4947963.6459263,2710.0,1.1501758752146137e-07,2860.0,BID
1441,1712705330.5543237,4949288.06761379,2710.0,9.46980598012526e-08,2860.0,BID
1442,1712705340.161894,4949288.06761379,2710.0,0.0,2860.0,BID
1443,1712705362.1098971,4949681.32821774,2709.0,-2.8096242697524052e-08,2860.0,ASK
1444,1712705362.1120434,4950129.29610254,2709.0,-3.2004768048444104e-08,2860.0,ASK
1445,1712705362.1139617,4950308.06761379,2709.0,-1.2772211904862229e-08,2860.0,ASK
1446,1712705370.1596842,4950308.06761379,2709.0,-0.0,2860.0,ASK
1447,1712705400.162459,4950308.06761379,2709.0,-0.0,2860.0,ASK
1448,1712705400.820506,4950326.5085778,2710.0,1.3206456270202882e-09,2860.0,BID
1449,1712705406.4691432,4950363.4089468,2710.0,2.6426119007125313e-09,2860.0,BID
1450,1712705419.4192164,4950663.4089468,2709.0,-2.1484434755121923e-08,2860.0,ASK
1451,1712705421.563366,4950700.3093158,2710.0,2.6426119007125313e-09,2860.0,BID
1452,1712705430.068979,4950784.11619164,2709.0,-6.001811186704731e-09,2860.0,ASK
1453,1712705430.1228416,4950784.11619164,2709.0,-0.0,2860.0,ASK
1454,1712705440.5891616,4953722.33865136,2710.0,2.1040072937668842e-07,2860.0,BID
1455,1712705440.5934134,4954784.11619164,2710.0,7.603194515498289e-08,2860.0,BID
1456,1712705440.6087224,4956184.11619081,2710.0,1.002514360266639e-07,2860.0,BID
1457,1712705440.668922,4956348.76128051,2710.0,1.1789933347811372e-08,2860.0,BID
1458,1712705440.6707785,4961389.51633081,2710.0,3.60959237679159e-07,2860.0,BID
1459,1712705440.709532,4961496.61405589,2710.0,7.669071957687181e-09,2860.0,BID
1460,1712705440.728722,4961664.8203158,2710.0,1.204494222474892e-08,2860.0,BID
1461,1712705440.8112786,4962331.73013095,2710.0,4.775619050623169e-08,2860.0,BID
1462,1712705442.6792812,4962842.42526423,2710.0,3.656994322392533e-08,2860.0,BID
1463,1712705442.6832964,4963553.61693695,2710.0,5.092713323046175e-08,2860.0,BID
1464,1712705442.6990285,4963638.15353558,2710.0,6.0535110103681966e-09,2860.0,BID
1465,1712705442.701619,4964693.17723124,2710.0,7.554831471053283e-08,2860.0,BID
1466,1712705442.704167,4965333.21430395,2710.0,4.5831882633919694e-08,2860.0,BID
1467,1712705442.7798676,4965396.94307754,2710.0,4.563500766014456e-09,2860.0,BID
1468,1712705442.7839644,4965561.58816724,2710.0,1.1789933347811372e-08,2860.0,BID
1469,1712705444.038843,4965598.43415103,2714.0,2.638473420696814e-09,2860.0,BID
1470,1712705444.7187495,4965705.63317239,2714.0,-7.676325598823881e-09,2860.0,ASK
1471,1712705445.3488617,4965936.22647382,2715.0,1.6512364014445366e-08,2860.0,BID
1472,1712705450.448804,4966020.03334965,2715.0,-6.0012568970029214e-09,2860.0,ASK
1473,1712705460.1685572,4966020.03334965,2715.0,-0.0,2860.0,ASK
1474,1712705475.4588225,4966196.7315129,2715.0,-1.2615729586972116e-08,2860.0,ASK
1475,1712705484.1122234,4966318.79239751,2715.0,-8.714788456523793e-09,2860.0,ASK
1476,1712705484.114634,4967717.5178139,2715.0,-9.986488424658965e-08,2860.0,ASK
1477,1712705484.1206691,4967717.51781413,2715.0,-1.642394264452851e-17,2860.0,ASK
1478,1712705490.1754992,4967717.51781413,2715.0,-0.0,2860.0,ASK
1479,1712705495.0082543,4967735.93402039,2715.0,1.3144304991621667e-09,2860.0,BID
1480,1712705495.0683165,4967754.35022665,2715.0,1.3144304991621667e-09,2860.0,BID
1481,1712705495.1280825,4967772.76643291,2715.0,1.3144304991621667e-09,2860.0,BID
1482,1712705520.118998,4967772.76643291,2715.0,0.0,2860.0,BID
1483,1712705550.118242,4967772.76643291,2715.0,0.0,2860.0,BID
1484,1712705551.9886649,4968572.98199192,2709.0,-5.7113634644345706e-08,2860.0,ASK
1485,1712705552.1480176,4969170.76643291,2708.0,-4.2665556517133735e-08,2860.0,ASK
1486,1712705552.1515565,4969172.76643291,2708.0,-1.4274562397922666e-10,2860.0,ASK
1487,1712705552.1682048,4969176.21288785,2708.0,-2.459831804227859e-10,2860.0,ASK
1488,1712705552.1726224,4970256.19005154,2708.0,-7.708100705713238e-08,2860.0,ASK
1489,1712705552.2679665,4970424.3963016,2708.0,-1.2005353061035224e-08,2860.0,ASK
1490,1712705563.987698,4970924.39630159,2708.0,-3.5686405994075484e-08,2860.0,ASK
1491,1712705563.9975142,4971518.60569942,2708.0,-4.241039563378688e-08,2860.0,ASK
1492,1712705564.1678674,4971518.60569943,2708.0,-7.3118222121684535e-19,2860.0,ASK
1493,1712705580.1816914,4971518.60569943,2708.0,-0.0,2860.0,ASK
1494,1712705609.2772746,4971849.58134506,2707.0,-2.360557106028405e-08,2860.0,ASK
1495,1712705610.1723258,4971849.58134506,2707.0,-0.0,2860.0,ASK
1496,1712705626.4370525,4971856.96141886,2710.0,5.263218831929478e-10,2860.0,BID
1497,1712705640.1131337,4971856.96141886,2710.0,0.0,2860.0,BID
1498,1712705666.5269637,4971860.16662181,2709.0,2.2858389934106816e-10,2860.0,BID
1499,1712705670.1163611,4971860.16662181,2709.0,0.0,2860.0,BID
1500,1712705700.167689,4971860.16662181,2709.0,0.0,2860.0,BID
1501,1712705708.1465786,4971876.96141886,2709.0,1.203245349477023e-09,2860.0,BID
1502,1712705708.1512418,4971897.08061221,2709.0,1.441418182175158e-09,2860.0,BID
1503,1712705718.0164366,4971997.08362702,2709.0,7.164609500622423e-09,2860.0,BID
1504,1712705718.0210652,4972362.49332464,2709.0,2.6179388652964984e-08,2860.0,BID
1505,1712705718.026559,4973102.97943502,2709.0,5.3051338817798e-08,2860.0,BID
1506,1712705718.0288408,4973297.08061221,2709.0,1.3906172137017313e-08,2860.0,BID
1507,1712705718.0564363,4973889.71862726,2709.0,4.245891947469108e-08,2860.0,BID
1508,1712705718.0600154,4974391.29001003,2709.0,3.5934547583893475e-08,2860.0,BID
1509,1712705718.1201832,4974559.49626009,2709.0,1.2050957658875011e-08,2860.0,BID
1510,1712705718.1765494,4975334.63455501,2709.0,5.5533957677301966e-08,2860.0,BID
1511,1712705718.1811044,4975441.71570214,2709.0,7.671714752973245e-09,2860.0,BID
1512,1712705718.186841,4976146.30179649,2709.0,5.047932040011141e-08,2860.0,BID
1513,1712705730.1628006,4976146.30179649,2709.0,0.0,2860.0,BID
1514,1712705747.2460568,4976833.40542049,2709.0,-4.918589127139659e-08,2860.0,ASK
1515,1712705747.3061726,4976977.24268549,2709.0,-1.0296502346938316e-08,2860.0,ASK
1516,1712705747.3460543,4977253.72150856,2709.0,-1.97915668835906e-08,2860.0,ASK
1517,1712705747.34842,4977438.29146057,2709.0,-1.3212326750220917e-08,2860.0,ASK
1518,1712705748.1262307,4977499.19307685,2715.0,4.3596048281094604e-09,2860.0,BID
1519,1712705748.1299334,4977645.37562251,2715.0,1.0464387823719822e-08,2860.0,BID
1520,1712705748.13355,4979623.15112907,2715.0,1.4157784594217364e-07,2860.0,BID
1521,1712705760.1124897,4979623.15112907,2715.0,0.0,2860.0,BID
1522,1712705790.1123252,4979623.15112907,2715.0,0.0,2860.0,BID
1523,1712705820.1737187,4979623.15112907,2715.0,0.0,2860.0,BID
1524,1712705822.0034473,4979673.15112907,2708.0,-3.576804342987241e-09,2860.0,ASK
1525,1712705822.0071228,4979754.49199507,2708.0,-5.818807255450874e-09,2860.0,ASK
1526,1712705822.0573945,4979754.49199543,2708.0,-2.5716544620563745e-17,2860.0,ASK
1527,1712705825.077467,4979761.8802481,2707.0,-5.285266847389525e-10,2860.0,ASK
1528,1712705825.0797102,4979807.70548905,2707.0,-3.2781584169750983e-09,2860.0,ASK
1529,1712705825.0818374,4980569.78376043,2707.0,-5.451609741540863e-08,2860.0,ASK
1530,1712705838.624781,4980577.1720131,2707.0,-5.285266847389525e-10,2860.0,ASK
1531,1712705838.626956,4981201.51114411,2707.0,-4.466277830585215e-08,2860.0,ASK
1532,1712705838.6290524,4981301.51114343,2707.0,-7.153608637339567e-09,2860.0,ASK
1533,1712705850.1686935,4981301.51114343,2707.0,-0.0,2860.0,ASK
1534,1712705880.114859,4981301.51114343,2707.0,-0.0,2860.0,ASK
1535,1712705882.47573,4981301.51114411,2707.0,-4.8619113770475964e-17,2860.0,ASK
1536,1712705882.4805317,4981311.51114411,2706.0,-7.15128437002388e-10,2860.0,ASK
1537,1712705882.4848511,4982233.09720343,2706.0,-6.590523981645499e-08,2860.0,ASK
1538,1712705889.6656992,4982307.06170048,2706.0,-5.289411516922769e-09,2860.0,ASK
1539,1712705909.0359344,4982309.43645181,2706.0,-1.698252207144913e-10,2860.0,ASK
1540,1712705909.04096,4982313.88589544,2706.0,-3.1819236686112536e-10,2860.0,ASK
1541,1712705909.051783,4982315.88589544,2705.0,-1.4302568740047776e-10,2860.0,ASK
1542,1712705909.0539486,4982362.85447214,2705.0,-3.35885648433369e-09,2860.0,ASK
