,time,acc_trade_volume,trade_price,dev,high,ask_bid
0,1712689619.1232135,40729598.50812412,979.5,0.0,1064.0,ASK
1,1712689620.6231334,40729598.50812412,979.5,-0.0,1064.0,ASK
2,1712689621.6846168,40729946.92965021,979.5,-7.770360171871646e-09,1064.0,ASK
3,1712689621.6861928,40730231.14169827,979.5,-6.338385585437885e-09,1064.0,ASK
4,1712689622.243721,40730716.77033332,979.5,-1.0830299282762573e-08,1064.0,ASK
5,1712689622.3844244,40731078.11222444,979.5,-8.058505083430661e-09,1064.0,ASK
6,1712689622.4618597,40731335.4976837,979.5,-5.740109527370467e-09,1064.0,ASK
7,1712689647.6119614,40731340.59972451,980.0,1.1378371241496131e-10,1064.0,BID
8,1712689650.6435723,40731340.59972451,980.0,0.0,1064.0,BID
9,1712689652.2822156,40731345.70176532,980.0,1.1377938253536308e-10,1064.0,BID
10,1712689653.5923693,40731827.70176532,979.5,-1.0748965835209766e-08,1064.0,ASK
11,1712689653.9924555,40732562.29176532,979.5,-1.6381914549471156e-08,1064.0,ASK
12,1712689654.1336374,40732957.13373183,979.5,-8.805275535935858e-09,1064.0,ASK
13,1712689654.1352055,40733268.60926532,979.5,-6.946140805017681e-09,1064.0,ASK
14,1712689655.4621136,40733319.65565338,979.5,-1.1383731976477923e-09,1064.0,ASK
15,1712689655.4636972,40734029.10916532,979.5,-1.5821351787336126e-08,1064.0,ASK
16,1712689655.7825716,40734029.10922953,979.5,-1.4319117442675796e-15,1064.0,ASK
17,1712689655.882604,40734845.24865726,979.0,-1.820052868345673e-08,1064.0,ASK
18,1712689655.884266,40734878.72690156,979.0,-7.465902577874769e-10,1064.0,ASK
19,1712689661.5119069,40734895.24865726,979.0,-3.6844769192307985e-10,1064.0,ASK
20,1712689667.2320042,40734902.37419614,979.0,1.5890492539149852e-10,1064.0,BID
21,1712689680.66216,40734902.37419614,979.0,0.0,1064.0,BID
22,1712689682.3719752,40734907.47884136,979.5,1.1382860770396866e-10,1064.0,BID
23,1712689685.0282133,40734927.90785055,979.1,-4.5554697243994607e-10,1064.0,ASK
24,1712689685.0290942,40734991.21132086,979.0,-1.4116056229495e-09,1064.0,ASK
25,1712689685.0298655,40739163.59084136,978.9,-9.303999232651892e-08,1064.0,ASK
26,1712689691.4822884,40740739.30239271,979.0,3.513683017706946e-08,1064.0,BID
27,1712689693.5320632,40741110.10239271,979.0,-8.268478211437882e-09,1064.0,ASK
28,1712689694.0823574,40741610.10239271,979.0,-1.1149512151211161e-08,1064.0,ASK
29,1712689695.802066,40742744.1232049,979.0,-2.5287557650501348e-08,1064.0,ASK
30,1712689695.8927252,40746540.38589977,979.0,-8.465295409118426e-08,1064.0,ASK
31,1712689695.9518332,40746991.10706798,979.0,-1.0050642283588782e-08,1064.0,ASK
32,1712689695.9923413,40747425.60706798,979.0,-9.688926059402498e-09,1064.0,ASK
33,1712689695.9934103,40748582.56811693,979.0,-2.5799102547564208e-08,1064.0,ASK
34,1712689696.0521188,40748682.08389309,979.0,-2.219104711007817e-09,1064.0,ASK
35,1712689697.472041,40753964.28389309,978.9,-1.1778790617032165e-07,1064.0,ASK
36,1712689698.9419503,40756816.19899309,978.9,-6.359492412319685e-08,1064.0,ASK
37,1712689700.7522328,40757316.19899309,978.9,-1.1149512151211161e-08,1064.0,ASK
38,1712689700.9925916,40759456.02117539,978.9,-4.771594684608506e-08,1064.0,ASK
39,1712689706.0123627,40759938.02117539,978.9,-1.0748129713767556e-08,1064.0,ASK
40,1712689706.1324117,40760438.02117539,979.0,1.1149512151211161e-08,1064.0,BID
41,1712689710.6432135,40760438.02117539,979.0,0.0,1064.0,BID
42,1712689712.1622064,40760920.02117539,978.9,-1.0742141744348762e-08,1064.0,ASK
43,1712689712.9020057,40761052.0073756,978.9,-2.941523798569812e-09,1064.0,ASK
44,1712689718.4051716,40761252.0073756,979.0,-4.4573202258708555e-09,1064.0,ASK
45,1712689718.4069805,40761534.0073756,979.0,-6.284821518477906e-09,1064.0,ASK
46,1712689724.4119709,40762016.0073756,978.9,-1.0742141744348762e-08,1064.0,ASK
47,1712689727.242079,40762530.26400526,978.9,-1.1461032383374652e-08,1064.0,ASK
48,1712689730.1321652,40762632.3569098,979.5,2.275303841573781e-09,1064.0,BID
49,1712689730.6018882,40763114.3569098,978.9,-1.0742141744348762e-08,1064.0,ASK
50,1712689732.8620355,40798861.18449881,978.9,-7.966752881161227e-07,1064.0,ASK
51,1712689732.8722353,40801110.79154539,978.9,-5.0136094944953394e-08,1064.0,ASK
52,1712689733.7721157,40801523.11950747,978.9,-9.189388825315337e-09,1064.0,ASK
53,1712689736.6829169,40801556.32231966,978.9,-7.39977831592859e-10,1064.0,ASK
54,1712689736.6849415,40801894.387311,978.9,-7.534319617794105e-09,1064.0,ASK
55,1712689736.6867487,40802005.11950747,978.9,-2.467844294961797e-09,1064.0,ASK
56,1712689741.002174,40802005.11950747,978.9,-0.0,1064.0,ASK
57,1712689743.3934772,40802006.69215753,978.9,-3.501726937014538e-11,1064.0,ASK
58,1712689743.396205,40802012.82148636,978.9,-1.3647814235389204e-10,1064.0,ASK
59,1712689743.398123,40802487.11950747,978.9,-1.0560913701458753e-08,1064.0,ASK
60,1712689758.492422,40802684.91810747,978.9,-4.404264517112691e-09,1064.0,ASK
61,1712689770.9823997,40802684.91810747,978.9,-0.0,1064.0,ASK
62,1712689771.545561,40805268.24873987,978.9,-5.7520644010095695e-08,1064.0,ASK
63,1712689771.7519162,40805465.41459077,978.9,-4.390110417284893e-09,1064.0,ASK
64,1712689778.0323956,40805904.01459077,978.9,-9.765902260646429e-09,1064.0,ASK
65,1712689778.0522203,40806538.46747491,978.9,-1.412677805620675e-08,1064.0,ASK
66,1712689778.2322173,40806716.40466644,978.9,-3.961963568217903e-09,1064.0,ASK
67,1712689778.2522826,40806756.35424062,978.9,-8.89520375728419e-10,1064.0,ASK
68,1712689778.2544754,40807260.54509261,978.9,-1.1226353354462712e-08,1064.0,ASK
69,1712689778.8123364,40807278.77412972,978.9,-4.0588918076299796e-10,1064.0,ASK
70,1712689778.814222,40807399.20522584,978.9,-2.681528303380613e-09,1064.0,ASK
71,1712689778.8231945,40807804.70236977,978.9,-9.028831451424252e-09,1064.0,ASK
72,1712689778.8522675,40808378.44975386,978.9,-1.277510459477624e-08,1064.0,ASK
73,1712689778.8720691,40808680.30194972,978.9,-6.721064847036128e-09,1064.0,ASK
74,1712689779.2458658,40808894.74191504,978.9,-4.7747372141129515e-09,1064.0,ASK
75,1712689779.2479212,40809109.00769655,978.9,-4.770858823507206e-09,1064.0,ASK
76,1712689784.562568,40809527.63377563,978.9,-9.321161359013544e-09,1064.0,ASK
77,1712689784.5645914,40809528.70769655,978.8,-2.3912008082866056e-11,1064.0,ASK
78,1712689784.6639094,40809537.85036737,978.8,-2.0357143093104776e-10,1064.0,ASK
79,1712689784.6679385,40809993.28180724,978.8,-1.0140672430852822e-08,1064.0,ASK
80,1712689784.67144,40810095.4268532,978.8,-2.274369665547023e-09,1064.0,ASK
81,1712689784.7026236,40810502.33320996,978.8,-9.060209095609273e-09,1064.0,ASK
82,1712689784.704368,40810845.5949734,978.8,-7.64309355117862e-09,1064.0,ASK
83,1712689784.7220502,40811411.24232154,978.8,-1.2594748554357452e-08,1064.0,ASK
84,1712689784.763195,40811765.60710686,978.8,-7.890314313670489e-09,1064.0,ASK
85,1712689784.7649455,40811867.80434753,978.5,-2.2755318370199303e-09,1064.0,ASK
86,1712689784.7666838,40811917.80434753,978.2,-1.1133039512783002e-09,1064.0,ASK
87,1712689784.7684522,40812014.67264155,978.2,-2.1568770897873767e-09,1064.0,ASK
88,1712689784.771654,40812177.95056117,978.7,-3.635559061395068e-09,1064.0,ASK
89,1712689784.772778,40812331.24232154,978.2,-3.4132064503695596e-09,1064.0,ASK
90,1712689784.7819588,40813003.03391134,978.2,-1.495816462712045e-08,1064.0,ASK
91,1712689784.801881,40813235.67844651,978.2,-5.180081604939144e-09,1064.0,ASK
92,1712689784.8822486,40813300.61814936,978.2,-1.445952555634151e-09,1064.0,ASK
93,1712689784.88405,40813469.32639579,978.1,-3.75647114715913e-09,1064.0,ASK
94,1712689798.384157,40816382.11861448,978.1,-6.485646172646318e-08,1064.0,ASK
95,1712689798.3865197,40816433.23290603,978.2,-1.138114854959819e-09,1064.0,ASK
96,1712689800.6520815,40816433.23290603,978.2,-0.0,1064.0,ASK
97,1712689830.64177,40816433.23290603,978.2,-0.0,1064.0,ASK
98,1712689833.4822545,40816478.0578141,978.2,9.979655484808738e-10,1064.0,BID
99,1712689860.9824936,40816478.0578141,978.2,0.0,1064.0,BID
100,1712689868.2926297,40817499.19536132,979.3,2.27342150033536e-08,1064.0,BID
101,1712689882.4928265,40817550.25223868,979.3,1.136710750134504e-09,1064.0,BID
102,1712689882.4955103,40817601.30911604,979.3,1.136710750134504e-09,1064.0,BID
103,1712689886.0733569,40817611.52049151,979.3,-2.2734214992737478e-10,1064.0,ASK
104,1712689890.9618046,40817611.52049151,979.3,-0.0,1064.0,ASK
105,1712689908.253572,40817683.75974753,978.3,-1.608267365979653e-09,1064.0,ASK
106,1712689908.255959,40817788.19190839,978.3,-2.324980149760113e-09,1064.0,ASK
107,1712689908.2582626,40817890.4204915,978.3,-2.275921751622965e-09,1064.0,ASK
108,1712689920.6235735,40817890.4204915,978.3,-0.0,1064.0,ASK
109,1712689921.632326,40817890.60280958,978.2,-4.058934818901893e-12,1064.0,ASK
110,1712689921.633722,40817983.6204915,978.4,-2.07084626593582e-09,1064.0,ASK
111,1712689923.0322835,40826647.98203992,978.2,-1.9289408625435642e-07,1064.0,ASK
112,1712689923.0343823,40827937.22295855,978.5,-2.8702282051686164e-08,1064.0,ASK
113,1712689928.7623396,40828110.12295855,978.2,-3.849260828590205e-09,1064.0,ASK
114,1712689933.7022371,40829234.16743731,978.5,2.5024525053314373e-08,1064.0,BID
115,1712689933.8020122,40829930.69950642,978.5,1.5506845630437998e-08,1064.0,BID
116,1712689933.8856351,40830084.09950642,978.2,-3.415133667633139e-09,1064.0,ASK
117,1712689939.523236,40830244.40522466,978.2,-3.5688751984320803e-09,1064.0,ASK
118,1712689939.5260413,40830920.78243168,978.2,-1.5058139319547414e-08,1064.0,ASK
119,1712689939.5360117,40831141.98872895,978.2,-4.924700608038754e-09,1064.0,ASK
120,1712689949.3621604,40831542.03717083,978.1,-8.906250994091314e-09,1064.0,ASK
121,1712689949.592292,40831552.03717083,978.2,2.2262931339637807e-10,1064.0,BID
122,1712689950.6534257,40831552.03717083,978.2,0.0,1064.0,BID
123,1712689953.5836208,40831596.64774234,978.1,-9.928666754956651e-10,1064.0,ASK
124,1712689953.586182,40836640.406319,978.1,-1.122554506787166e-07,1064.0,ASK
125,1712689953.5923376,40836659.81098109,978.1,-4.3187616036711725e-10,1064.0,ASK
126,1712689957.46218,40839186.58587833,978.2,-5.6236683525227373e-08,1064.0,ASK
127,1712689960.052133,40839191.69208748,979.2,1.1364536998415811e-10,1064.0,BID
128,1712689963.3723009,40839846.69699759,978.2,-1.4577991841552684e-08,1064.0,ASK
129,1712689963.4722793,40840290.66807896,978.2,-9.881157686247133e-09,1064.0,ASK
130,1712689963.5518632,40841105.36807896,978.2,-1.813221514833529e-08,1064.0,ASK
131,1712689963.6725302,40841419.23335673,978.2,-6.9854826857072945e-09,1064.0,ASK
132,1712689965.192084,40841424.33956588,979.2,1.1364536998415811e-10,1064.0,BID
133,1712689970.0824523,40841772.17075139,978.2,-7.741438432534031e-09,1064.0,ASK
134,1712689970.0837338,40841781.76253133,978.2,-2.1347762062581726e-10,1064.0,ASK
135,1712689970.6627283,40841782.17075139,978.2,-9.085471902339808e-12,1064.0,ASK
136,1712689970.6650572,40842048.63227806,978.2,-5.930450141535171e-09,1064.0,ASK
137,1712689973.9122076,40842548.63227806,978.2,-1.1128154626407857e-08,1064.0,ASK
138,1712689975.7898998,40842835.12515743,978.2,-6.376274121951954e-09,1064.0,ASK
139,1712689976.242386,40843346.26807298,978.2,1.137615480079754e-08,1064.0,BID
140,1712689978.0926228,40843769.49568219,978.1,-9.419484554901285e-09,1064.0,ASK
141,1712689978.0956194,40843846.26807298,978.1,-1.708670071506574e-09,1064.0,ASK
142,1712689980.9719834,40843846.26807298,978.1,-0.0,1064.0,ASK
143,1712689981.162012,40844346.26807298,978.1,-1.1125177006783078e-08,1064.0,ASK
144,1712689985.8423312,40844725.16807298,978.1,-8.430659135872841e-09,1064.0,ASK
145,1712689989.3632271,40844876.0204282,978.1,-3.356518307412412e-09,1064.0,ASK
146,1712689989.3654308,40845225.16807298,978.1,-7.768658699370665e-09,1064.0,ASK
147,1712689992.392094,40845725.16807298,978.1,-1.1125177006783078e-08,1064.0,ASK
148,1712689992.892521,40847643.63416911,978.1,-4.2686549801817576e-08,1064.0,ASK
149,1712689992.894327,40848226.02272856,978.1,-1.2958351621284284e-08,1064.0,ASK
150,1712689993.1722183,40851084.45474856,978.0,-6.36011243687378e-08,1064.0,ASK
151,1712689994.5230348,40851488.92791839,978.0,-8.999671217617123e-09,1064.0,ASK
152,1712689994.5262923,40851815.90133351,978.0,-7.27527423947668e-09,1064.0,ASK
153,1712689994.5289433,40857684.51895257,978.0,-1.3057881959433628e-07,1064.0,ASK
154,1712689994.946818,40857708.48295706,977.9,-5.332075834139709e-10,1064.0,ASK
155,1712689994.9494607,40859541.47605257,977.9,-4.0784745279513487e-08,1064.0,ASK
156,1712689995.222231,40859994.24037977,978.0,1.007416656504132e-08,1064.0,BID
157,1712689996.3721905,40860004.45406446,978.0,2.2725810003594326e-10,1064.0,BID
158,1712690006.195893,40860004.45411752,977.9,-1.1806713140354914e-15,1064.0,ASK
159,1712690006.1981792,40860035.13210095,977.9,-6.825959916409719e-10,1064.0,ASK
160,1712690006.200447,40860081.59521768,977.9,-1.0338207959322942e-09,1064.0,ASK
161,1712690006.4724126,40860091.59521768,977.9,2.2250354013566158e-10,1064.0,BID
162,1712690008.245699,40860862.90258364,977.9,1.7161861945745995e-08,1064.0,BID
163,1712690008.502184,40861051.90258364,977.9,4.205316908564004e-09,1064.0,BID
164,1712690008.5046325,40861240.90258364,977.9,4.205316908564004e-09,1064.0,BID
165,1712690008.7221413,40868051.90258364,977.9,1.515471611863991e-07,1064.0,BID
166,1712690010.6336894,40869007.1347713,977.9,2.125425434072174e-08,1064.0,BID
167,1712690011.0221534,40869007.1347713,977.9,0.0,1064.0,BID
168,1712690017.802446,40870029.32770428,977.8,-2.2731708851640827e-08,1064.0,ASK
169,1712690017.8041954,40871329.51235364,977.8,-2.8913738247449746e-08,1064.0,ASK
170,1712690017.8057654,40871943.1347713,977.8,-1.3645844823621332e-08,1064.0,ASK
171,1712690023.332101,40871953.36076577,977.9,2.2740748977961223e-10,1064.0,BID
172,1712690028.1341348,40872417.42876244,977.9,1.0320026921929022e-08,1064.0,BID
173,1712690040.6137471,40872417.42876244,977.9,0.0,1064.0,BID
174,1712690041.2621062,40872432.76775415,977.9,3.4108594121101404e-10,1064.0,BID
175,1712690060.1622963,40872932.76775415,978.0,1.1118264736061345e-08,1064.0,BID
176,1712690070.6236813,40872932.76775415,978.0,0.0,1064.0,BID
177,1712690100.27458,40873128.37043097,978.0,-4.349475942357414e-09,1064.0,ASK
178,1712690100.2766016,40873154.71150039,978.1,-5.8572740217376e-10,1064.0,ASK
179,1712690100.2784626,40873437.02438382,978.0,-6.277588398477158e-09,1064.0,ASK
180,1712690100.2813332,40873447.02438382,978.0,-2.2236280265441148e-10,1064.0,ASK
181,1712690100.663817,40873447.02438382,978.0,-0.0,1064.0,ASK
182,1712690106.801993,40874120.12438382,978.1,-1.4973660068439484e-08,1064.0,ASK
183,1712690106.8321526,40874289.03180906,978.1,-3.757483833856422e-09,1064.0,ASK
184,1712690106.8420432,40874493.53078656,979.1,4.549247026266601e-09,1064.0,BID
185,1712690121.9620316,40874993.53079256,979.1,-1.1122909113075246e-08,1064.0,ASK
186,1712690123.4187698,40875514.3665029,979.1,-1.1586416399076528e-08,1064.0,ASK
187,1712690130.603457,40875514.3665029,979.1,-0.0,1064.0,ASK
188,1712690140.7827528,40875524.3665029,979.0,-2.2244816724545463e-10,1064.0,ASK
189,1712690140.784473,40875688.46944486,979.0,-3.6504398678610645e-09,1064.0,ASK
190,1712690158.8122964,40876188.46944486,979.1,1.1122408362272732e-08,1064.0,BID
191,1712690158.815546,40876199.14033222,979.3,2.373719335778045e-10,1064.0,BID
192,1712690160.9821053,40876199.14033222,979.3,0.0,1064.0,BID
193,1712690165.2925768,40877048.75800425,979.0,-1.8899307536531578e-08,1064.0,ASK
194,1712690175.132511,40878213.94930425,979.0,-2.5919080361363146e-08,1064.0,ASK
195,1712690177.4037445,40878214.35252132,979.0,-8.969356049344198e-12,1064.0,ASK
196,1712690177.4063263,40878433.14200756,979.0,-4.866859438421675e-09,1064.0,ASK
197,1712690178.5940251,40878638.24200756,979.0,-4.562343867597248e-09,1064.0,ASK
198,1712690180.612111,40878658.24200756,979.0,-4.4488969942117024e-10,1064.0,ASK
199,1712690182.423468,40879146.28040006,979.0,-1.0856162687245544e-08,1064.0,ASK
200,1712690183.5120656,40879276.55029769,979.0,-2.897786780063047e-09,1064.0,ASK
201,1712690183.792177,40879952.416114,979.0,-1.5034286993361058e-08,1064.0,ASK
202,1712690191.0319226,40879952.416114,979.0,-0.0,1064.0,ASK
203,1712690218.4228072,40880462.13317222,979.0,1.1337466757289789e-08,1064.0,BID
204,1712690220.6437285,40880462.13317222,979.0,0.0,1064.0,BID
205,1712690246.292471,40880564.27821818,979.0,2.271953019091817e-09,1064.0,BID
206,1712690246.912222,40880615.35074116,979.0,1.1359765096287682e-09,1064.0,BID
207,1712690250.6954012,40880615.35074116,979.0,0.0,1064.0,BID
208,1712690252.5826745,40880637.44942335,978.9,-4.915265320402895e-10,1064.0,ASK
209,1712690252.586027,40880643.44942335,978.9,-1.3345407509911296e-10,1064.0,ASK
210,1712690258.7439735,40881493.06709538,978.9,1.8897490101352056e-08,1064.0,BID
211,1712690258.7471633,40883767.73491062,978.9,5.0593948240222216e-08,1064.0,BID
212,1712690258.7502894,40884380.16770843,979.0,1.3621942098559709e-08,1064.0,BID
213,1712690258.942182,40884599.36041143,979.1,4.875359907916643e-09,1064.0,BID
214,1712690264.5422487,40884701.50545739,979.0,-2.271945439057097e-09,1064.0,ASK
215,1712690273.8823807,40884803.65050335,979.0,-2.271945439222816e-09,1064.0,ASK
216,1712690274.8322504,40884808.75671219,979.2,1.1357406296798788e-10,1064.0,BID
217,1712690274.8355627,40884808.7567125,979.1,6.794454007178089e-18,1064.0,BID
218,1712690279.9320464,40884813.86292165,979.2,1.1357406992816028e-10,1064.0,BID
219,1712690280.961911,40884813.86292165,979.2,0.0,1064.0,BID
220,1712690295.5181773,40884936.31564852,979.0,-2.723386936905336e-09,1064.0,ASK
221,1712690295.523727,40885038.46069448,979.0,-2.271737763148617e-09,1064.0,ASK
222,1712690295.592277,40885180.64915926,979.0,-3.162315919494842e-09,1064.0,ASK
223,1712690299.662175,40885399.84186257,979.3,4.874914263692349e-09,1064.0,BID
224,1712690299.6720142,40885608.82214789,979.2,4.647786894310376e-09,1064.0,BID
225,1712690299.6741214,40885981.54830067,979.3,8.289546190252738e-09,1064.0,BID
226,1712690303.8824382,40886083.76643417,979.3,-2.2733632529651504e-09,1064.0,ASK
227,1712690307.232261,40886145.28577326,979.3,-1.368209338671695e-09,1064.0,ASK
228,1712690310.7521508,40886994.90344529,979.3,-1.889576270360855e-08,1064.0,ASK
229,1712690310.85293,40887204.55179343,979.3,-4.6626448201894474e-09,1064.0,ASK
230,1712690310.8556757,40887521.67279641,979.0,-7.0528702710278844e-09,1064.0,ASK
231,1712690310.8583715,40888645.71727517,979.0,-2.499910069935637e-08,1064.0,ASK
232,1712690310.8721087,40889116.27888033,979.0,-1.0465437244545823e-08,1064.0,ASK
233,1712690310.8742435,40889257.43444591,979.0,-3.1393439182760867e-09,1064.0,ASK
234,1712690310.9821596,40889257.43444591,979.0,-0.0,1064.0,ASK
235,1712690311.2321494,40890327.93444591,979.0,-2.3805951008184842e-08,1064.0,ASK
236,1712690313.6833975,40890840.49338186,979.0,-1.1398367975692372e-08,1064.0,ASK
237,1712690313.6867523,40891050.00454591,979.0,-4.659142930540716e-09,1064.0,ASK
238,1712690313.7839854,40891060.22009397,978.9,-2.271749992134344e-10,1064.0,ASK
239,1712690313.7873192,40891060.22010895,979.0,-3.3303128903552675e-16,1064.0,ASK
240,1712690313.7900486,40891269.19724891,978.9,-4.647267217029638e-09,1064.0,ASK
241,1712690315.1621914,40891482.36724891,979.0,-4.740508712078432e-09,1064.0,ASK
242,1712690315.3420625,40891686.92422227,979.0,-4.548970841851593e-09,1064.0,ASK
243,1712690315.4220984,40891889.18381519,979.0,-4.4978813264846575e-09,1064.0,ASK
244,1712690316.6929555,40892290.64761519,979.0,-8.927816491654378e-09,1064.0,ASK
245,1712690320.1625493,40892494.85427232,979.4,4.541180453318187e-09,1064.0,BID
246,1712690321.3720365,40892494.85436569,979.0,-2.0763920966135426e-15,1064.0,ASK
247,1712690331.363405,40893243.27436569,979.0,-1.6643484216336537e-08,1064.0,ASK
248,1712690337.3722622,40893516.30476569,979.0,-6.071693905632829e-09,1064.0,ASK
249,1712690338.8725183,40893516.30482534,979.0,-1.3266574782624193e-15,1064.0,ASK
250,1712690338.8822207,40893630.60586569,978.9,-2.5418449010858477e-09,1064.0,ASK
251,1712690340.6238215,40893630.60586569,978.9,-0.0,1064.0,ASK
252,1712690340.7623284,40893630.60596441,978.9,-2.1951465122095722e-15,1064.0,ASK
253,1712690341.362632,40893886.17742218,978.2,-5.682898074029028e-09,1064.0,ASK
254,1712690341.3658228,40893932.37662226,978.2,-1.0272874265266552e-09,1064.0,ASK
255,1712690350.152261,40894424.73478436,978.9,1.09480975516344e-08,1064.0,BID
256,1712690352.0832322,40894439.72083054,979.4,3.332303760221135e-10,1064.0,BID
257,1712690352.0871906,40894833.14809863,979.4,8.74826588073583e-09,1064.0,BID
258,1712690370.6537936,40894833.14809863,979.4,0.0,1064.0,BID
259,1712690394.8423486,40895050.97129885,979.4,4.843399395799259e-09,1064.0,BID
260,1712690394.8521254,40895269.2231762,979.4,4.852931229739686e-09,1064.0,BID
261,1712690399.7025464,40895324.76363454,979.4,-1.2349677264845675e-09,1064.0,ASK
262,1712690400.7035978,40895324.76363454,979.4,-0.0,1064.0,ASK
263,1712690412.7022383,40895528.97029167,979.4,4.541234377025091e-09,1064.0,BID
264,1712690430.6421163,40895528.97029167,979.4,0.0,1064.0,BID
265,1712690433.072254,40895626.69659698,979.4,2.173269420343731e-09,1064.0,BID
266,1712690437.412212,40895727.66102743,979.4,2.245279902261162e-09,1064.0,BID
267,1712690441.6426032,40895754.26194311,979.4,-5.915598303896163e-10,1064.0,ASK
268,1712690441.822361,40895854.26194311,979.4,2.223832583636569e-09,1064.0,BID
269,1712690456.052353,40896071.48941586,979.4,4.830775319676624e-09,1064.0,BID
270,1712690456.0620637,40896160.30862279,979.5,1.975190464252429e-09,1064.0,BID
271,1712690460.9721673,40896160.30862279,979.5,0.0,1064.0,BID
272,1712690465.2123766,40896260.30862279,979.5,2.223802004395515e-09,1064.0,BID
273,1712690472.2725017,40896362.45366875,979.5,2.2715035794149394e-09,1064.0,BID
274,1712690475.560665,40896481.15366875,979.4,-2.6396529791180643e-09,1064.0,ASK
275,1712690477.802043,40896643.55338354,979.4,-3.611448112638949e-09,1064.0,ASK
276,1712690477.8321297,40896805.49331326,979.4,-3.60122340311321e-09,1064.0,ASK
277,1712690477.892832,40896927.13474065,979.4,-2.705064500480303e-09,1064.0,ASK
278,1712690478.7023427,40897128.22863301,979.4,-4.471930008979577e-09,1064.0,ASK
279,1712690487.7526584,40897444.76278761,979.1,-7.039092874622223e-09,1064.0,ASK
280,1712690487.892232,40898043.99805597,979.1,-1.3325805908876027e-08,1064.0,ASK
281,1712690490.5866373,40899150.39291599,979.1,-2.4604031073527383e-08,1064.0,ASK
282,1712690490.5910892,40899240.98677601,979.1,-2.014628075044596e-09,1064.0,ASK
283,1712690490.992008,40899240.98677601,979.1,-0.0,1064.0,ASK
284,1712690492.793156,40899303.31268756,979.1,-1.3859118988448688e-09,1064.0,ASK
285,1712690492.796376,40899403.31268756,979.2,-2.223652834495537e-09,1064.0,ASK
286,1712690492.7994895,40899650.71600854,979.0,-5.501390959510059e-09,1064.0,ASK
287,1712690492.802187,40899853.41947901,979.1,-4.5074214668597696e-09,1064.0,ASK
288,1712690499.3943715,40900574.78377843,979.1,-1.6040637691014813e-08,1064.0,ASK
289,1712690512.0434651,40900762.13225044,979.1,-4.165979608324937e-09,1064.0,ASK
290,1712690512.1622612,40901002.98465774,979.1,-5.355721381854553e-09,1064.0,ASK
291,1712690517.6428616,40901100.91444884,979.1,-2.1776185756178954e-09,1064.0,ASK
292,1712690517.6467595,40910681.41324158,979.1,-2.130370329635231e-07,1064.0,ASK
293,1712690517.6505775,40910885.68246842,979.1,-4.5422384526659925e-09,1064.0,ASK
294,1712690520.6420598,40910885.68246842,979.1,-0.0,1064.0,ASK
295,1712690520.8923495,40911002.98465774,979.1,2.607732331150312e-09,1064.0,BID
296,1712690522.683336,40911460.09391771,979.1,-1.0161946703638208e-08,1064.0,ASK
297,1712690527.422246,40920452.2325129,979.1,1.999032641822001e-07,1064.0,BID
298,1712690531.012338,40921301.85018493,979.1,1.8887758918364814e-08,1064.0,BID
299,1712690533.0843334,40922151.46785696,979.0,-1.8887758918199185e-08,1064.0,ASK
300,1712690533.0869336,40926511.59524985,979.0,-9.692952225571262e-08,1064.0,ASK
301,1712690533.089462,40931460.51280628,979.0,-1.1001885293778049e-07,1064.0,ASK
302,1712690534.326702,40932617.47385523,979.0,2.5720276413414865e-08,1064.0,BID
303,1712690534.5829587,40936305.82956328,979.0,8.19954383154187e-08,1064.0,BID
304,1712690535.8122246,40942422.61778328,979.1,1.3598165981816393e-07,1064.0,BID
305,1712690535.835683,40946006.96403609,979.1,7.968321532325179e-08,1064.0,BID
306,1712690535.9132612,40946063.74143505,979.4,1.2622122383340131e-09,1064.0,BID
307,1712690535.9932332,40946165.57956819,979.5,2.2639525645306784e-09,1064.0,BID
308,1712690535.996587,40946384.7722715,979.5,4.872849368600911e-09,1064.0,BID
309,1712690536.0000036,40946603.96497405,979.6,4.8728493518719726e-09,1064.0,BID
310,1712690536.0119593,40946603.96497481,979.6,1.6894571551849362e-17,1064.0,BID
311,1712690539.5623238,40946823.15767781,979.7,4.872849361644323e-09,1064.0,BID
312,1712690539.58261,40946823.15767812,979.7,6.95658828605562e-18,1064.0,BID
313,1712690541.6928945,40947042.35038143,979.8,4.872849368600911e-09,1064.0,BID
314,1712690541.696258,40947815.9642554,979.7,1.7198126673306205e-08,1064.0,BID
315,1712690541.6996508,40952973.78297812,979.8,1.1466291225574017e-07,1064.0,BID
316,1712690541.732383,40953192.97568143,979.9,4.872849368766544e-09,1064.0,BID
317,1712690541.7358773,40954100.85625239,979.8,2.0182995146313283e-08,1064.0,BID
318,1712690541.752096,40961113.30382539,980.0,1.5589296638520656e-07,1064.0,BID
319,1712690541.8523333,40961378.89320439,980.0,5.904288866519762e-09,1064.0,BID
320,1712690541.8558352,40961378.89320516,980.0,1.706020460627926e-17,1064.0,BID
321,1712690541.9965043,40964158.34265143,980.6,6.178964114675704e-08,1064.0,BID
322,1712690541.9999657,40964478.39821036,980.6,7.115120643822986e-09,1064.0,BID
323,1712690542.002599,40968652.89599949,980.5,9.280281053665297e-08,1064.0,BID
324,1712690550.6239133,40968652.89599949,980.5,0.0,1064.0,BID
325,1712690551.1722329,40968754.84319084,980.9,2.2635298612436153e-09,1064.0,BID
326,1712690553.652401,40969809.05587984,981.0,2.340664681434329e-08,1064.0,BID
327,1712690556.362849,40969809.05588041,981.0,1.2737723138685245e-17,1064.0,BID
328,1712690556.367149,40971620.33968384,981.0,4.021586982380886e-08,1064.0,BID
329,1712690556.3829796,40971620.33968462,981.0,1.736962246184352e-17,1064.0,BID
330,1712690567.672439,40977686.03897831,980.4,-1.346765055393077e-07,1064.0,ASK
331,1712690580.9721968,40977686.03897831,980.4,-0.0,1064.0,ASK
332,1712690583.0623944,40977731.95465531,981.5,1.0192636829337194e-09,1064.0,BID
333,1712690586.612404,40977738.95465531,980.4,-1.5539019015188358e-10,1064.0,ASK
334,1712690586.6156518,40978247.27247234,980.4,-1.1283943177869643e-08,1064.0,ASK
335,1712690587.6025174,40978247.2724732,981.5,1.918552396299424e-17,1064.0,BID
336,1712690587.606894,40978252.36515924,981.8,1.1305049321138356e-10,1064.0,BID
337,1712690588.0423713,40978553.51495916,981.0,-6.685103524672695e-09,1064.0,ASK
338,1712690591.053445,40978961.66337387,981.8,9.060322824704062e-09,1064.0,BID
339,1712690591.0576642,40979425.73136916,982.0,1.0301659147303517e-08,1064.0,BID
340,1712690591.112493,40979425.73137054,982.0,3.0597602872016666e-17,1064.0,BID
341,1712690592.7622154,40979430.82198344,982.2,1.1300447243195468e-10,1064.0,BID
342,1712690596.5942717,40983201.79995044,982.2,8.371042619298945e-08,1064.0,BID
343,1712690596.6020567,40985634.43633744,982.2,5.4001118678001454e-08,1064.0,BID
344,1712690596.6123476,40988766.64439974,982.2,6.953062948512023e-08,1064.0,BID
345,1712690596.652378,40988919.69665927,982.9,3.3975456730141114e-09,1064.0,BID
346,1712690596.6620944,40991115.29665927,983.0,4.873924307110102e-08,1064.0,BID
347,1712690596.6762648,40994848.73315264,983.5,8.287705808934725e-08,1064.0,BID
348,1712690596.6787498,40995058.73315264,983.4,4.661705704556507e-09,1064.0,BID
349,1712690596.7323356,40995219.73315264,983.8,3.573974373493322e-09,1064.0,BID
350,1712690596.741928,40998808.73315264,984.0,7.967077035073003e-08,1064.0,BID
351,1712690596.8227603,40998976.73315264,984.2,3.729364563645206e-09,1064.0,BID
352,1712690596.8260834,40999130.73315264,984.3,3.418584183341439e-09,1064.0,BID
353,1712690596.8294137,40999291.73315264,984.0,3.573974373493322e-09,1064.0,BID
354,1712690596.8327296,41003041.73315264,984.3,8.324474472422336e-08,1064.0,BID
355,1712690600.1724143,41003047.73315264,984.6,1.3319159155875735e-10,1064.0,BID
356,1712690603.1026292,41004065.64995089,984.6,2.2596326405527298e-08,1064.0,BID
357,1712690607.6654675,41006302.29823247,984.6,-4.965045739683772e-08,1064.0,ASK
358,1712690607.6824074,41007439.79823247,983.0,-2.525090589968109e-08,1064.0,ASK
359,1712690609.102501,41011189.79823247,984.7,8.324474472422336e-08,1064.0,BID
360,1712690609.1425114,41011244.79823247,982.1,-1.220922922621942e-09,1064.0,ASK
361,1712690609.1467254,41012039.79823247,982.0,-1.7647885881535352e-08,1064.0,ASK
362,1712690609.1510851,41015168.95233877,982.0,-6.946283594171085e-08,1064.0,ASK
363,1712690610.9824836,41015168.95233877,982.0,-0.0,1064.0,ASK
364,1712690612.352298,41015168.95233909,983.6,7.106060415378474e-18,1064.0,BID
365,1712690612.355721,41015334.01111509,983.6,3.661077674687383e-09,1064.0,BID
366,1712690612.4728885,41015463.83197087,983.8,2.8794848013056107e-09,1064.0,BID
367,1712690612.482095,41015678.75087646,983.8,4.766997709443766e-09,1064.0,BID
368,1712690613.482411,41015924.31775158,983.0,-5.4467834182959525e-09,1064.0,ASK
369,1712690633.9627182,41017480.71699885,983.1,-3.4521633294681063e-08,1064.0,ASK
370,1712690633.9675534,41018991.46514247,983.1,-3.350907134274793e-08,1064.0,ASK
371,1712690640.235516,41019500.06040236,983.1,1.128087095138866e-08,1064.0,BID
372,1712690640.6425714,41019500.06040236,983.1,0.0,1064.0,BID
373,1712690651.3622298,41023525.25980436,983.1,8.927229621321117e-08,1064.0,BID
374,1712690651.422139,41030362.62318636,983.1,1.5164146373770816e-07,1064.0,BID
375,1712690664.4039996,41034992.59382813,983.1,1.0268512670091574e-07,1064.0,BID
376,1712690665.8871248,41036574.52925362,983.1,3.5084723461019804e-08,1064.0,BID
377,1712690665.9620843,41037293.59081065,983.1,1.5947601572995534e-08,1064.0,BID
378,1712690670.6538243,41037293.59081065,983.1,0.0,1064.0,BID
379,1712690673.2721512,41037384.0241216,983.1,-2.004884141379529e-09,1064.0,ASK
380,1712690700.9820535,41037384.0241216,983.1,-0.0,1064.0,ASK
381,1712690701.8927162,41037434.81648242,984.4,1.1265517338310298e-09,1064.0,BID
382,1712690710.9840095,41037534.81648242,983.1,-2.217955053961943e-09,1064.0,ASK
383,1712690710.9893408,41037682.04222871,983.1,-3.265400880712998e-09,1064.0,ASK
384,1712690710.9931817,41037782.04222871,982.6,-2.217955053961943e-09,1064.0,ASK
385,1712690710.995198,41037882.04222871,983.1,-2.217955053961943e-09,1064.0,ASK
386,1712690710.9972484,41038182.04222871,983.0,-6.653865161885829e-09,1064.0,ASK
387,1712690710.9993148,41043267.99482763,983.1,-1.1280414270973304e-07,1064.0,ASK
388,1712690711.0015862,41043471.57788951,982.4,-4.515380810008169e-09,1064.0,ASK
389,1712690711.0036986,41043675.11951377,982.6,-4.514461742255861e-09,1064.0,ASK
390,1712690711.0057647,41051237.82704232,982.3,-1.677374538457564e-07,1064.0,ASK
391,1712690717.9317777,41051339.41176397,984.3,2.25310346799256e-09,1064.0,BID
392,1712690728.7932663,41051381.91965361,982.3,-9.428058865111423e-10,1064.0,ASK
393,1712690728.7974968,41051429.84507492,982.3,-1.062964304132069e-09,1064.0,ASK
394,1712690731.0217624,41051429.84507492,982.3,-0.0,1064.0,ASK
395,1712690733.1624491,41051483.63870558,982.3,-1.1927534167095634e-09,1064.0,ASK
396,1712690733.1669233,41052119.3764331,982.3,-1.4096061881819137e-08,1064.0,ASK
397,1712690734.4920266,41052579.02164859,984.3,1.0191604369055942e-08,1064.0,BID
398,1712690742.6146924,41059480.52692854,982.3,-1.5302544004111576e-07,1064.0,ASK
399,1712690760.601953,41059480.52692854,982.3,-0.0,1064.0,ASK
400,1712690790.613634,41059480.52692854,982.3,-0.0,1064.0,ASK
401,1712690820.9720678,41059480.52692854,982.3,-0.0,1064.0,ASK
402,1712690822.8720174,41059581.63180934,983.0,-2.2413814837148867e-09,1064.0,ASK
403,1712690822.876113,41060500.41474088,983.1,-2.036838413708137e-08,1064.0,ASK
404,1712690849.002247,41061166.30824015,983.1,-1.4762109875862966e-08,1064.0,ASK
405,1712690849.0069418,41061993.08285365,983.2,-1.832866321781828e-08,1064.0,ASK
406,1712690849.0108104,41062737.06302246,983.3,-1.649320350685836e-08,1064.0,ASK
407,1712690850.991712,41062737.06302246,983.3,-0.0,1064.0,ASK
408,1712690880.623589,41062737.06302246,983.3,-0.0,1064.0,ASK
409,1712690899.1122994,41062742.14432327,984.0,1.1263872852823476e-10,1064.0,BID
410,1712690904.312108,41063217.13669466,984.0,1.0529299243511287e-08,1064.0,BID
411,1712690904.3163176,41066028.25951561,984.0,6.231500793394506e-08,1064.0,BID
412,1712690907.761996,41066528.25951561,984.0,-1.108365089378467e-08,1064.0,ASK
413,1712690910.2932353,41066551.93581985,984.0,-5.248397812149247e-10,1064.0,ASK
414,1712690910.6032298,41066551.93581985,984.0,-0.0,1064.0,ASK
415,1712690913.1621342,41067134.17723419,984.2,1.29056472351137e-08,1064.0,BID
416,1712690917.942577,41067216.04559873,984.0,-1.8146497423319367e-09,1064.0,ASK
417,1712690917.9503517,41067222.04559873,984.0,-1.3299274408138214e-10,1064.0,ASK
418,1712690918.9820492,41067425.29763125,984.0,-4.505174257456431e-09,1064.0,ASK
419,1712690929.0819433,41067435.45920019,984.1,-2.2523582291015967e-10,1064.0,ASK
420,1712690934.6820805,41067445.61973666,984.0,2.2521293770368903e-10,1064.0,BID
421,1712690940.9844196,41067445.61973666,984.0,0.0,1064.0,BID
422,1712690942.571927,41068295.23740869,984.0,1.883179715277171e-08,1064.0,BID
423,1712690942.6729789,41069445.61973666,984.1,-2.549825334558183e-08,1064.0,ASK
424,1712690943.4522412,41069451.61973666,984.0,-1.3299015149506063e-10,1064.0,ASK
425,1712690945.4231815,41069522.6486494,984.0,1.574357644423723e-09,1064.0,BID
426,1712690945.5217564,41069959.74981796,984.0,-9.688358437532777e-09,1064.0,ASK
427,1712690946.122028,41069965.74981796,983.9,-1.3299015149506063e-10,1064.0,ASK
428,1712690946.1249917,41070507.96573621,983.4,-1.2018229518525285e-08,1064.0,ASK
429,1712690946.1277316,41070615.64341796,983.5,-2.386678534795909e-09,1064.0,ASK
430,1712690946.1300812,41070621.64341796,983.9,-1.3299015149506063e-10,1064.0,ASK
431,1712690949.3723974,41070627.64341796,984.1,-1.3299015149506063e-10,1064.0,ASK
432,1712690951.4822376,41070637.8049869,984.1,-2.2523143211938667e-10,1064.0,ASK
433,1712690959.2127426,41070637.805054,983.4,-1.4872716173088997e-15,1064.0,ASK
434,1712690959.2174342,41070737.805054,983.4,-2.216502524917677e-09,1064.0,ASK
435,1712690959.2215445,41070997.25256118,983.3,-5.750660547486735e-09,1064.0,ASK
436,1712690959.224787,41071009.25256118,983.4,-2.6598030299012126e-10,1064.0,ASK
437,1712690959.2280536,41071015.25256118,983.3,-1.3299015149506063e-10,1064.0,ASK
438,1712690964.831953,41071211.57649584,983.3,-4.351524968742486e-09,1064.0,ASK
439,1712690964.8362,41071305.31905974,983.3,-2.077806295674773e-09,1064.0,ASK
440,1712690968.8020482,41071566.37890844,983.3,-5.786398138058104e-09,1064.0,ASK
441,1712690970.981871,41071566.37890844,983.3,-0.0,1064.0,ASK
442,1712690991.031923,41071801.33277227,983.5,-5.207290421323087e-09,1064.0,ASK
443,1712690993.661733,41072012.79124972,983.5,-4.68656137932288e-09,1064.0,ASK
444,1712690997.07205,41072203.10387942,983.5,-4.2179052412254654e-09,1064.0,ASK
445,1712691000.6819973,41072816.52126273,983.5,-1.3595190188830778e-08,1064.0,ASK
446,1712691000.7245994,41072816.52126273,983.5,-0.0,1064.0,ASK
447,1712691015.5223284,41072942.595883,983.6,-2.7954577921010467e-09,1064.0,ASK
448,1712691015.5274138,41076395.47195863,983.5,-7.656076465012588e-08,1064.0,ASK
449,1712691015.531683,41076903.81681426,983.6,-1.1271551599422396e-08,1064.0,ASK
450,1712691030.6233475,41076903.81681426,983.6,-0.0,1064.0,ASK
451,1712691060.9636557,41076903.81681426,983.6,-0.0,1064.0,ASK
452,1712691062.1153097,41077005.47382351,983.7,-2.253844194998941e-09,1064.0,ASK
453,1712691062.1190877,41077257.70571426,983.6,-5.592249732244997e-09,1064.0,ASK
454,1712691062.2730172,41077623.00571426,983.6,-8.099090170852436e-09,1064.0,ASK
455,1712691073.03186,41077812.56781003,983.6,-4.202793612426483e-09,1064.0,ASK
456,1712691073.03606,41077906.45328907,983.6,-2.081541090852546e-09,1064.0,ASK
457,1712691073.4519036,41078171.32183838,983.6,-5.8724179148628545e-09,1064.0,ASK
458,1712691075.8422058,41078740.08232242,983.6,-1.2610025857907105e-08,1064.0,ASK
459,1712691075.8491957,41078759.87486551,983.6,-4.388217662327583e-10,1064.0,ASK
460,1712691076.0025983,41078993.54288466,983.6,-5.180668921931289e-09,1064.0,ASK
461,1712691076.0067954,41079173.86475509,983.6,-3.9979279724923964e-09,1064.0,ASK
462,1712691076.241583,41079414.17634681,983.6,-5.327964003487568e-09,1064.0,ASK
463,1712691082.4917085,41079421.28872234,984.2,1.5768894258864235e-10,1064.0,BID
464,1712691084.431815,41079726.10481662,984.2,6.758097544964425e-09,1064.0,BID
465,1712691086.2415311,41079736.26535309,984.2,2.2526991798377478e-10,1064.0,BID
466,1712691086.3415823,41079980.31208027,983.7,-5.410775935812386e-09,1064.0,ASK
467,1712691086.3818097,41080222.4578597,983.7,-5.368629899036218e-09,1064.0,ASK
468,1712691091.0016105,41080222.4578597,983.7,-0.0,1064.0,ASK
469,1712691120.6531742,41080222.4578597,983.7,-0.0,1064.0,ASK
470,1712691136.511724,41080242.4578597,983.8,-4.4338921586449357e-10,1064.0,ASK
471,1712691149.6820788,41081188.19526231,984.2,2.0966488267859195e-08,1064.0,BID
472,1712691149.6874115,41082332.99255867,984.2,2.5379538777845623e-08,1064.0,BID
473,1712691150.621569,41082332.99255867,984.2,0.0,1064.0,BID
474,1712691166.0316024,41082827.42128904,984.4,1.0960713612460246e-08,1064.0,BID
475,1712691174.1544197,41083269.52843514,984.4,9.800825714158712e-09,1064.0,BID
476,1712691174.1589663,41083444.43235155,984.4,3.877346965760925e-09,1064.0,BID
477,1712691180.9518082,41083444.43235155,984.4,0.0,1064.0,BID
478,1712691210.5917244,41083449.51004018,984.7,1.1256170521673256e-10,1064.0,BID
479,1712691210.971307,41083449.51004018,984.7,0.0,1064.0,BID
480,1712691215.774474,41084465.35725675,984.4,-2.251919931755716e-08,1064.0,ASK
481,1712691227.4519775,41084566.9419784,984.7,2.251919931706167e-09,1064.0,BID
482,1712691235.454548,41084572.9419784,984.2,-1.330073988504948e-10,1064.0,ASK
483,1712691235.457061,41084744.48417537,984.2,-3.802730235273505e-09,1064.0,ASK
484,1712691240.562546,41084999.08391282,984.4,5.643941471051219e-09,1064.0,BID
485,1712691240.5729544,41085058.71061385,984.4,1.3217987342763338e-09,1064.0,BID
486,1712691240.5842812,41085349.94463506,984.7,6.456046603132316e-09,1064.0,BID
487,1712691240.5862782,41086365.48236229,984.7,2.2512338588885355e-08,1064.0,BID
488,1712691240.588342,41087381.32957886,985.0,2.251919931755716e-08,1064.0,BID
489,1712691240.5940275,41087381.32957886,985.0,0.0,1064.0,BID
490,1712691240.7019296,41087515.0838929,985.0,2.964948115377919e-09,1064.0,BID
491,1712691240.70653,41087843.38000241,985.0,7.2773797107496545e-09,1064.0,BID
492,1712691240.7111278,41088072.51027492,985.0,5.079158564328378e-09,1064.0,BID
493,1712691263.7616737,41088172.51027492,985.1,-2.2167121387936244e-09,1064.0,ASK
494,1712691270.6134129,41088172.51027492,985.1,-0.0,1064.0,ASK
495,1712691280.481709,41088680.12448812,985.2,1.1251580998247248e-08,1064.0,BID
496,1712691292.2820349,41088880.12448812,985.3,4.433122913240384e-09,1064.0,BID
497,1712691299.6321986,41089122.76994625,985.2,-5.3783857010288844e-09,1064.0,ASK
498,1712691299.7713437,41089132.91913938,985.3,2.249631030871346e-10,1064.0,BID
499,1712691300.931266,41089132.91913938,985.3,0.0,1064.0,BID
500,1712691314.7848158,41089267.77305617,985.3,2.990599206768113e-09,1064.0,BID
501,1712691322.3722773,41089414.00010858,985.3,3.2428165034292463e-09,1064.0,BID
502,1712691322.377221,41090282.08473723,985.3,1.925115164292936e-08,1064.0,BID
503,1712691331.0214374,41090282.08473723,985.3,0.0,1064.0,BID
504,1712691340.2052636,41090564.22012746,985.3,6.256642062919521e-09,1064.0,BID
505,1712691344.311665,41090682.90298081,985.3,2.631914173490153e-09,1064.0,BID
506,1712691360.6434796,41090682.90298081,985.3,0.0,1064.0,BID
507,1712691363.841762,41091564.71317955,985.5,1.9554875614621333e-08,1064.0,BID
508,1712691369.5041728,41091574.87474849,985.5,2.2534125478370807e-10,1064.0,BID
509,1712691371.5215871,41091585.02188192,985.5,2.2502113538476477e-10,1064.0,BID
510,1712691373.291806,41093559.06580871,985.5,4.377606825298484e-08,1064.0,BID
511,1712691373.7922444,41093727.04301126,985.5,3.725034374342299e-09,1064.0,BID
512,1712691379.5118985,41094234.50571297,985.5,-1.1253408074832635e-08,1064.0,ASK
513,1712691379.5176682,41094727.04301126,985.5,-1.092242482274698e-08,1064.0,ASK
514,1712691390.6232562,41094727.04301126,985.5,-0.0,1064.0,ASK
515,1712691420.965884,41094727.04301126,985.5,-0.0,1064.0,ASK
516,1712691436.731835,41095106.71629942,986.3,8.418827322928921e-09,1064.0,BID
517,1712691447.352073,41095651.37922607,986.3,1.2077286634816484e-08,1064.0,BID
518,1712691447.35851,41096023.01772862,986.3,8.240665006100942e-09,1064.0,BID
519,1712691450.9712622,41096023.01772862,986.3,0.0,1064.0,BID
520,1712691451.5919518,41096470.71772862,986.3,-9.926961640167112e-09,1064.0,ASK
521,1712691455.5413685,41096656.20654126,986.3,-4.11288882677739e-09,1064.0,ASK
522,1712691456.0620148,41096827.71663926,986.3,-3.802935366741811e-09,1064.0,ASK
523,1712691456.0813217,41096997.28446366,986.3,-3.7598688591104116e-09,1064.0,ASK
524,1712691457.2632551,41097027.68576078,986.8,6.74095399467927e-10,1064.0,BID
525,1712691459.7931457,41097079.00050044,986.8,1.1378142777996843e-09,1064.0,BID
526,1712691460.6516256,41097129.66419483,986.9,1.1233784917289194e-09,1064.0,BID
527,1712691462.883104,41097381.66419483,986.3,-5.587657657595397e-09,1064.0,ASK
528,1712691462.8894348,41097391.80309636,986.3,-2.2481234437773268e-10,1064.0,ASK
529,1712691462.8930233,41097413.18508494,986.8,-4.741080643251385e-10,1064.0,ASK
530,1712691462.8955123,41097550.39751483,986.3,-3.042444780095271e-09,1064.0,ASK
531,1712691464.311522,41097550.39751627,986.3,-3.204948802710724e-17,1064.0,ASK
532,1712691464.3171873,41097962.86329747,986.3,-9.14570468571911e-09,1064.0,ASK
533,1712691474.8514488,41098013.532126,986.7,1.1234923323364095e-09,1064.0,BID
534,1712691479.3300412,41098153.65832789,986.3,-3.1070525596138983e-09,1064.0,ASK
535,1712691480.6118014,41098153.65832789,986.3,-0.0,1064.0,ASK
536,1712691482.1115766,41098570.34342789,986.3,-9.238830160502913e-09,1064.0,ASK
537,1712691493.0319085,41102969.49877066,986.3,-9.753900262302181e-08,1064.0,ASK
538,1712691493.0412583,41103273.36185781,986.3,-6.737316631250645e-09,1064.0,ASK
539,1712691507.3396928,41103577.52894553,986.3,-6.744056996211157e-09,1064.0,ASK
540,1712691507.347813,41103628.21832103,986.4,-1.123895553824865e-09,1064.0,ASK
541,1712691507.3508852,41108576.32993081,986.3,-1.0971057707207122e-07,1064.0,ASK
542,1712691507.353796,41108576.32993221,986.3,-3.1056819554485835e-17,1064.0,ASK
543,1712691510.6060648,41108576.32993221,986.3,-0.0,1064.0,ASK
544,1712691511.977373,41108586.47192003,986.0,2.2481905622660101e-10,1064.0,BID
545,1712691519.581804,41108596.47192003,986.6,-2.2167158974794408e-10,1064.0,ASK
546,1712691520.9918597,41108601.5393164,986.7,1.1232978097876056e-10,1064.0,BID
547,1712691534.0617042,41109108.27895357,986.7,1.1232978095894162e-08,1064.0,BID
548,1712691537.981463,41109512.61895357,986.6,-8.963069059947651e-09,1064.0,ASK
549,1712691539.4815326,41109916.95895357,986.6,-8.963069059782491e-09,1064.0,ASK
550,1712691540.9512584,41109916.95895357,986.6,-0.0,1064.0,ASK
551,1712691542.4412534,41110643.18895357,986.6,-1.6097983857945674e-08,1064.0,ASK
552,1712691543.8414984,41111809.83242423,986.6,-2.586041303519837e-08,1064.0,ASK
553,1712691543.861375,41112307.41823982,986.6,-1.1029740477813572e-08,1064.0,ASK
554,1712691543.941378,41112711.75823982,986.6,-8.962806264051235e-09,1064.0,ASK
555,1712691544.0216606,41113019.91909293,986.6,-6.830850335281017e-09,1064.0,ASK
556,1712691544.1014104,41113334.62108353,986.6,-6.975844518491342e-09,1064.0,ASK
557,1712691546.3516498,41113435.9792834,986.6,-2.246757453426248e-09,1064.0,ASK
558,1712691550.3713195,41113840.3192834,986.2,-8.962806264051235e-09,1064.0,ASK
559,1712691558.1216197,41113846.3133934,986.6,1.3286849338691883e-10,1064.0,BID
560,1712691558.8214304,41114250.6533934,986.6,-8.962806264051235e-09,1064.0,ASK
561,1712691561.7341168,41114398.11138653,986.6,-3.2686289372187904e-09,1064.0,ASK
562,1712691565.361346,41114802.45138653,986.6,-8.962806264051235e-09,1064.0,ASK
563,1712691565.561453,41115002.35138653,986.6,-4.431085156439233e-09,1064.0,ASK
564,1712691566.4521146,41115103.49817488,985.5,-2.2420711980390764e-09,1064.0,ASK
565,1712691566.4582014,41115468.45985261,985.5,-8.089926327518692e-09,1064.0,ASK
566,1712691566.4641497,41115624.08434789,986.6,-3.449651780880201e-09,1064.0,ASK
567,1712691566.4688296,41115625.34158982,986.2,-2.786866470347828e-11,1064.0,ASK
568,1712691566.4715097,41115655.78299012,985.5,-6.747795747784161e-10,1064.0,ASK
569,1712691566.4741752,41115692.50191452,985.5,-8.13930369607829e-10,1064.0,ASK
570,1712691570.9713557,41115692.50191452,985.5,-0.0,1064.0,ASK
571,1712691576.6316955,41117245.34060251,985.5,-3.441666627732126e-08,1064.0,ASK
572,1712691579.5816813,41121875.31124428,985.5,-1.0261732637421093e-07,1064.0,ASK
573,1712691588.711935,41122890.02458776,985.5,-2.2489812225727108e-08,1064.0,ASK
574,1712691588.718734,41126371.64292834,985.5,-7.716557905200115e-08,1064.0,ASK
575,1712691588.723797,41127386.35627182,985.5,-2.2489812225727108e-08,1064.0,ASK
576,1712691600.6313725,41127386.35627182,985.5,-0.0,1064.0,ASK
577,1712691623.3342304,41127391.45627182,985.6,-1.1307151695129542e-10,1064.0,ASK
578,1712691624.2617576,41128400.96666144,985.6,2.2381739431159653e-08,1064.0,BID
579,1712691630.635052,41128400.96666144,985.6,0.0,1064.0,BID
580,1712691648.1220777,41129415.42646004,985.7,-2.2490973567112762e-08,1064.0,ASK
581,1712691659.6697228,41130602.86353161,985.7,2.6325947884794e-08,1064.0,BID
582,1712691660.9741237,41130602.86353161,985.7,0.0,1064.0,BID
583,1712691686.121919,41130653.58890445,985.7,-1.1245473964003408e-09,1064.0,ASK
584,1712691687.6712382,41131412.19626829,985.7,-1.6817814994822312e-08,1064.0,ASK
585,1712691687.7912886,41131753.58890445,985.7,7.568445112912604e-09,1064.0,BID
586,1712691690.9717004,41131753.58890445,985.7,0.0,1064.0,BID
587,1712691720.6428385,41131753.58890445,985.7,0.0,1064.0,BID
588,1712691728.2314603,41132603.20657648,986.0,1.883497868678825e-08,1064.0,BID
589,1712691728.2356846,41133780.73342233,986.2,2.6104321714049e-08,1064.0,BID
590,1712691730.8618283,41133799.12421527,986.2,4.0770125714925765e-10,1064.0,BID
591,1712691731.5613558,41133809.26414631,986.2,2.2478979829815072e-10,1064.0,BID
592,1712691750.631678,41133809.26414631,986.2,0.0,1064.0,BID
593,1712691759.0618143,41133859.96380155,986.2,1.1238984846316143e-09,1064.0,BID
594,1712691766.7318118,41134107.88380155,986.2,5.495834459255835e-09,1064.0,BID
595,1712691771.6218772,41134151.8840449,986.2,9.75387437970207e-10,1064.0,BID
596,1712691780.9815483,41134151.8840449,986.2,0.0,1064.0,BID
597,1712691792.8215394,41134195.44406315,986.2,9.65621394724223e-10,1064.0,BID
598,1712691796.4714727,41134238.56826716,986.2,9.559604356543376e-10,1064.0,BID
599,1712691799.3815565,41134281.26100696,986.2,9.463959063191802e-10,1064.0,BID
600,1712691811.011634,41134281.26100696,986.2,0.0,1064.0,BID
601,1712691818.8217988,41137710.45887474,986.2,7.601689795633505e-08,1064.0,BID
602,1712691818.8287168,41141363.85325507,986.2,8.098678423114394e-08,1064.0,BID
603,1712691823.350169,41141814.44597774,986.7,9.9885344444065e-09,1064.0,BID
604,1712691823.35519,41148996.7887729,986.9,1.592149069253516e-07,1064.0,BID
605,1712691823.3599844,41149057.64710286,986.8,1.349079766370037e-09,1064.0,BID
606,1712691823.364134,41149311.27029127,986.7,5.622203435263638e-09,1064.0,BID
607,1712691823.3668694,41149341.69008442,986.6,6.74332132759966e-10,1064.0,BID
608,1712691823.3696434,41150355.16935877,986.7,2.2466347393591265e-08,1064.0,BID
609,1712691831.4917028,41150360.23521489,987.0,1.1229759340112171e-10,1064.0,BID
610,1712691834.5621967,41151150.43528687,987.0,1.7516795633579005e-08,1064.0,BID
611,1712691834.567876,41151640.38015966,987.4,1.0860875001983636e-08,1064.0,BID
612,1712691834.572074,41155217.47651348,987.5,7.929544429711968e-08,1064.0,BID
613,1712691834.5762782,41156049.37910681,987.3,1.844123815102724e-08,1064.0,BID
614,1712691835.2824,41156357.51854909,985.6,-6.8306949447841684e-09,1064.0,ASK
615,1712691835.2889836,41156539.51854909,985.7,-4.0344931851383156e-09,1064.0,ASK
616,1712691840.6035302,41156539.51854909,985.7,-0.0,1064.0,ASK
617,1712691861.6216602,41156621.13527313,987.8,1.808361949344216e-09,1064.0,BID
618,1712691861.6274552,41156640.71263935,988.0,4.3377095264280167e-10,1064.0,BID
619,1712691870.63778,41156640.71263935,988.0,0.0,1064.0,BID
620,1712691889.041291,41166640.87022345,987.0,2.2157057420103417e-07,1064.0,BID
621,1712691892.9916518,41167045.21022345,987.0,-8.958843420195253e-09,1064.0,ASK
622,1712691894.0916765,41167304.71962345,987.0,-5.749874067876842e-09,1064.0,ASK
623,1712691895.841575,41167309.98725723,988.0,1.1671342493206938e-10,1064.0,BID
624,1712691895.848253,41167405.36840887,988.0,2.1133323510664795e-09,1064.0,BID
625,1712691895.9821098,41173965.68460887,987.0,-1.453550121734453e-07,1064.0,ASK
626,1712691897.5110753,41177438.44570887,987.1,-7.694495456888876e-08,1064.0,ASK
627,1712691900.6615164,41177438.44570887,987.1,-0.0,1064.0,ASK
628,1712691904.3516748,41177438.44572729,987.1,-4.079534963284529e-16,1064.0,ASK
629,1712691904.3574357,41177842.78570887,987.1,-8.956096472806279e-09,1064.0,ASK
630,1712691905.7017884,41179825.38618472,987.1,-4.391443324372927e-08,1064.0,ASK
631,1712691907.6114569,41179855.78132149,987.0,-6.732497145572119e-10,1064.0,ASK
632,1712691907.6173267,41179957.09853272,987.0,-2.24416767942958e-09,1064.0,ASK
633,1712691911.2423675,41180507.10853254,987.0,-1.2182675084863542e-08,1064.0,ASK
634,1712691911.2492895,41180507.10853272,987.0,-3.960713556586923e-18,1064.0,ASK
635,1712691911.4418292,41180512.16977373,987.9,1.1210606125541234e-10,1064.0,BID
636,1712691913.0818236,41181032.44827373,986.7,-1.1524124872808038e-08,1064.0,ASK
637,1712691914.8713987,41181465.55827373,986.7,-9.593349953152534e-09,1064.0,ASK
638,1712691916.5415363,41182015.56827373,986.7,-1.2182675088824257e-08,1064.0,ASK
639,1712691918.3015995,41182565.57827373,986.7,-1.2182675088824257e-08,1064.0,ASK
640,1712691919.8314016,41183115.58827373,986.7,-1.2182675088824257e-08,1064.0,ASK
641,1712691921.631611,41183665.59827373,986.7,-1.2182675088989286e-08,1064.0,ASK
642,1712691922.7217157,41184340.9362804,986.7,-1.49586798610919e-08,1064.0,ASK
643,1712691923.162045,41184610.35884682,986.7,-5.9676871117264875e-09,1064.0,ASK
644,1712691923.1687033,41184890.9462804,986.7,-6.21498797709777e-09,1064.0,ASK
645,1712691930.6312215,41184890.9462804,986.7,-0.0,1064.0,ASK
646,1712691934.6613944,41185440.9562804,986.8,-1.2180690822656278e-08,1064.0,ASK
647,1712691940.961597,41185990.9662804,986.8,-1.2180690822491276e-08,1064.0,ASK
648,1712691943.1513968,41186127.00535318,987.9,3.012763195832428e-09,1064.0,BID
649,1712691944.2618062,41186177.797714,986.8,-1.1248632630200871e-09,1064.0,ASK
650,1712691953.111655,41186221.0095097,986.8,-9.56981733512093e-10,1064.0,ASK
651,1712691953.117988,41186438.101214,986.7,-4.807779731704405e-09,1064.0,ASK
652,1712691956.10168,41186984.040614,986.7,-1.2090542061545002e-08,1064.0,ASK
653,1712691956.1816428,41187148.846211,986.7,-3.6498354991337724e-09,1064.0,ASK
654,1712691956.1883705,41187313.651808,986.7,-3.6498354991337724e-09,1064.0,ASK
655,1712691956.2013302,41187478.457405,986.7,-3.6498354991337724e-09,1064.0,ASK
656,1712691956.206511,41187694.78561113,986.7,-4.7908710660825045e-09,1064.0,ASK
657,1712691960.961243,41187694.78561113,986.7,-0.0,1064.0,ASK
658,1712691966.4213676,41187794.85617987,986.7,-2.216057840540481e-09,1064.0,ASK
659,1712691972.7822106,41189548.35480987,986.2,-3.8831141226698224e-08,1064.0,ASK
660,1712691973.561576,41190178.51443285,986.7,1.3954853968185512e-08,1064.0,BID
661,1712691984.7818766,41190178.51443378,986.2,-2.0624092773007573e-17,1064.0,ASK
662,1712691984.7912254,41190279.91374426,986.2,-2.245482761346521e-09,1064.0,ASK
663,1712691990.9637296,41190279.91374426,986.2,-0.0,1064.0,ASK
664,1712692020.5955863,41190279.91374426,986.2,-0.0,1064.0,ASK
665,1712692037.4013824,41190432.01270998,986.2,3.368033963778424e-09,1064.0,BID
666,1712692040.41153,41190469.94914782,986.7,8.40053122637124e-10,1064.0,BID
667,1712692040.4184675,41190766.46087051,986.2,6.565866822038107e-09,1064.0,BID
668,1712692050.633325,41190766.46087051,986.2,0.0,1064.0,BID
669,1712692060.0814798,41190867.86017051,986.2,-2.245331885622458e-09,1064.0,ASK
670,1712692065.4619975,41190903.52474095,985.9,-7.89737179502025e-10,1064.0,ASK
671,1712692065.4666696,41195134.06016003,985.8,-9.367871444456201e-08,1064.0,ASK
672,1712692065.471214,41195134.06017051,986.2,-2.3196423259000903e-16,1064.0,ASK
673,1712692069.111418,41196108.06017051,985.8,-2.1567735246324133e-08,1064.0,ASK
674,1712692080.9512222,41196108.06017051,985.8,-0.0,1064.0,ASK
675,1712692089.3516965,41197122.46471505,985.8,-2.2459812998836776e-08,1064.0,ASK
676,1712692093.7114117,41197132.60773158,985.9,-2.2457534893794926e-10,1064.0,ASK
677,1712692093.8015063,41198511.85974834,985.9,3.0537858432763955e-08,1064.0,BID
678,1712692100.551673,41198592.49897476,987.3,1.785423730159147e-09,1064.0,BID
679,1712692100.561225,41198598.39897476,986.6,1.306312135261503e-10,1064.0,BID
680,1712692100.5659947,41198613.15923801,986.7,3.268052713060356e-10,1064.0,BID
681,1712692110.9913254,41198613.15923801,986.7,0.0,1064.0,BID
682,1712692117.4513958,41199937.85097801,985.9,-2.93282419173722e-08,1064.0,ASK
683,1712692117.491683,41200001.16490045,985.9,-1.4017495376947091e-09,1064.0,ASK
684,1712692117.5316064,41200040.79839608,985.8,-8.774726321118605e-10,1064.0,ASK
685,1712692117.5373569,41200152.38289597,985.8,-2.47044433669595e-09,1064.0,ASK
686,1712692117.5428042,41208320.12572804,985.8,-1.80831155252857e-07,1064.0,ASK
687,1712692120.1614225,41208326.12572804,986.7,1.3283803785505464e-10,1064.0,BID
688,1712692125.102188,41208722.76292804,985.7,-8.781417898007362e-09,1064.0,ASK
689,1712692139.8713446,41208747.82575738,986.8,5.548828453929824e-10,1064.0,BID
690,1712692140.6438868,41208747.82575738,986.8,0.0,1064.0,BID
691,1712692141.581673,41208752.89264023,986.8,1.1215432147888624e-10,1064.0,BID
692,1712692151.9216375,41209302.90264023,985.7,-1.2174348629553682e-08,1064.0,ASK
693,1712692153.4415536,41209852.91264023,985.7,-1.2174348629553682e-08,1064.0,ASK
694,1712692154.0821435,41213203.68111423,985.7,-7.416851253526382e-08,1064.0,ASK
695,1712692154.1414418,41213341.25238337,985.7,-3.045109347126936e-09,1064.0,ASK
696,1712692154.1512463,41213592.01325523,985.7,-5.550535947809059e-09,1064.0,ASK
697,1712692154.1820245,41213592.01325609,985.7,-1.896544799764829e-17,1064.0,ASK
698,1712692154.2616885,41213693.46400175,985.6,-2.2455896191940844e-09,1064.0,ASK
699,1712692154.2711055,41215521.10637764,985.6,-4.0454456199472215e-08,1064.0,ASK
700,1712692155.092425,41215765.73637764,985.5,-5.414830467249081e-09,1064.0,ASK
701,1712692165.3636584,41215867.08430507,986.7,2.2433137604868603e-09,1064.0,BID
702,1712692170.613497,41215867.08430507,986.7,0.0,1064.0,BID
703,1712692180.4613392,41216374.44097681,986.4,1.1228482641632753e-08,1064.0,BID
704,1712692186.241583,41216417.87015914,986.4,9.61145969043966e-10,1064.0,BID
705,1712692200.6837387,41216417.87015914,986.4,0.0,1064.0,BID
706,1712692211.1311252,41216937.17015914,985.6,-1.1494658701080812e-08,1064.0,ASK
707,1712692212.6112468,41218562.64825914,985.6,-3.59798112569023e-08,1064.0,ASK
708,1712692214.1238437,41219822.76825914,985.5,-2.78926426390492e-08,1064.0,ASK
709,1712692215.7516303,41219873.45763464,986.0,1.1220047587185363e-09,1064.0,BID
710,1712692220.3413472,41220781.84763464,985.5,-2.010713078671592e-08,1064.0,ASK
711,1712692221.8918664,41221165.99763464,985.5,-8.503125630711357e-09,1064.0,ASK
712,1712692226.0314014,41221856.79763464,985.5,-1.5290795745653647e-08,1064.0,ASK
713,1712692226.211643,41221970.30793885,985.5,-2.512540354297781e-09,1064.0,ASK
714,1712692227.5115194,41222992.76047575,985.5,-2.263189476167865e-08,1064.0,ASK
715,1712692227.5191183,41223260.00793885,985.5,-5.915498511607727e-09,1064.0,ASK
716,1712692228.8815894,41223742.00793885,985.5,-1.066902656258954e-08,1064.0,ASK
717,1712692229.1221435,41225332.30607585,985.5,-3.5201105946281593e-08,1064.0,ASK
718,1712692229.1301072,41232354.16957531,985.5,-1.554283157565238e-07,1064.0,ASK
719,1712692229.2216306,41232582.77520961,985.5,-5.060165113536537e-09,1064.0,ASK
720,1712692229.228694,41233332.48109731,985.5,-1.659467226136071e-08,1064.0,ASK
721,1712692229.2412791,41233597.48855309,985.5,-5.865916151478946e-09,1064.0,ASK
722,1712692229.2467666,41233726.24622531,985.5,-2.850039471073394e-09,1064.0,ASK
723,1712692229.2815416,41234104.84522483,985.5,-8.380254735263973e-09,1064.0,ASK
724,1712692229.288613,41234135.24897926,985.5,-6.729843644700867e-10,1064.0,ASK
725,1712692229.3413887,41234338.23284204,985.4,-4.493029509911242e-09,1064.0,ASK
726,1712692229.7816596,41235187.85051407,985.1,-1.8806210603511538e-08,1064.0,ASK
727,1712692230.081531,41236037.4681861,985.1,-1.880621060367645e-08,1064.0,ASK
728,1712692230.2041006,41237459.4130904,985.1,-3.1474622312219575e-08,1064.0,ASK
729,1712692230.2098024,41237559.4130904,985.1,-2.213490988089116e-09,1064.0,ASK
730,1712692230.213592,41238113.949131,985.0,-1.227460528431336e-08,1064.0,ASK
731,1712692230.2168782,41238622.71302316,985.0,-1.1261442903752844e-08,1064.0,ASK
732,1712692230.22013,41238762.02470454,985.1,-3.083651512589001e-09,1064.0,ASK
733,1712692230.2234626,41238799.47331516,985.0,-8.28921621209741e-10,1064.0,ASK
734,1712692230.6227336,41238799.47331516,985.0,-0.0,1064.0,ASK
735,1712692248.3313186,41238804.54894199,985.1,1.1229372144578207e-10,1064.0,BID
736,1712692258.3515208,41239109.14839371,985.1,6.738991477204221e-09,1064.0,BID
737,1712692258.3578465,41239138.01796688,985.1,6.38713584130597e-10,1064.0,BID
738,1712692260.963979,41239138.01796688,985.1,0.0,1064.0,BID
739,1712692262.3716283,41239312.11162598,985.1,-3.8516386745409865e-09,1064.0,ASK
740,1712692290.9611297,41239312.11162598,985.1,-0.0,1064.0,ASK
741,1712692303.1115975,41239319.11162598,984.5,-1.5486703285873383e-10,1064.0,ASK
742,1712692303.1213148,41239324.19033015,984.7,-1.1236054938741136e-10,1064.0,ASK
743,1712692303.1271408,41239430.83363707,984.6,-2.359361788265183e-09,1064.0,ASK
744,1712692303.1328597,41239435.91337297,984.5,-1.1238337516413544e-10,1064.0,ASK
745,1712692303.137224,41239802.25106827,984.3,-8.104804556501086e-09,1064.0,ASK
746,1712692308.4919603,41240302.25106827,985.1,-1.1061930918480988e-08,1064.0,ASK
747,1712692320.6413062,41240302.25106827,985.1,-0.0,1064.0,ASK
748,1712692324.1114798,41240474.42495924,985.1,-3.8090692086423004e-09,1064.0,ASK
749,1712692324.118972,41240802.25106827,985.1,-7.252623093158792e-09,1064.0,ASK
750,1712692329.9112616,41240981.48033327,985.1,-3.9651579617483695e-09,1064.0,ASK
751,1712692329.9311423,41240981.4803342,985.1,-2.0604007508235225e-17,1064.0,ASK
752,1712692348.741366,41241124.8499244,985.1,-3.171820584466138e-09,1064.0,ASK
753,1712692350.6423714,41241124.8499244,985.1,-0.0,1064.0,ASK
754,1712692374.7719505,41241624.8499244,985.1,-1.1061493996749413e-08,1064.0,ASK
755,1712692377.4816966,41242124.8499244,985.1,-1.1061493996749413e-08,1064.0,ASK
756,1712692380.9711928,41242124.8499244,985.1,-0.0,1064.0,ASK
757,1712692411.0110242,41242124.8499244,985.1,-0.0,1064.0,ASK
758,1712692430.861613,41242631.24547396,985.9,1.1202738517572374e-08,1064.0,BID
759,1712692439.9766731,41242917.10419534,985.8,6.3239112417455075e-09,1064.0,BID
760,1712692440.1139083,41243238.35265734,985.9,7.106820986257788e-09,1064.0,BID
761,1712692440.1314144,41243765.70012402,985.9,1.1666247427029536e-08,1064.0,BID
762,1712692440.1387544,41244326.0617749,985.9,1.2396603910931582e-08,1064.0,BID
763,1712692440.599465,41244326.0617749,985.9,0.0,1064.0,BID
764,1712692452.161378,41244331.13071245,986.4,1.1213221728501074e-10,1064.0,BID
765,1712692463.851258,41244406.93510332,986.4,1.676902575448113e-09,1064.0,BID
766,1712692466.0714688,41244457.62447883,986.4,-1.121322173674195e-09,1064.0,ASK
767,1712692470.6335485,41244457.62447883,986.4,-0.0,1064.0,ASK
768,1712692471.291861,41244483.19883897,986.4,-5.657401474573412e-10,1064.0,ASK
769,1712692471.29955,41244585.13232833,986.4,-2.254909486938524e-09,1064.0,ASK
770,1712692471.351462,41244711.10135091,986.4,-2.786608658827765e-09,1064.0,ASK
771,1712692471.358893,41244842.22246158,986.4,-2.9005799589999483e-09,1064.0,ASK
772,1712692471.371559,41245000.42765679,986.4,-3.499717294130484e-09,1064.0,ASK
773,1712692471.6518464,41245319.65015303,986.4,-7.0616422506364145e-09,1064.0,ASK
774,1712692471.8723388,41246271.85015303,986.4,-2.10639783542731e-08,1064.0,ASK
775,1712692471.893239,41246931.18238188,986.4,-1.4585339001183351e-08,1064.0,ASK
776,1712692473.6221163,41247085.14164342,986.4,-3.405791380447386e-09,1064.0,ASK
777,1712692479.061454,41247548.04164342,986.4,-1.0239986956739558e-08,1064.0,ASK
778,1712692479.1412082,41247701.60458206,986.4,-3.397024170872978e-09,1064.0,ASK
779,1712692479.1819618,41247903.88924762,986.4,-4.474816022709327e-09,1064.0,ASK
780,1712692483.8857288,41248192.18924762,986.4,-6.377593950493183e-09,1064.0,ASK
781,1712692484.2817173,41248475.98543902,986.4,-6.277963487275108e-09,1064.0,ASK
782,1712692484.3411908,41248963.93532267,986.4,-1.0794124960429761e-08,1064.0,ASK
783,1712692484.361135,41249174.13532267,986.4,-4.649914146182346e-09,1064.0,ASK
784,1712692484.4011822,41249661.69802946,986.4,-1.0785560073767893e-08,1064.0,ASK
785,1712692484.4412117,41250153.9912146,986.4,-1.0890204784595696e-08,1064.0,ASK
786,1712692486.071515,41250154.29055201,986.8,6.621756682449583e-12,1064.0,BID
787,1712692486.078409,41250164.02364265,986.8,2.15309399856591e-10,1064.0,BID
788,1712692487.4616194,41250427.88359616,986.4,-5.836946386550619e-09,1064.0,ASK
789,1712692500.9613402,41250427.88359616,986.4,-0.0,1064.0,ASK
790,1712692512.5816257,41251287.10555085,986.8,1.900737153631689e-08,1064.0,BID
791,1712692512.6615312,41251431.52707626,986.8,3.19483641724422e-09,1064.0,BID
792,1712692512.669427,41251532.86473334,986.8,2.241751957351697e-09,1064.0,BID
793,1712692512.70164,41251603.93787982,986.9,1.5722523081726743e-09,1064.0,BID
794,1712692512.8014438,41252546.34400768,986.9,2.084753923302701e-08,1064.0,BID
795,1712692531.0112123,41252546.34400768,986.9,0.0,1064.0,BID
796,1712692542.4929583,41252787.14400768,987.0,-5.326636939018773e-09,1064.0,ASK
797,1712692560.6411986,41252787.14400768,987.0,-0.0,1064.0,ASK
798,1712692561.2724802,41252976.21510641,987.0,-4.182341377981963e-09,1064.0,ASK
799,1712692566.4916823,41253178.84935159,987.0,-4.482364538543978e-09,1064.0,ASK
800,1712692566.4976969,41253255.56386582,987.0,-1.696961033670482e-09,1064.0,ASK
801,1712692566.5031323,41253284.98510641,987.0,-6.508116403819272e-10,1064.0,ASK
802,1712692567.961288,41253593.75510641,987.0,-6.830137212761198e-09,1064.0,ASK
803,1712692570.1719372,41253622.66598172,987.0,-6.395221209175953e-10,1064.0,ASK
804,1712692570.178919,41253955.35510641,987.0,-7.3592394689985405e-09,1064.0,ASK
805,1712692575.0119328,41254027.76135369,987.0,-1.601660148107178e-09,1064.0,ASK
806,1712692575.020713,41254264.12510641,987.0,-5.22847706448921e-09,1064.0,ASK
807,1712692583.4219131,41254270.12510641,987.6,1.3272281399142433e-10,1064.0,BID
808,1712692583.429275,41254274.25066331,987.6,9.125925353256224e-11,1064.0,BID
809,1712692590.6026187,41254274.25066331,987.6,0.0,1064.0,BID
810,1712692592.2716892,41254372.59604106,987.0,-2.1753752496259764e-09,1064.0,ASK
1011,1712692603.0917778,41254690.89604106,987.1,-7.040716684263014e-09,1064.0,ASK
811,1712692603.0917778,41254690.89604106,987.1,-7.0407166842630144e-09,1064.0,ASK
812,1712692620.9718394,41254690.89604106,987.1,-0.0,1064.0,ASK
813,1712692632.1315448,41255385.51577914,987.1,-1.5364675745062166e-08,1064.0,ASK
814,1712692632.1377938,41255716.84594106,987.0,-7.328873948442451e-09,1064.0,ASK
815,1712692645.271783,41255919.48018624,987.0,-4.482178235587462e-09,1064.0,ASK
816,1712692645.2787085,41256874.51485534,987.0,-2.1124936726677872e-08,1064.0,ASK
817,1712692645.2841225,41256894.77827985,987.0,-4.4821782334450167e-10,1064.0,ASK
818,1712692650.981024,41256894.77827985,987.0,-0.0,1064.0,ASK
819,1712692660.1915183,41256900.85361399,987.6,1.3437718900362673e-10,1064.0,BID
820,1712692680.6701458,41256900.85361399,987.6,0.0,1064.0,BID
821,1712692690.3505712,41256968.9748169,987.6,1.506737627078309e-09,1064.0,BID
822,1712692696.2809048,41257194.41943012,987.6,4.9864927073802475e-09,1064.0,BID
823,1712692696.2875066,41258194.4194299,987.6,2.2118482385015112e-08,1064.0,BID
824,1712692696.3401692,41258498.00169963,988.2,6.714779086886609e-09,1064.0,BID
825,1712692696.3504632,41258801.70690312,987.8,6.717498195263408e-09,1064.0,BID
826,1712692696.355575,41258842.28308491,987.8,8.97483562247198e-10,1064.0,BID
827,1712692696.3586686,41259145.92680961,988.0,6.716138377649345e-09,1064.0,BID
828,1712692696.3618178,41259145.92680983,987.6,4.943866071840893e-18,1064.0,BID
829,1712692696.3649747,41259574.7148919,988.2,9.484141642303929e-09,1064.0,BID
830,1712692700.940254,41259674.7148919,987.0,-2.211848238995898e-09,1064.0,ASK
831,1712692700.9460523,41259748.00907158,987.0,-1.6211560224935195e-09,1064.0,ASK
832,1712692700.9504306,41259758.00907158,987.0,-2.2118482389958976e-10,1064.0,ASK
833,1712692710.6646674,41259758.00907158,987.0,-0.0,1064.0,ASK
834,1712692712.3495245,41260057.44520999,987.1,-6.622659542623001e-09,1064.0,ASK
835,1712692730.05986,41260500.54520999,987.1,-9.800087788212809e-09,1064.0,ASK
836,1712692737.9865055,41260804.12747992,988.2,6.7143599554108245e-09,1064.0,BID
837,1712692737.9929976,41260804.12748099,988.2,2.3729075885528918e-17,1064.0,BID
1037,1712692737.9929976,41260804.12748099,988.2,2.372907588552892e-17,1064.0,BID
838,1712692740.9489636,41260804.12748099,988.2,0.0,1064.0,BID
839,1712692751.051301,41260933.01668304,987.2,-2.8505904723770677e-09,1064.0,ASK
840,1712692751.209199,41260943.13609119,988.2,2.2380686657061502e-10,1064.0,BID
841,1712692751.2155352,41260943.13609206,988.2,1.9279433698579134e-17,1064.0,BID
842,1712692755.3689716,41261448.55291385,987.2,-1.1178099901750188e-08,1064.0,ASK
843,1712692755.8743615,41261587.61976278,987.2,-3.075685381434936e-09,1064.0,ASK
844,1712692755.882624,41262432.10676594,987.2,-1.8677178281476883e-08,1064.0,ASK
845,1712692755.9731708,41262483.61672388,987.2,-1.1392249544427464e-09,1064.0,ASK
1046,1712692755.9796405,41263090.91372776,987.2,-1.343134277827784e-08,1064.0,ASK
846,1712692755.9796405,41263090.91372776,987.2,-1.3431342778277841e-08,1064.0,ASK
847,1712692756.1888804,41263337.78747362,987.2,-5.460007018641008e-09,1064.0,ASK
1047,1712692756.1888804,41263337.78747362,987.2,-5.4600070186410084e-09,1064.0,ASK
848,1712692761.1688654,41263368.17645255,988.0,-6.721007843944275e-10,1064.0,ASK
849,1712692762.319006,41263373.23615706,988.2,1.1190344300741512e-10,1064.0,BID
850,1712692769.1086717,41263562.33615706,987.3,-4.182248394384677e-09,1064.0,ASK
851,1712692770.968465,41263562.33615706,987.3,-0.0,1064.0,ASK
852,1712692775.1886992,41263573.23615706,987.3,-2.4105638454337037e-10,1064.0,ASK
853,1712692775.1984365,41264311.99910848,987.3,-1.633793817687529e-08,1064.0,ASK
854,1712692778.2385192,41264707.41910848,987.3,-8.744817944000124e-09,1064.0,ASK
855,1712692780.1896625,41265257.42910848,987.4,-1.2163616704616648e-08,1064.0,ASK
856,1712692786.179345,41265349.62079475,987.4,-2.038843539529618e-09,1064.0,ASK
857,1712692786.1874,41265549.62070848,987.4,-4.4230510201160455e-09,1064.0,ASK
858,1712692786.2007575,41265549.62079475,987.4,-1.9078899120308825e-15,1064.0,ASK
859,1712692787.678735,41266931.23079475,987.3,-3.0554670779298375e-08,1064.0,ASK
860,1712692789.588136,41267117.83079475,987.3,-4.1267083818625125e-09,1064.0,ASK
861,1712692790.2533092,41267571.93079475,987.3,-1.004254167307048e-08,1064.0,ASK
862,1712692800.18819,41268421.54846678,987.3,-1.8789519659704504e-08,1064.0,ASK
863,1712692800.4278405,41268547.25846678,987.3,-2.780109917917916e-09,1064.0,ASK
864,1712692800.48827,41269235.59436083,987.3,-1.5222730458107757e-08,1064.0,ASK
865,1712692800.4980874,41269535.59436083,987.3,-6.634579392008936e-09,1064.0,ASK
866,1712692800.5019329,41270649.64025488,987.2,-2.4637419768034613e-08,1064.0,ASK
867,1712692800.5063903,41270775.35025488,987.2,-2.780109917917916e-09,1064.0,ASK
868,1712692800.553147,41271075.35025488,987.4,6.634579392008936e-09,1064.0,BID
869,1712692800.778049,41271075.35025488,987.4,0.0,1064.0,BID
870,1712692802.6182616,41271529.26025488,987.2,-1.0041703953191288e-08,1064.0,ASK
871,1712692804.924422,41271652.96025488,987.2,-2.736575045613161e-09,1064.0,ASK
872,1712692805.0808718,41272365.96025488,987.2,-1.5773468129286148e-08,1064.0,ASK
873,1712692805.1377757,41273922.5534328,987.2,-3.44360068474306e-08,1064.0,ASK
874,1712692805.198074,41274046.2534328,987.2,-2.7365750457779876e-09,1064.0,ASK
875,1712692805.2179377,41274160.98451206,987.1,-2.538158516290401e-09,1064.0,ASK
876,1712692805.278141,41274246.2534328,987.1,-1.886376723341058e-09,1064.0,ASK
877,1712692805.2854493,41274932.29186805,987.1,-1.5177006162537767e-08,1064.0,ASK
878,1712692805.3580432,41274932.29186806,987.1,-1.6482678203401931e-19,1064.0,ASK
879,1712692805.3640542,41275246.25343279,987.0,-6.945670035125045e-09,1064.0,ASK
1080,1712692805.369399,41275560.21499753,987.0,-6.9456700354546994e-09,1064.0,ASK
880,1712692805.369399,41275560.21499753,987.0,-6.945670035454699e-09,1064.0,ASK
881,1712692807.8019943,41275628.30962296,987.0,-1.5064353491855083e-09,1064.0,ASK
882,1712692807.811497,41275669.93467624,987.0,-9.208575754246155e-10,1064.0,ASK
883,1712692807.8147187,41279282.83949654,987.0,-7.99271234742727e-08,1064.0,ASK
884,1712692813.1079211,41281545.57569654,987.0,-5.005778027455543e-08,1064.0,ASK
885,1712692827.157957,41281790.97569654,987.2,5.428904738994834e-09,1064.0,BID
886,1712692830.6001318,41281790.97569654,987.2,0.0,1064.0,BID
887,1712692844.2575223,41282317.87569654,987.1,-1.1653711196813495e-08,1064.0,ASK
888,1712692846.747236,41282790.37459654,987.1,-1.0450494821543208e-08,1064.0,ASK
889,1712692849.6572306,41282790.37469018,987.1,-2.0710583825298017e-15,1064.0,ASK
890,1712692849.747152,41282810.63391518,987.1,4.4808342602956077e-10,1064.0,BID
891,1712692860.9771223,41282810.63391518,987.1,0.0,1064.0,BID
892,1712692883.0870707,41282810.63391583,987.1,1.433625622772102e-17,1064.0,BID
893,1712692883.095021,41282841.02597318,987.1,6.72181390575631e-10,1064.0,BID
1094,1712692890.0968354,41285501.92588691,987.4,5.885114599154882e-08,1064.0,BID
894,1712692890.0968354,41285501.92588691,987.4,5.8851145991548824e-08,1064.0,BID
895,1712692890.104745,41286439.35185298,987.4,2.073305805348467e-08,1064.0,BID
896,1712692890.111381,41286439.35185318,987.1,4.284398412882145e-18,1064.0,BID
897,1712692890.1367486,41286439.35185341,987.4,5.108321184590248e-18,1064.0,BID
898,1712692890.1434042,41287439.35185246,987.7,2.2117008472297258e-08,1064.0,BID
899,1712692890.1501484,41287469.72852318,987.6,6.71841084270171e-10,1064.0,BID
900,1712692890.9591584,41287469.72852318,987.6,0.0,1064.0,BID
901,1712692891.1963918,41287969.16192182,987.0,-1.1044848868269569e-08,1064.0,ASK
1102,1712692892.7482064,41289900.47301324,987.0,-4.2710477874154664e-08,1064.0,ASK
902,1712692892.7482064,41289900.47301324,987.0,-4.271047787415466e-08,1064.0,ASK
903,1712692892.7574196,41290696.43464909,987.0,-1.760249914566863e-08,1064.0,ASK
904,1712692919.2165673,41290696.43465004,987.7,2.1090276947647853e-17,1064.0,BID
905,1712692919.2265646,41291015.22986573,988.2,7.050079123232441e-09,1064.0,BID
906,1712692919.2325532,41291708.30541659,988.3,1.5327198249815572e-08,1064.0,BID
907,1712692920.6163433,41291708.30541659,988.3,0.0,1064.0,BID
908,1712692929.0562608,41291908.30541659,987.1,-4.422542364247258e-09,1064.0,ASK
909,1712692929.0638592,41292708.30541659,987.1,-1.769016945698903e-08,1064.0,ASK
910,1712692950.6383302,41292708.30541659,987.1,-0.0,1064.0,ASK
911,1712692955.435814,41292908.30541659,987.2,-4.422445833497283e-09,1064.0,ASK
912,1712692971.195858,41292938.69747414,988.2,6.720361413171573e-10,1064.0,BID
913,1712692971.2045977,41293185.4462686,988.3,5.456165890038881e-09,1064.0,BID
914,1712692971.2113748,41295128.71151959,988.3,4.29699265630664e-08,1064.0,BID
915,1712692973.7862256,41296141.67748393,987.2,-2.2398935542342732e-08,1064.0,ASK
1115,1712692973.7862256,41296141.67748393,987.2,-2.239893554234273e-08,1064.0,ASK
916,1712692973.7933805,41296650.77256041,987.1,-1.1257226999143065e-08,1064.0,ASK
917,1712692973.7993596,41298286.10162888,987.0,-3.616077112619485e-08,1064.0,ASK
918,1712692980.9651673,41298286.10162888,987.0,-0.0,1064.0,ASK
919,1712692983.1220777,41298350.5164659,987.0,-1.4241821664726646e-09,1064.0,ASK
920,1712692983.1302202,41299616.58092888,987.0,-2.7992097986222402e-08,1064.0,ASK
921,1712692988.7851925,41299803.18246443,987.1,-4.1256733920622385e-09,1064.0,ASK
922,1712692989.0850537,41300218.81246443,987.1,-9.189386501500348e-09,1064.0,ASK
923,1712692992.9753206,41300249.20760043,987.8,6.72022357520286e-10,1064.0,BID
924,1712692993.1150763,41300971.82760043,987.1,-1.5976792997730387e-08,1064.0,ASK
925,1712693001.086757,41301341.82760043,987.1,-8.180528367858882e-09,1064.0,ASK
1126,1712693003.319569,41301648.61700466,987.1,-6.7829714170522334e-09,1064.0,ASK
926,1712693003.319569,41301648.61700466,987.1,-6.782971417052233e-09,1064.0,ASK
927,1712693003.323871,41301955.37437481,987.1,-6.782263158145494e-09,1064.0,ASK
928,1712693003.377013,41302258.65190561,987.1,-6.705325524536701e-09,1064.0,ASK
929,1712693003.758003,41302633.50167322,987.1,-8.287754480060643e-09,1064.0,ASK
930,1712693004.054713,41302978.07168889,987.1,-7.618283210520981e-09,1064.0,ASK
931,1712693004.3646836,41303202.55207859,987.1,-4.963157286387747e-09,1064.0,ASK
932,1712693010.957795,41303202.55207859,987.1,-0.0,1064.0,ASK
933,1712693012.065329,41303350.21346033,987.1,-3.264374401134308e-09,1064.0,ASK
934,1712693013.734701,41303468.3237607,987.1,-2.611083795121946e-09,1064.0,ASK
935,1712693016.5649834,41303839.0237607,987.1,-8.195125741035597e-09,1064.0,ASK
936,1712693018.0946293,41313961.3210607,987.1,-2.237752877331371e-07,1064.0,ASK
937,1712693024.5750852,41314407.6210607,987.2,-9.866427348917912e-09,1064.0,ASK
938,1712693025.294701,41314858.3210607,987.2,-9.963698871199645e-09,1064.0,ASK
939,1712693026.149059,41318065.55509636,987.1,-7.09028492135035e-08,1064.0,ASK
940,1712693026.1534138,41318181.5210607,987.2,-2.563678606570097e-09,1064.0,ASK
941,1712693030.994872,41318747.26076845,987.1,-1.2506900571321788e-08,1064.0,ASK
942,1712693032.2851696,41319253.79506083,987.1,-1.1198036736526622e-08,1064.0,ASK
943,1712693035.8584883,41319402.10140058,987.2,-3.2786325935903204e-09,1064.0,ASK
1143,1712693035.8584883,41319402.10140058,987.2,-3.27863259359032e-09,1064.0,ASK
944,1712693035.89437,41319660.69353886,987.2,-5.716738842453829e-09,1064.0,ASK
945,1712693035.954647,41319893.11822259,987.1,-5.1382506298592406e-09,1064.0,ASK
946,1712693035.9636118,41320348.19353886,987.2,-1.0060424706072556e-08,1064.0,ASK
947,1712693036.234427,41320466.73205965,987.1,-2.620550534252343e-09,1064.0,ASK
948,1712693036.724343,41320722.43205965,987.1,-5.652801866826262e-09,1064.0,ASK
949,1712693040.596793,41320722.43205965,987.1,-0.0,1064.0,ASK
950,1712693040.7748177,41320835.53403466,987.1,-2.499408343971178e-09,1064.0,ASK
951,1712693046.154496,41321652.63403466,987.1,-1.805686025998092e-08,1064.0,ASK
952,1712693049.5843947,41322652.63403466,987.1,-2.2098715285703085e-08,1064.0,ASK
953,1712693052.854334,41323652.63403466,987.1,-2.2098715285703085e-08,1064.0,ASK
954,1712693057.674803,41324152.63403466,987.1,-1.1049357642851542e-08,1064.0,ASK
955,1712693060.4042306,41324252.63403466,987.1,-2.2098715285703084e-09,1064.0,ASK
956,1712693062.8540325,41324352.63403466,987.1,-2.2098715285703084e-09,1064.0,ASK
957,1712693068.734193,41324716.40637402,987.1,-8.038901356307064e-09,1064.0,ASK
958,1712693068.9539447,41325094.33750222,987.1,-8.3517923996172e-09,1064.0,ASK
959,1712693069.6341665,41325348.97813977,987.1,-5.627230949480804e-09,1064.0,ASK
960,1712693069.7539842,41325522.39778573,987.1,-3.832351380965511e-09,1064.0,ASK
961,1712693070.6107042,41325700.64623201,987.1,-3.9390616644225205e-09,1064.0,ASK
962,1712693070.6366403,41325700.64623201,987.1,-0.0,1064.0,ASK
963,1712693074.7545867,41325700.64623279,987.8,1.728619007017263e-17,1064.0,BID
964,1712693074.7634296,41325705.70593652,988.2,1.1180081137692167e-10,1064.0,BID
965,1712693075.2758155,41325707.64623279,988.2,4.287339908939369e-11,1064.0,BID
966,1712693075.284167,41325794.70593652,988.3,1.923698705410901e-09,1064.0,BID
967,1712693091.5541148,41326806.54444709,988.3,2.235790324873214e-08,1064.0,BID
968,1712693100.9535408,41326806.54444709,988.3,0.0,1064.0,BID
969,1712693108.0538645,41327007.04444709,987.1,-4.43806677401796e-09,1064.0,ASK
970,1712693108.0632665,41327207.04444709,988.0,-4.426999275828391e-09,1064.0,ASK
971,1712693110.7636242,41328012.34444709,987.1,-1.7825312584221963e-08,1064.0,ASK
972,1712693122.7933023,41328316.23423639,987.2,-6.726599385773352e-09,1064.0,ASK
973,1712693122.87444,41328656.23423639,987.2,-7.525898768908263e-09,1064.0,ASK
974,1712693123.9193642,41329025.31041143,987.2,-8.169499798171091e-09,1064.0,ASK
975,1712693123.9274306,41330368.31413639,987.1,-2.9727382589218493e-08,1064.0,ASK
976,1712693131.0331955,41330368.31413639,987.1,-0.0,1064.0,ASK
977,1712693141.8736105,41330821.21413639,987.1,-1.0024159690229196e-08,1064.0,ASK
978,1712693145.2601326,41331576.44696048,987.1,-1.671577485532613e-08,1064.0,ASK
979,1712693145.293013,41332221.14696048,987.1,-1.4269321599341798e-08,1064.0,ASK
980,1712693145.353326,41332381.22517664,987.1,-3.543054982774633e-09,1064.0,ASK
981,1712693146.3575523,41333091.6988999,987.1,-1.572510942309323e-08,1064.0,ASK
982,1712693160.6258335,41333091.6988999,987.1,-0.0,1064.0,ASK
983,1712693162.2329202,41335830.4988999,987.1,-6.061500361704955e-08,1064.0,ASK
984,1712693164.0032277,41336397.38157895,987.1,-1.2546223032443614e-08,1064.0,ASK
985,1712693164.010623,41337170.6988999,987.1,-1.711502563406685e-08,1064.0,ASK
986,1712693164.923154,41337452.72940903,987.1,-6.2418870786480805e-09,1064.0,ASK
987,1712693164.9303334,41337801.1988999,987.1,-7.712311760475381e-09,1064.0,ASK
988,1712693170.1631303,41338163.30732539,987.1,-8.014168073936828e-09,1064.0,ASK
989,1712693180.0432222,41338292.18709346,987.1,-2.8523614749160795e-09,1064.0,ASK
990,1712693180.223456,41338640.09763386,987.1,-7.699941092776376e-09,1064.0,ASK
991,1712693182.462776,41339082.29763386,987.1,-9.786751350670916e-09,1064.0,ASK
992,1712693184.353249,41339230.35649556,987.1,-3.276832349077694e-09,1064.0,ASK
993,1712693184.473117,41339347.56893306,987.1,-2.5941406175031712e-09,1064.0,ASK
1193,1712693184.473117,41339347.56893306,987.1,-2.594140617503171e-09,1064.0,ASK
994,1712693190.5972135,41339347.56893306,987.1,-0.0,1064.0,ASK
995,1712693198.0028603,41339568.06893306,987.2,-4.879429636506687e-09,1064.0,ASK
996,1712693201.112946,41339854.05191523,987.2,-6.328498134775001e-09,1064.0,ASK
997,1712693201.1215646,41340288.16893306,987.1,-9.606546224496572e-09,1064.0,ASK
998,1712693220.9823413,41340288.16893306,987.1,-0.0,1064.0,ASK
999,1712693227.4153008,41341225.16893306,987.1,-2.0734383807369185e-08,1064.0,ASK
1000,1712693230.1023872,41342235.68893306,987.1,-2.2361269503832105e-08,1064.0,ASK
1201,1712693231.842322,41343327.28893306,987.1,-2.4155446493228496e-08,1064.0,ASK
1202,1712693232.00235,41343545.69029494,987.1,-4.832889713098476e-09,1064.0,ASK
1203,1712693233.2323036,41344467.00234714,987.1,-2.0387233401043413e-08,1064.0,ASK
1204,1712693233.3931327,41344520.02922241,987.1,-1.173404038259138e-09,1064.0,ASK
1205,1712693233.396193,41345026.56351476,987.1,-1.120883290212001e-08,1064.0,ASK
1206,1712693233.3992603,41347265.93794714,987.1,-4.95539476727054e-08,1064.0,ASK
1207,1712693233.4724092,41347265.93797982,987.1,-7.231198559696771e-16,1064.0,ASK
1208,1712693234.1326098,41347365.93797982,987.0,-2.212847791608237e-09,1064.0,ASK
1209,1712693234.135862,41347367.10135867,987.0,-2.5743803181977128e-11,1064.0,ASK
1210,1712693235.5827017,41347671.02193409,987.1,6.725299741535798e-09,1064.0,BID
1211,1712693236.5425048,41348133.5477781,987.0,-1.0234992924742426e-08,1064.0,ASK
1212,1712693236.5452423,41348232.38439925,987.0,-2.1871039884262606e-09,1064.0,ASK
1213,1712693238.6523175,41348732.38439925,987.0,-1.1064238958041188e-08,1064.0,ASK
1214,1712693240.4726207,41349035.6896721,987.0,-6.7116840320353404e-09,1064.0,ASK
1215,1712693240.4755943,41349057.48439925,987.0,-4.82284138516013e-10,1064.0,ASK
1216,1712693240.5343232,41349215.6874792,987.0,-3.5007933608487803e-09,1064.0,ASK
1217,1712693240.5375142,41349244.55131334,987.0,-6.38712716399868e-10,1064.0,ASK
1218,1712693240.5727203,41349318.09856785,987.1,1.6274887972179784e-09,1064.0,BID
1219,1712693240.5759594,41351341.43650234,987.1,4.477338880005776e-08,1064.0,BID
1220,1712693240.6723526,41351341.43650283,987.1,1.0881420541267369e-17,1064.0,BID
1221,1712693240.6828787,41351767.88924783,987.1,9.436750149941789e-09,1064.0,BID
1222,1712693242.0832255,41351809.68616788,987.0,-9.249022223676952e-10,1064.0,ASK
1223,1712693242.086657,41351819.68616788,987.0,-2.2128477916082367e-10,1064.0,ASK
1224,1712693242.0900128,41352156.88924783,987.0,-7.461790907827525e-09,1064.0,ASK
1225,1712693245.0731175,41352336.15032687,987.0,-3.966774828819441e-09,1064.0,ASK
1226,1712693245.0771136,41352656.88924783,987.0,-7.097464129221747e-09,1064.0,ASK
1227,1712693247.4222138,41353156.88924783,987.0,-1.1064238958041188e-08,1064.0,ASK
1228,1712693249.852374,41353656.88924783,987.0,-1.1064238958041188e-08,1064.0,ASK
1229,1712693250.962017,41353656.88924783,987.0,-0.0,1064.0,ASK
1230,1712693252.6423695,41356100.44644783,987.0,-5.4056416774157566e-08,1064.0,ASK
1231,1712693252.922357,41356200.44644783,987.0,-2.212201816849813e-09,1064.0,ASK
1232,1712693253.0421357,41358644.00364783,987.0,-5.4056416774157566e-08,1064.0,ASK
1233,1712693253.3080168,41358789.41344494,987.0,-3.216758173537602e-09,1064.0,ASK
1234,1712693253.4240637,41358905.96753763,987.0,-2.5784117561087075e-09,1064.0,ASK
1235,1712693255.6722765,41358955.96753763,987.0,-1.1061009084249063e-09,1064.0,ASK
1236,1712693262.2921245,41359881.4342681,987.0,-2.0473191825917933e-08,1064.0,ASK
1237,1712693262.2950933,41359911.4342681,987.0,-6.63660545054943e-10,1064.0,ASK
1238,1712693264.3219662,41360896.6342681,986.8,-2.1794612299505483e-08,1064.0,ASK
1239,1712693269.7819133,41361896.6342681,986.8,-2.212201816849813e-08,1064.0,ASK
1240,1712693279.2723718,41362096.6342681,986.8,-4.424403633699626e-09,1064.0,ASK
1241,1712693279.275851,41365322.13617242,986.8,-7.135461172997414e-08,1064.0,ASK
1242,1712693280.6018033,41365322.13617242,986.8,-0.0,1064.0,ASK
1243,1712693299.9817731,41365633.31917953,987.6,6.882243366496464e-09,1064.0,BID
1244,1712693310.633101,41365633.31917953,987.6,0.0,1064.0,BID
1245,1712693321.0722444,41366322.13617242,987.6,1.5234038654404772e-08,1064.0,BID
1246,1712693340.9511747,41366322.13617242,987.6,0.0,1064.0,BID
1247,1712693370.9510255,41366322.13617242,987.6,0.0,1064.0,BID
1248,1712693390.8631516,41366328.13617242,987.7,1.3269541503900675e-10,1064.0,BID
1249,1712693400.6638136,41366328.13617242,987.7,0.0,1064.0,BID
1250,1712693404.1709144,41366338.13617242,987.7,2.2167941268080816e-10,1064.0,BID
1251,1712693418.792114,41366844.36275944,987.7,1.1222001249397276e-08,1064.0,BID
1252,1712693430.620484,41366844.36275944,987.7,0.0,1064.0,BID
1253,1712693431.110674,41366945.61825944,987.6,-2.244600606438219e-09,1064.0,ASK
1254,1712693435.1806426,41368499.67456786,987.7,3.444983958857957e-08,1064.0,BID
1255,1712693436.6708431,41370886.61502529,987.7,-5.291295779951745e-08,1064.0,ASK
1256,1712693437.1712031,41371804.74502529,987.7,-2.035282187013613e-08,1064.0,ASK
1257,1712693437.2735136,41371963.09894846,987.7,-3.510340791163528e-09,1064.0,ASK
1258,1712693437.2907896,41372081.20031882,987.7,-2.6180346504734043e-09,1064.0,ASK
1259,1712693439.9408796,41372255.11031882,987.7,-3.855183091013524e-09,1064.0,ASK
1260,1712693441.080828,41373906.76296364,987.7,-3.661332498804405e-08,1064.0,ASK
1261,1712693441.4606452,41374057.13176364,987.7,-3.333329050574628e-09,1064.0,ASK
1262,1712693442.971733,41374057.13185568,987.7,-2.040413402104493e-15,1064.0,ASK
1263,1712693442.975747,41374454.52859459,987.1,-8.809367996654079e-09,1064.0,ASK
1264,1712693442.9794233,41374454.52866364,987.6,-1.5307229569940457e-15,1064.0,ASK
1265,1712693460.9603114,41374454.52866364,987.6,-0.0,1064.0,ASK
1266,1712693490.9602015,41374454.52866364,987.6,-0.0,1064.0,ASK
1267,1712693520.6114714,41374454.52866364,987.6,-0.0,1064.0,ASK
1268,1712693521.290538,41374484.90533436,988.1,6.73268461720331e-10,1064.0,BID
1269,1712693521.2973173,41374515.27892959,988.3,6.732002966131486e-10,1064.0,BID
1270,1712693521.3039782,41374519.66062531,988.6,9.711589406439506e-11,1064.0,BID
1271,1712693521.3054364,41374555.71003664,988.5,7.989990720179543e-10,1064.0,BID
1272,1712693530.0201352,41375565.54123801,988.6,2.238189648394921e-08,1064.0,BID
1273,1712693530.0234337,41375566.73598229,988.6,2.6480309576955507e-11,1064.0,BID
1274,1712693535.7598965,41376072.24895511,988.6,1.1204188396597953e-08,1064.0,BID
1275,1712693550.6314642,41376072.24895511,988.6,0.0,1064.0,BID
1276,1712693580.9321542,41376072.24895511,988.6,0.0,1064.0,BID
1277,1712693592.1800735,41376480.91476611,988.6,9.057347074438328e-09,1064.0,BID
1278,1712693592.1841736,41376480.91476689,988.6,1.7338523845990348e-17,1064.0,BID
1279,1712693594.3198392,41377644.54403789,988.6,2.5789762416338185e-08,1064.0,BID
1280,1712693594.3493958,41377644.54403818,988.6,6.2748943442631764e-18,1064.0,BID
1281,1712693594.4098396,41378252.88129355,988.7,1.3482707659632177e-08,1064.0,BID
1282,1712693594.413067,41383160.2113829,988.8,1.0876219794138737e-07,1064.0,BID
1283,1712693594.4160583,41383463.64012772,988.7,6.724955648756483e-09,1064.0,BID
1284,1712693594.419087,41386001.89209918,988.8,5.625581697552792e-08,1064.0,BID
1285,1712693594.494073,41386205.55809918,989.0,4.513892769127774e-09,1064.0,BID
1286,1712693594.4970622,41387055.17577121,989.0,1.8830256725524727e-08,1064.0,BID
1287,1712693594.4998603,41387801.21227659,989.0,1.6534565352830352e-08,1064.0,BID
1288,1712693594.5015686,41387810.12835344,989.0,1.9760890284005408e-10,1064.0,BID
1289,1712693594.8496437,41388163.2552692,989.0,-7.826426755698645e-09,1064.0,ASK
1290,1712693604.1594362,41388391.34084451,988.0,-5.0551089977667245e-09,1064.0,ASK
1291,1712693610.9791546,41388391.34084451,988.0,-0.0,1064.0,ASK
1292,1712693620.939894,41388519.48961237,988.0,-2.8394217944391582e-09,1064.0,ASK
1293,1712693620.9439323,41389025.51127009,988.1,-1.1212038534562912e-08,1064.0,ASK
1294,1712693620.9478087,41389403.58904777,988.0,-8.377156486674072e-09,1064.0,ASK
1295,1712693629.8089771,41389545.45423079,988.0,-3.143339567642204e-09,1064.0,ASK
1296,1712693639.389293,41390836.92564364,988.0,-2.861542984610832e-08,1064.0,ASK
1297,1712693640.6916246,41390836.92564364,988.0,-0.0,1064.0,ASK
1298,1712693650.949301,41392460.52564364,988.0,-3.597255361685961e-08,1064.0,ASK
1299,1712693663.1091602,41392586.36674364,988.0,-2.788140993437338e-09,1064.0,ASK
1300,1712693670.582384,41392586.36674364,988.0,-0.0,1064.0,ASK
1301,1712693684.1589265,41394713.72277449,988.0,-4.713198963487634e-08,1064.0,ASK
1302,1712693691.209384,41396107.69520507,988.0,-3.088373229330556e-08,1064.0,ASK
1303,1712693691.2132523,41397499.34494699,988.0,-3.083227267097061e-08,1064.0,ASK
1304,1712693693.9612603,41400174.44862295,988.0,5.926744602179469e-08,1064.0,BID
1305,1712693693.9652555,41402641.34428574,989.4,5.4654556699891584e-08,1064.0,BID
1306,1712693700.6486816,41402641.34428574,989.4,0.0,1064.0,BID
1307,1712693708.6695166,41403146.70106762,989.0,1.1217548901212261e-08,1064.0,BID
1308,1712693710.1187105,41403875.86106762,987.9,-1.618537288935176e-08,1064.0,ASK
1309,1712693710.178942,41404508.00428574,989.0,1.4031863657648916e-08,1064.0,BID
1310,1712693710.1828475,41404753.57116086,989.0,5.450918101801005e-09,1064.0,BID
1311,1712693710.3587906,41405013.40476086,989.0,-5.767600670844523e-09,1064.0,ASK
1312,1712693711.4387224,41405013.40484361,989.0,-1.8369052783022082e-15,1064.0,ASK
1313,1712693713.268807,41405553.54484361,987.9,-1.1989641933590796e-08,1064.0,ASK
1314,1712693727.958966,41405881.64164361,988.1,-7.282858428722025e-09,1064.0,ASK
1315,1712693730.6102755,41405881.64164361,988.1,-0.0,1064.0,ASK
1316,1712693739.1104078,41406181.64164361,988.0,-6.658712314881237e-09,1064.0,ASK
1317,1712693739.1125495,41406653.16949107,988.0,-1.0465894282170236e-08,1064.0,ASK
1318,1712693739.1143844,41406653.16954361,988.1,-1.1661956520016609e-15,1064.0,ASK
1319,1712693754.6585162,41406683.53698971,988.8,6.740269577740809e-10,1064.0,BID
1320,1712693755.788651,41406722.73023252,988.8,-8.699217618783865e-10,1064.0,ASK
1321,1712693755.791531,41406823.93448971,988.1,-2.2463001122365862e-09,1064.0,ASK
1322,1712693758.069446,41406823.93456406,988.1,-1.6502363033642337e-15,1064.0,ASK
1323,1712693758.0786257,41407152.4067166,988.0,-7.290671890681025e-09,1064.0,ASK
1324,1712693758.082716,41407206.80668971,988.0,-1.2074459029084451e-09,1064.0,ASK
1325,1712693760.938583,41407206.80668971,988.0,-0.0,1064.0,ASK
1326,1712693768.9712756,41407388.80668971,988.1,-4.039501410471365e-09,1064.0,ASK
1327,1712693769.699272,41407736.69575804,988.0,-7.72141968240602e-09,1064.0,ASK
1328,1712693773.757662,41407894.41508184,988.0,-3.5005902799159752e-09,1064.0,ASK
1329,1712693773.8283727,41408012.09754345,988.0,-2.6119696135665916e-09,1064.0,ASK
1330,1712693775.339087,41408259.67544582,988.0,-5.495007064955661e-09,1064.0,ASK
1331,1712693778.6481965,41408358.84793728,988.0,-2.201139665586949e-09,1064.0,ASK
1332,1712693778.650349,41408626.22232181,988.0,-5.9343912276505404e-09,1064.0,ASK
1333,1712693778.6897955,41408797.199121,988.0,-3.7948407773959555e-09,1064.0,ASK
1334,1712693779.16845,41409084.86916927,988.0,-6.384854756887868e-09,1064.0,ASK
1335,1712693779.269484,41409260.13439299,988.0,-3.890022628682448e-09,1064.0,ASK
1336,1712693779.2885149,41409577.01586106,988.0,-7.033204050555714e-09,1064.0,ASK
1337,1712693779.3480744,41409838.31184052,988.0,-5.799480646096287e-09,1064.0,ASK
1338,1712693779.368195,41410111.04486954,988.0,-6.053326678130661e-09,1064.0,ASK
1339,1712693779.488563,41410276.84839187,988.0,-3.680019573061584e-09,1064.0,ASK
1340,1712693779.5480754,41410429.04839186,988.0,-3.378088542064197e-09,1064.0,ASK
1341,1712693779.58982,41410889.88259543,988.0,-1.0228244040047991e-08,1064.0,ASK
1342,1712693779.768504,41411102.04901202,988.0,-4.709046918031092e-09,1064.0,ASK
1343,1712693780.6853874,41411248.09703339,988.0,-3.2415449907436516e-09,1064.0,ASK
1344,1712693780.798205,41411711.80690792,988.0,-1.0292069737505634e-08,1064.0,ASK
1345,1712693780.8383696,41411872.20690792,988.0,-3.5600880562285042e-09,1064.0,ASK
1346,1712693781.2591913,41411988.93149591,988.0,-2.590709548514841e-09,1064.0,ASK
1347,1712693781.3040912,41412236.71320857,988.0,-5.499530647109026e-09,1064.0,ASK
1348,1712693781.3180494,41412353.62628352,988.0,-2.594893028321762e-09,1064.0,ASK
1349,1712693786.4790328,41412497.60415247,988.0,-3.19559782806422e-09,1064.0,ASK
1350,1712693786.557983,41412928.50415247,988.0,-9.563852515198309e-09,1064.0,ASK
1351,1712693790.9581432,41412928.50415247,988.0,-0.0,1064.0,ASK
1352,1712693795.3483891,41412929.51402124,988.0,-2.2411288739833584e-11,1064.0,ASK
1353,1712693795.3513288,41413055.55492726,988.0,-2.797134854947586e-09,1064.0,ASK
1354,1712693800.428822,41413435.58689573,988.0,-8.433775181120007e-09,1064.0,ASK
1355,1712693800.4320247,41413436.45492726,987.9,-1.9263597262453208e-11,1064.0,ASK
1356,1712693800.607986,41413614.62194979,987.9,-3.9539321357635195e-09,1064.0,ASK
1357,1712693800.6483696,41413757.35138779,987.9,-3.1674913999228516e-09,1064.0,ASK
1358,1712693802.7380683,41413767.45443891,989.8,2.2420972141097464e-10,1064.0,BID
1359,1712693804.7216032,41413894.96270263,987.9,-2.8296988653479263e-09,1064.0,ASK
1360,1712693820.6066425,41413894.96270263,987.9,-0.0,1064.0,ASK
1361,1712693822.1380117,41413905.08416011,988.0,-2.24613440955832e-10,1064.0,ASK
1362,1712693822.147849,41415280.80190263,987.9,-3.0529663988085696e-08,1064.0,ASK
1363,1712693826.0181904,41415393.15603579,987.9,-2.493341349757777e-09,1064.0,ASK
1364,1712693826.999724,41415505.51016895,987.9,-2.493341349757777e-09,1064.0,ASK
1365,1712693829.455922,41416216.77016895,987.9,-1.5784145349896837e-08,1064.0,ASK
1366,1712693834.4879954,41416928.25016895,987.9,-1.5789027547462476e-08,1064.0,ASK
1367,1712693837.638091,41417029.25016895,988.0,2.241372606821074e-09,1064.0,BID
1368,1712693839.3579576,41417220.8239191,987.9,-4.2513678790032784e-09,1064.0,ASK
1369,1712693849.0978885,41417392.6112191,987.9,-3.8122707763911444e-09,1064.0,ASK
1370,1712693850.630204,41417392.6112191,987.9,-0.0,1064.0,ASK
1371,1712693870.8976626,41417970.7112191,987.9,-1.2828100536780134e-08,1064.0,ASK
1372,1712693877.3579383,41419993.9910191,988.0,-4.489679413309352e-08,1064.0,ASK
1373,1712693880.9277458,41419993.9910191,988.0,-0.0,1064.0,ASK
1374,1712693881.1187549,41419993.99107714,988.0,-1.2878408384631813e-15,1064.0,ASK
1375,1712693881.122633,41420589.2624191,988.0,-1.3208381156568029e-08,1064.0,ASK
1376,1712693887.948043,41420936.52792317,988.0,-7.705419053433136e-09,1064.0,ASK
1377,1712693888.5286536,41420993.99107714,988.0,-1.2750407866796027e-09,1064.0,ASK
1378,1712693888.5319953,41421664.12792317,987.9,-1.4869559922538387e-08,1064.0,ASK
1379,1712693892.0976992,41421873.34262317,987.9,-4.642231712434939e-09,1064.0,ASK
1380,1712693894.0542278,41422070.64262317,988.1,-4.377858328744307e-09,1064.0,ASK
1381,1712693894.1881554,41422509.24362317,988.1,-9.732047849897891e-09,1064.0,ASK
1382,1712693895.7032447,41422769.11982317,988.1,-5.766351680741698e-09,1064.0,ASK
1383,1712693897.1974351,41423233.63972317,988.1,-1.0307158200763913e-08,1064.0,ASK
1384,1712693900.2077851,41423785.98992317,988.1,-1.2256010762393009e-08,1064.0,ASK
1385,1712693903.5579784,41423873.34262317,988.1,-1.938255170820719e-09,1064.0,ASK
1386,1712693903.5676582,41423900.74992317,988.1,-6.08136221912076e-10,1064.0,ASK
1387,1712693903.6605754,41424076.95573317,988.1,-3.909802700847522e-09,1064.0,ASK
1388,1712693905.0475338,41424373.34253317,988.1,-6.576479578683546e-09,1064.0,ASK
1389,1712693908.4575446,41425108.50253317,988.1,-1.6312348347040482e-08,1064.0,ASK
1390,1712693910.269238,41425385.38583317,988.1,-6.1437195183127185e-09,1064.0,ASK
1391,1712693910.9574423,41425385.38583317,988.1,-0.0,1064.0,ASK
1392,1712693912.9576223,41425385.38584862,988.1,-3.4283263525450315e-16,1064.0,ASK
1393,1712693912.9617362,41426119.37583317,988.1,-1.6284462251572574e-08,1064.0,ASK
1394,1712693913.1775525,41426274.87583317,988.1,-3.449956993178126e-09,1064.0,ASK
1395,1712693914.2596962,41426660.57188798,988.1,-8.557136987323587e-09,1064.0,ASK
1396,1712693915.707404,41426710.57179798,988.1,-1.1093089336211204e-09,1064.0,ASK
1397,1712693917.1078737,41426853.34447852,987.9,-3.167585901283974e-09,1064.0,ASK
1398,1712693917.1119523,41427442.27079798,988.1,-1.3066048066270572e-08,1064.0,ASK
1399,1712693921.9079275,41427543.47509798,988.1,-2.245340723494227e-09,1064.0,ASK
1400,1712693927.9577906,41427553.59553113,988.1,-2.2453414228794147e-10,1064.0,ASK
1401,1712693927.9615357,41427553.59556267,988.1,-6.99715788347306e-16,1064.0,ASK
1402,1712693927.9647448,41427843.47509798,987.9,-6.431330739690404e-09,1064.0,ASK
1403,1712693932.3980422,41427934.00894414,987.9,-2.008603702165917e-09,1064.0,ASK
1404,1712693932.4027965,41428052.57509798,987.9,-2.630534608307954e-09,1064.0,ASK
1405,1712693932.6971676,41428198.96511957,987.9,-3.247841020733913e-09,1064.0,ASK
1406,1712693933.5822265,41428560.76511957,988.1,-8.026973891457006e-09,1064.0,ASK
1407,1712693933.937462,41428769.56121957,988.1,-4.632395918728746e-09,1064.0,ASK
1408,1712693935.4473014,41429178.79481957,988.1,-9.079346110332838e-09,1064.0,ASK
1409,1712693936.1475751,41429298.79479586,987.9,-2.662345706692386e-09,1064.0,ASK
1410,1712693936.1519065,41429298.79481957,988.1,-5.259852677819812e-16,1064.0,ASK
1411,1712693936.9476273,41429431.15481957,987.9,-2.936567894630228e-09,1064.0,ASK
1412,1712693937.047993,41429633.45355053,987.9,-4.488243868767446e-09,1064.0,ASK
1413,1712693937.1506398,41430754.82156085,987.9,-2.4878915814333952e-08,1064.0,ASK
1414,1712693937.1525524,41430975.25355053,987.9,-4.890552310657225e-09,1064.0,ASK
1415,1712693937.2524016,41431136.62403449,987.9,-3.580200833574198e-09,1064.0,ASK
1416,1712693937.8074868,41431456.55563449,987.9,-7.098072416552837e-09,1064.0,ASK
1417,1712693938.4373968,41432184.24563449,987.9,-1.6144689417090452e-08,1064.0,ASK
1418,1712693940.61924,41432184.24563449,987.9,-0.0,1064.0,ASK
1419,1712693941.2073698,41433001.63563449,987.9,-1.8132091015990403e-08,1064.0,ASK
1420,1712693942.0744512,41433749.83513449,987.9,-1.659724419450236e-08,1064.0,ASK
1421,1712693942.5519743,41433926.27662691,987.9,-3.913986223811299e-09,1064.0,ASK
1422,1712693942.5552697,41434045.76883677,987.9,-2.6506852602394473e-09,1064.0,ASK
1423,1712693944.2175772,41434201.45731321,987.9,-3.453623882123058e-09,1064.0,ASK
1424,1712693944.22172,41435304.84883677,987.9,-2.44764378466713e-08,1064.0,ASK
1425,1712693945.6975472,41437835.46934492,987.9,-5.613653382187319e-08,1064.0,ASK
1426,1712693945.7010536,41439559.77523677,987.9,-3.825012707568431e-08,1064.0,ASK
1427,1712693946.0576806,41439610.39277068,987.8,-1.122844336010192e-09,1064.0,ASK
1428,1712693946.0697658,41439610.39279922,987.9,-6.331707430856638e-16,1064.0,ASK
1429,1712693946.0717072,41439680.27793677,987.8,-1.5502559056635703e-09,1064.0,ASK
1430,1712693947.0304866,41439685.33967766,988.0,-1.1228415630165276e-10,1064.0,ASK
1431,1712693947.0347598,41440537.36592392,987.8,-1.8900423843129475e-08,1064.0,ASK
1432,1712693948.7074068,41441140.92592392,987.8,-1.3388718792310181e-08,1064.0,ASK
1433,1712693950.237444,41441877.63592392,987.8,-1.6342373618953942e-08,1064.0,ASK
1434,1712693952.2473564,41442096.67367066,987.8,-4.8588952149305434e-09,1064.0,ASK
1435,1712693952.2500205,41442101.73592392,987.9,-1.1229552230321947e-10,1064.0,ASK
1436,1712693952.3072329,41442840.01592392,987.8,-1.6377200791742196e-08,1064.0,ASK
1437,1712693970.6003845,41442840.01592392,987.8,-0.0,1064.0,ASK
1438,1712693973.2577455,41442845.07817718,987.9,-1.1226930628610655e-10,1064.0,ASK
1439,1712693973.2620134,41442969.10860682,987.9,-2.7507138781871462e-09,1064.0,ASK
1440,1712693974.137516,41442974.17034771,988.0,1.1225794310321671e-10,1064.0,BID
1441,1712693976.9473214,41443356.01095764,987.9,-8.468359482312457e-09,1064.0,ASK
1442,1712693978.237091,41443478.50837531,987.8,-2.716715146248444e-09,1064.0,ASK
1443,1712693982.548577,41443606.07641678,987.8,-2.8291700923324304e-09,1064.0,ASK
