,time,acc_trade_volume,trade_price,dev,high,ask_bid
0,1712689619.147393,4666517.23982202,1392.0,0.0,1435.0,ASK
1,1712689620.373229,4666517.23982202,1392.0,-0.0,1435.0,ASK
2,1712689650.3834553,4666517.23982202,1392.0,-0.0,1435.0,ASK
3,1712689680.3843763,4666517.23982202,1392.0,-0.0,1435.0,ASK
4,1712689710.373827,4666517.23982202,1392.0,-0.0,1435.0,ASK
5,1712689740.592187,4666517.23982202,1392.0,-0.0,1435.0,ASK
6,1712689770.5719788,4666517.23982202,1392.0,-0.0,1435.0,ASK
7,1712689777.7132802,4666589.13054811,1391.0,-1.0044617666833916e-08,1435.0,ASK
8,1712689777.7147572,4666596.31962071,1391.0,-1.0044617653691291e-09,1435.0,ASK
9,1712689777.7161956,4666600.31725071,1390.0,-5.585513891474234e-10,1435.0,ASK
10,1712689777.7173643,4666605.74403071,1389.0,-7.5823313005317e-10,1435.0,ASK
11,1712689777.7185247,4666617.22165531,1390.0,-1.603660960158798e-09,1435.0,ASK
12,1712689777.7197332,4666851.41604579,1389.0,-3.2721788191778714e-08,1435.0,ASK
13,1712689800.3735003,4666851.41604579,1389.0,-0.0,1435.0,ASK
14,1712689830.3829598,4666851.41604579,1389.0,-0.0,1435.0,ASK
15,1712689860.5621076,4666851.41604579,1389.0,-0.0,1435.0,ASK
16,1712689890.5533893,4666851.41604579,1389.0,-0.0,1435.0,ASK
17,1712689920.3647158,4666851.41604579,1389.0,-0.0,1435.0,ASK
18,1712689928.642102,4666855.01575781,1390.0,-5.029252730133331e-10,1435.0,ASK
19,1712689928.7823076,4666976.41575781,1390.0,1.6961114609208944e-08,1435.0,BID
20,1712689928.8627822,4666976.41604579,1390.0,4.023442415408004e-14,1435.0,BID
21,1712689946.5830164,4667077.43322775,1392.0,1.411337727124918e-08,1435.0,BID
22,1712689946.5844655,4667163.54268136,1392.0,1.2030579173185711e-08,1435.0,BID
23,1712689950.3836594,4667163.54268136,1392.0,0.0,1435.0,BID
24,1712689980.553681,4667163.54268136,1392.0,0.0,1435.0,BID
25,1712690010.563491,4667163.54268136,1392.0,0.0,1435.0,BID
26,1712690040.3534815,4667163.54268136,1392.0,0.0,1435.0,BID
27,1712690070.362275,4667163.54268136,1392.0,0.0,1435.0,BID
28,1712690098.952409,4667170.55536266,1392.0,9.797007885935488e-10,1435.0,BID
29,1712690099.0521078,4667881.93348595,1392.0,-9.938248702398569e-08,1435.0,ASK
30,1712690100.4049816,4667881.93348595,1392.0,-0.0,1435.0,ASK
31,1712690130.3535004,4667881.93348595,1392.0,-0.0,1435.0,ASK
32,1712690160.562246,4667881.93348595,1392.0,-0.0,1435.0,ASK
33,1712690190.615542,4667881.93348595,1392.0,-0.0,1435.0,ASK
34,1712690210.52204,4667889.10708709,1394.0,-1.0020477043470915e-09,1435.0,ASK
35,1712690212.4322908,4667896.27554587,1394.0,1.001329391606538e-09,1435.0,BID
36,1712690220.372218,4667896.27554587,1394.0,0.0,1435.0,BID
37,1712690250.422504,4667896.27554587,1394.0,0.0,1435.0,BID
38,1712690280.552192,4667896.27554587,1394.0,0.0,1435.0,BID
39,1712690302.3827326,4668196.27554587,1394.0,4.1905518015233474e-08,1435.0,BID
40,1712690310.5635614,4668196.27554587,1394.0,0.0,1435.0,BID
41,1712690321.8121495,4668203.45429676,1393.0,-1.0027056748545231e-09,1435.0,ASK
42,1712690340.3636198,4668203.45429676,1393.0,-0.0,1435.0,ASK
43,1712690370.3832157,4668203.45429676,1393.0,-0.0,1435.0,ASK
44,1712690400.3939877,4668203.45429676,1393.0,-0.0,1435.0,ASK
45,1712690430.3746934,4668203.45429676,1393.0,-0.0,1435.0,ASK
46,1712690460.562319,4668203.45429676,1393.0,-0.0,1435.0,ASK
47,1712690490.5739667,4668203.45429676,1393.0,-0.0,1435.0,ASK
48,1712690518.1221433,4668275.19030823,1394.0,1.0022911675900816e-08,1435.0,BID
49,1712690520.373359,4668275.19030823,1394.0,0.0,1435.0,BID
50,1712690539.5027535,4668789.69030823,1394.0,7.188462115858745e-08,1435.0,BID
51,1712690539.5967083,4668789.78329795,1394.0,1.2992285370058608e-11,1435.0,BID
52,1712690544.5524862,4668795.60811737,1393.0,-8.138288382707751e-10,1435.0,ASK
53,1712690550.3848417,4668795.60811737,1393.0,-0.0,1435.0,ASK
54,1712690573.2631848,4668976.90993353,1393.0,-2.5328457749061084e-08,1435.0,ASK
55,1712690573.2650385,4670056.62351885,1393.0,-1.508395255276978e-07,1435.0,ASK
56,1712690573.2665167,4672556.62351885,1393.0,-3.492581911966096e-07,1435.0,ASK
57,1712690573.4026773,4672677.84254339,1393.0,1.6934694899772677e-08,1435.0,BID
58,1712690573.4041977,4673041.0276062,1393.0,5.073814324276783e-08,1435.0,BID
59,1712690573.4223654,4673525.4276062,1397.0,6.767226712617702e-08,1435.0,BID
60,1712690573.502493,4674008.5276062,1397.0,6.74906528669109e-08,1435.0,BID
61,1712690575.332395,4674084.96640362,1397.0,1.0678750449646046e-08,1435.0,BID
62,1712690580.5524578,4674084.96640362,1397.0,0.0,1435.0,BID
63,1712690610.5643668,4674084.96640362,1397.0,0.0,1435.0,BID
64,1712690640.3633523,4674084.96640362,1397.0,0.0,1435.0,BID
65,1712690670.374174,4674084.96640362,1397.0,0.0,1435.0,BID
66,1712690700.563628,4674084.96640362,1397.0,0.0,1435.0,BID
67,1712690730.572005,4674084.96640362,1397.0,0.0,1435.0,BID
68,1712690760.3438177,4674084.96640362,1397.0,0.0,1435.0,BID
69,1712690790.3637445,4674084.96640362,1397.0,0.0,1435.0,BID
70,1712690820.5620508,4674084.96640362,1397.0,0.0,1435.0,BID
71,1712690822.8835225,4674089.24972362,1397.0,5.98032807160737e-10,1435.0,BID
72,1712690822.9821672,4674092.12459975,1397.0,-4.0138729833426816e-10,1435.0,ASK
73,1712690850.586132,4674092.12459975,1397.0,-0.0,1435.0,ASK
74,1712690880.3733094,4674092.12459975,1397.0,-0.0,1435.0,ASK
75,1712690909.1419652,4674127.8644139,1399.0,4.989949745700612e-09,1435.0,BID
76,1712690910.3530152,4674127.8644139,1399.0,0.0,1435.0,BID
77,1712690922.3119678,4675010.82434517,1395.0,-1.2327694007317856e-07,1435.0,ASK
78,1712690940.5617242,4675010.82434517,1395.0,-0.0,1435.0,ASK
79,1712690970.5629668,4675010.82434517,1395.0,-0.0,1435.0,ASK
80,1712690972.791923,4675096.59989913,1399.0,1.1973736647940082e-08,1435.0,BID
81,1712691000.4333036,4675096.59989913,1399.0,0.0,1435.0,BID
82,1712691030.3616977,4675096.59989913,1399.0,0.0,1435.0,BID
83,1712691060.5517347,4675096.59989913,1399.0,0.0,1435.0,BID
84,1712691090.5819683,4675096.59989913,1399.0,0.0,1435.0,BID
85,1712691120.3921592,4675096.59989913,1399.0,0.0,1435.0,BID
86,1712691150.363279,4675096.59989913,1399.0,0.0,1435.0,BID
87,1712691180.54193,4675096.59989913,1399.0,0.0,1435.0,BID
88,1712691210.5615523,4675096.59989913,1399.0,0.0,1435.0,BID
89,1712691240.35163,4675096.59989913,1399.0,0.0,1435.0,BID
90,1712691270.376999,4675096.59989913,1399.0,0.0,1435.0,BID
91,1712691275.811994,4675168.07952744,1399.0,9.978013516893438e-09,1435.0,BID
92,1712691300.5424595,4675168.07952744,1399.0,0.0,1435.0,BID
93,1712691330.5530536,4675168.07952744,1399.0,0.0,1435.0,BID
94,1712691360.3816972,4675168.07952744,1399.0,0.0,1435.0,BID
95,1712691371.612396,4676231.37768443,1397.0,-1.48427906507896e-07,1435.0,ASK
96,1712691390.3837302,4676231.37768443,1397.0,-0.0,1435.0,ASK
97,1712691420.543233,4676231.37768443,1397.0,-0.0,1435.0,ASK
98,1712691450.5637858,4676231.37768443,1397.0,-0.0,1435.0,ASK
99,1712691480.353041,4676231.37768443,1397.0,-0.0,1435.0,ASK
100,1712691510.353721,4676231.37768443,1397.0,-0.0,1435.0,ASK
101,1712691539.7216122,4676281.66543847,1397.0,-7.018312423774927e-09,1435.0,ASK
102,1712691540.543121,4676281.66543847,1397.0,-0.0,1435.0,ASK
103,1712691570.5530107,4676281.66543847,1397.0,-0.0,1435.0,ASK
104,1712691600.3633962,4676281.66543847,1397.0,-0.0,1435.0,ASK
105,1712691623.1216264,4677666.3988011,1397.0,-1.9352654789116125e-07,1435.0,ASK
106,1712691623.131566,4678893.03458842,1397.0,-1.7143126311971902e-07,1435.0,ASK
107,1712691630.371681,4678893.03458842,1397.0,-0.0,1435.0,ASK
108,1712691639.1216493,4679850.56001821,1396.0,-1.337529420844047e-07,1435.0,ASK
109,1712691639.131302,4679922.19325603,1396.0,-1.0006163817053857e-08,1435.0,ASK
110,1712691639.3215363,4680526.99325603,1396.0,8.448212115930129e-08,1435.0,BID
111,1712691639.441496,4680527.08492731,1396.0,1.280519879521117e-11,1435.0,BID
112,1712691660.5531764,4680527.08492731,1396.0,0.0,1435.0,BID
113,1712691690.564483,4680527.08492731,1396.0,0.0,1435.0,BID
114,1712691720.3817227,4680527.08492731,1396.0,0.0,1435.0,BID
115,1712691733.871593,4680562.82474146,1399.0,4.990763085362019e-09,1435.0,BID
116,1712691750.3639276,4680562.82474146,1399.0,0.0,1435.0,BID
117,1712691769.7213986,4680598.56455561,1395.0,-4.990728239580335e-09,1435.0,ASK
118,1712691780.5615106,4680598.56455561,1395.0,-0.0,1435.0,ASK
119,1712691810.603197,4680598.56455561,1395.0,-0.0,1435.0,ASK
120,1712691840.3533132,4680598.56455561,1395.0,-0.0,1435.0,ASK
121,1712691870.3624113,4680598.56455561,1395.0,-0.0,1435.0,ASK
122,1712691873.8616087,4680612.86048127,1399.0,1.9962773976693682e-09,1435.0,BID
123,1712691900.3933346,4680612.86048127,1399.0,0.0,1435.0,BID
124,1712691930.371563,4680612.86048127,1399.0,0.0,1435.0,BID
125,1712691960.5429976,4680612.86048127,1399.0,0.0,1435.0,BID
126,1712691963.0818038,4680666.87835117,1399.0,7.558673390062552e-09,1435.0,BID
127,1712691990.5558944,4680666.87835117,1399.0,0.0,1435.0,BID
128,1712692020.3529322,4680666.87835117,1399.0,0.0,1435.0,BID
129,1712692050.3514132,4680666.87835117,1399.0,0.0,1435.0,BID
130,1712692080.533352,4680666.87835117,1399.0,0.0,1435.0,BID
131,1712692083.3633687,4681205.87835117,1399.0,7.542100203258585e-08,1435.0,BID
132,1712692110.5631788,4681205.87835117,1399.0,0.0,1435.0,BID
133,1712692140.3833945,4681205.87835117,1399.0,0.0,1435.0,BID
134,1712692170.3631403,4681205.87835117,1399.0,0.0,1435.0,BID
135,1712692200.3930817,4681205.87835117,1399.0,0.0,1435.0,BID
136,1712692230.37316,4681205.87835117,1399.0,0.0,1435.0,BID
137,1712692260.5518246,4681205.87835117,1399.0,0.0,1435.0,BID
138,1712692290.553641,4681205.87835117,1399.0,0.0,1435.0,BID
139,1712692320.3765574,4681205.87835117,1399.0,0.0,1435.0,BID
140,1712692350.3729153,4681205.87835117,1399.0,0.0,1435.0,BID
141,1712692380.5430143,4681205.87835117,1399.0,0.0,1435.0,BID
142,1712692398.3312905,4681385.87835117,1396.0,-2.518534421331377e-08,1435.0,ASK
143,1712692410.561125,4681385.87835117,1396.0,-0.0,1435.0,ASK
144,1712692440.338437,4681385.87835117,1396.0,-0.0,1435.0,ASK
145,1712692451.3114736,4683464.40699745,1399.0,2.908145498477928e-07,1435.0,BID
146,1712692451.3140388,4683535.88662576,1399.0,1.0000976396269522e-08,1435.0,BID
147,1712692470.3632486,4683535.88662576,1399.0,0.0,1435.0,BID
148,1712692500.551776,4683535.88662576,1399.0,0.0,1435.0,BID
149,1712692501.3818817,4683539.59399576,1399.0,5.190439517137222e-10,1435.0,BID
150,1712692530.571322,4683539.59399576,1399.0,0.0,1435.0,BID
151,1712692560.3726325,4683539.59399576,1399.0,0.0,1435.0,BID
152,1712692588.561826,4685420.29027689,1402.0,2.6330345255736733e-07,1435.0,BID
153,1712692588.571314,4685424.57304689,1400.0,5.996014023788602e-10,1435.0,BID
154,1712692590.352901,4685424.57304689,1400.0,0.0,1435.0,BID
155,1712692595.6514864,4685460.2618406,1401.0,4.994696476828611e-09,1435.0,BID
156,1712692620.561183,4685460.2618406,1401.0,0.0,1435.0,BID
157,1712692650.5627506,4685460.2618406,1401.0,0.0,1435.0,BID
158,1712692680.4204862,4685460.2618406,1401.0,0.0,1435.0,BID
159,1712692710.3800857,4685460.2618406,1401.0,0.0,1435.0,BID
160,1712692724.2901723,4685664.9618406,1402.0,2.8647850156104752e-08,1435.0,BID
161,1712692735.929229,4685755.37016932,1402.0,1.2652683214668393e-08,1435.0,BID
162,1712692740.5426311,4685755.37016932,1402.0,0.0,1435.0,BID
163,1712692744.359589,4686175.27016932,1402.0,5.87617771765039e-08,1435.0,BID
164,1712692744.3616626,4686729.07016932,1402.0,7.75000528707667e-08,1435.0,BID
165,1712692744.459085,4686729.09014604,1402.0,2.7955883000746894e-12,1435.0,BID
166,1712692770.549122,4686729.09014604,1402.0,0.0,1435.0,BID
167,1712692773.9686215,4686743.34531353,1403.0,1.994520069988003e-09,1435.0,BID
168,1712692800.4583175,4686743.34531353,1403.0,0.0,1435.0,BID
169,1712692812.878127,4687108.01827102,1401.0,-5.1032111681357295e-08,1435.0,ASK
170,1712692812.9577136,4688172.83898924,1401.0,-1.4901036311267378e-07,1435.0,ASK
171,1712692822.4988356,4688307.33898924,1401.0,1.882184812495885e-08,1435.0,BID
172,1712692830.359645,4688307.33898924,1401.0,0.0,1435.0,BID
173,1712692852.6474051,4688653.94823694,1399.0,-4.848941887156194e-08,1435.0,ASK
174,1712692859.8771868,4688659.34823694,1403.0,7.554410726679057e-10,1435.0,BID
175,1712692860.5490844,4688659.34823694,1403.0,0.0,1435.0,BID
176,1712692890.546562,4688659.34823694,1403.0,0.0,1435.0,BID
177,1712692920.3582911,4688659.34823694,1403.0,0.0,1435.0,BID
178,1712692950.356675,4688659.34823694,1403.0,0.0,1435.0,BID
179,1712692980.5573962,4688659.34823694,1403.0,0.0,1435.0,BID
180,1712692983.4254086,4691785.22607602,1403.0,4.3726922698384803e-07,1435.0,BID
181,1712692983.4283438,4693204.64823694,1403.0,1.98558505169155e-07,1435.0,BID
182,1712692983.5854328,4693204.67249191,1403.0,3.392951560753985e-12,1435.0,BID
183,1712693010.1468832,4693461.23059915,1403.0,-3.5889107317880595e-08,1435.0,ASK
184,1712693010.1665344,4693461.23059917,1403.0,-2.7358755485741933e-18,1435.0,ASK
185,1712693010.5452683,4693461.23059917,1403.0,-0.0,1435.0,ASK
186,1712693040.334514,4693461.23059917,1403.0,-0.0,1435.0,ASK
187,1712693070.3744924,4693461.23059917,1403.0,-0.0,1435.0,ASK
188,1712693100.545759,4693461.23059917,1403.0,-0.0,1435.0,ASK
189,1712693130.5734906,4693461.23059917,1403.0,-0.0,1435.0,ASK
190,1712693160.364741,4693461.23059917,1403.0,-0.0,1435.0,ASK
191,1712693190.3541007,4693461.23059917,1403.0,-0.0,1435.0,ASK
192,1712693196.70289,4693471.77571917,1404.0,1.473798927484009e-09,1435.0,BID
193,1712693196.7054656,4693816.50875723,1406.0,4.8180312952329246e-08,1435.0,BID
194,1712693220.5643084,4693816.50875723,1406.0,0.0,1435.0,BID
195,1712693239.9326923,4694330.450083,1404.0,7.182405704884265e-08,1435.0,BID
196,1712693239.9352598,4694528.25252947,1404.0,2.764318315602684e-08,1435.0,BID
197,1712693250.5565655,4694528.25252947,1404.0,0.0,1435.0,BID
198,1712693253.182422,4695239.49008281,1405.0,9.93826163864017e-08,1435.0,BID
199,1712693280.3536477,4695239.49008281,1405.0,0.0,1435.0,BID
200,1712693310.365857,4695239.49008281,1405.0,0.0,1435.0,BID
201,1712693340.5518205,4695239.49008281,1405.0,0.0,1435.0,BID
202,1712693370.5440986,4695239.49008281,1405.0,0.0,1435.0,BID
203,1712693381.5815606,4695246.49008281,1400.0,-9.779871516142955e-10,1435.0,ASK
204,1712693381.584637,4695251.92436279,1402.0,-7.592365712642427e-10,1435.0,ASK
205,1712693381.5861917,4695436.12245335,1400.0,-2.5734766559910536e-08,1435.0,ASK
206,1712693381.590858,4695439.6945962,1400.0,-4.990728302321614e-10,1435.0,ASK
207,1712693400.3910365,4695439.6945962,1400.0,-0.0,1435.0,ASK
208,1712693430.3606143,4695439.6945962,1400.0,-0.0,1435.0,ASK
209,1712693460.5503898,4695439.6945962,1400.0,-0.0,1435.0,ASK
210,1712693474.7202678,4695475.38338991,1400.0,-4.992082380729549e-09,1435.0,ASK
211,1712693490.5525603,4695475.38338991,1400.0,-0.0,1435.0,ASK
212,1712693520.3518186,4695475.38338991,1400.0,-0.0,1435.0,ASK
213,1712693550.359954,4695475.38338991,1400.0,-0.0,1435.0,ASK
214,1712693580.531532,4695475.38338991,1400.0,-0.0,1435.0,ASK
215,1712693610.5492992,4695475.38338991,1400.0,-0.0,1435.0,ASK
216,1712693640.391329,4695475.38338991,1400.0,-0.0,1435.0,ASK
217,1712693670.3411882,4695475.38338991,1400.0,-0.0,1435.0,ASK
218,1712693674.2490084,4695489.61826535,1405.0,1.9911341026759748e-09,1435.0,BID
219,1712693700.3714695,4695489.61826535,1405.0,0.0,1435.0,BID
220,1712693730.3512397,4695489.61826535,1405.0,0.0,1435.0,BID
221,1712693760.529394,4695489.61826535,1405.0,0.0,1435.0,BID
222,1712693790.550621,4695489.61826535,1405.0,0.0,1435.0,BID
223,1712693820.3479989,4695489.61826535,1405.0,0.0,1435.0,BID
224,1712693850.362055,4695489.61826535,1405.0,0.0,1435.0,BID
225,1712693851.83788,4695754.01826535,1405.0,3.7004024913619424e-08,1435.0,BID
226,1712693855.1879337,4695769.91826535,1405.0,2.225279864378129e-09,1435.0,BID
227,1712693867.6468463,4695783.51826535,1405.0,1.903384034843051e-09,1435.0,BID
228,1712693877.3180375,4695845.41826535,1405.0,8.663196452994207e-09,1435.0,BID
229,1712693877.4397132,4695845.49015148,1405.0,1.0060802320453664e-11,1435.0,BID
230,1712693879.327741,4695907.39015148,1407.0,8.663196452994207e-09,1435.0,BID
231,1712693880.5336182,4695907.39015148,1407.0,0.0,1435.0,BID
232,1712693910.5475354,4695907.39015148,1407.0,0.0,1435.0,BID
233,1712693940.3591633,4695907.39015148,1407.0,0.0,1435.0,BID
234,1712693969.5372925,4695910.94381175,1407.0,4.973106247281134e-10,1435.0,BID
235,1712693970.349388,4695910.94381175,1407.0,0.0,1435.0,BID
236,1712693982.3073344,4695915.2007745,1404.0,-5.95732614441087e-10,1435.0,ASK
237,1712694000.40698,4695915.2007745,1404.0,-0.0,1435.0,ASK
238,1712694030.3394978,4695915.2007745,1404.0,-0.0,1435.0,ASK
239,1712694060.5368087,4695915.2007745,1404.0,-0.0,1435.0,ASK
240,1712694090.539075,4695915.2007745,1404.0,-0.0,1435.0,ASK
241,1712694092.4767554,4696129.3007745,1407.0,3.004487380358145e-08,1435.0,BID
242,1712694105.4467657,4697550.05415047,1407.0,1.9937578648808986e-07,1435.0,BID
243,1712694120.3480487,4697550.05415047,1407.0,0.0,1435.0,BID
244,1712694150.378826,4697550.05415047,1407.0,0.0,1435.0,BID
245,1712694180.5393977,4697550.05415047,1407.0,0.0,1435.0,BID
246,1712694210.562217,4697550.05415047,1407.0,0.0,1435.0,BID
247,1712694240.3463252,4697550.05415047,1407.0,0.0,1435.0,BID
248,1712694251.1268747,4697676.0757168,1407.0,1.7679029670483073e-08,1435.0,BID
249,1712694270.3385797,4697676.0757168,1407.0,0.0,1435.0,BID
250,1712694300.5374784,4697676.0757168,1407.0,0.0,1435.0,BID
251,1712694308.8957894,4698978.53645621,1407.0,1.8271320948035293e-07,1435.0,BID
252,1712694308.9557457,4699097.53982483,1407.0,-1.669415957177317e-08,1435.0,ASK
253,1712694330.5356245,4699097.53982483,1407.0,-0.0,1435.0,ASK
254,1712694360.3579776,4699097.53982483,1407.0,-0.0,1435.0,ASK
255,1712694361.6855383,4699168.26118268,1404.0,-9.918227473778065e-09,1435.0,ASK
256,1712694390.3578255,4699168.26118268,1404.0,-0.0,1435.0,ASK
257,1712694420.5659227,4699168.26118268,1404.0,-0.0,1435.0,ASK
258,1712694450.5567586,4699168.26118268,1404.0,-0.0,1435.0,ASK
259,1712694466.7151816,4699206.91089777,1404.0,-5.4203049793681075e-09,1435.0,ASK
260,1712694466.7260466,4699590.11359554,1404.0,-5.374102981051092e-08,1435.0,ASK
261,1712694480.326925,4699590.11359554,1404.0,-0.0,1435.0,ASK
262,1712694510.3276992,4699590.11359554,1404.0,-0.0,1435.0,ASK
263,1712694540.3574262,4699590.11359554,1404.0,-0.0,1435.0,ASK
264,1712694570.3875804,4699590.11359554,1404.0,-0.0,1435.0,ASK
265,1712694572.9347308,4699593.79492214,1408.0,5.16232928846107e-10,1435.0,BID
266,1712694572.9446871,4699604.31814099,1408.0,1.4756724074926782e-09,1435.0,BID
267,1712694600.6446753,4699604.31814099,1408.0,0.0,1435.0,BID
268,1712694630.534225,4699604.31814099,1408.0,0.0,1435.0,BID
269,1712694660.3351655,4699604.31814099,1408.0,0.0,1435.0,BID
270,1712694685.7141168,4699804.28619899,1408.0,2.8042888984258362e-08,1435.0,BID
271,1712694685.8541272,4699888.40905008,1408.0,-1.1797122989214969e-08,1435.0,ASK
272,1712694690.404507,4699888.40905008,1408.0,-0.0,1435.0,ASK
273,1712694708.754882,4700594.44224051,1408.0,-9.900631134400256e-08,1435.0,ASK
274,1712694708.7585804,4700616.28800832,1408.0,-3.063409650796842e-09,1435.0,ASK
275,1712694720.534517,4700616.28800832,1408.0,-0.0,1435.0,ASK
276,1712694750.5271811,4700616.28800832,1408.0,-0.0,1435.0,ASK
277,1712694780.3753493,4700616.28800832,1408.0,-0.0,1435.0,ASK
278,1712694810.3255856,4700616.28800832,1408.0,-0.0,1435.0,ASK
279,1712694840.5895717,4700616.28800832,1408.0,-0.0,1435.0,ASK
280,1712694870.5286462,4700616.28800832,1408.0,-0.0,1435.0,ASK
281,1712694900.356257,4700616.28800832,1408.0,-0.0,1435.0,ASK
282,1712694930.3488035,4700616.28800832,1408.0,-0.0,1435.0,ASK
283,1712694960.5290492,4700616.28800832,1408.0,-0.0,1435.0,ASK
284,1712694990.5466254,4700616.28800832,1408.0,-0.0,1435.0,ASK
285,1712695020.3293676,4700616.28800832,1408.0,-0.0,1435.0,ASK
286,1712695050.3633206,4700616.28800832,1408.0,-0.0,1435.0,ASK
287,1712695080.5503323,4700616.28800832,1408.0,-0.0,1435.0,ASK
288,1712695110.540104,4700616.28800832,1408.0,-0.0,1435.0,ASK
289,1712695140.3533752,4700616.28800832,1408.0,-0.0,1435.0,ASK
290,1712695170.3400998,4700616.28800832,1408.0,-0.0,1435.0,ASK
291,1712695200.3803551,4700616.28800832,1408.0,-0.0,1435.0,ASK
292,1712695230.3501787,4700616.28800832,1408.0,-0.0,1435.0,ASK
293,1712695260.5295289,4700616.28800832,1408.0,-0.0,1435.0,ASK
294,1712695290.5404117,4700616.28800832,1408.0,-0.0,1435.0,ASK
295,1712695320.3398197,4700616.28800832,1408.0,-0.0,1435.0,ASK
296,1712695350.34107,4700616.28800832,1408.0,-0.0,1435.0,ASK
297,1712695380.5306234,4700616.28800832,1408.0,-0.0,1435.0,ASK
298,1712695410.5380225,4700616.28800832,1408.0,-0.0,1435.0,ASK
299,1712695440.3483856,4700616.28800832,1408.0,-0.0,1435.0,ASK
300,1712695470.3609214,4700616.28800832,1408.0,-0.0,1435.0,ASK
301,1712695473.1583407,4700625.36541247,1409.0,1.2729176384890703e-09,1435.0,BID
302,1712695473.168198,4700630.48247247,1409.0,7.17561521312515e-10,1435.0,BID
303,1712695500.3606694,4700630.48247247,1409.0,0.0,1435.0,BID
304,1712695530.3605926,4700630.48247247,1409.0,0.0,1435.0,BID
305,1712695560.5407186,4700630.48247247,1409.0,0.0,1435.0,BID
306,1712695590.5381634,4700630.48247247,1409.0,0.0,1435.0,BID
307,1712695620.3440285,4700630.48247247,1409.0,0.0,1435.0,BID
308,1712695650.3482273,4700630.48247247,1409.0,0.0,1435.0,BID
309,1712695661.19837,4700665.96863286,1409.0,4.97685485668886e-09,1435.0,BID
310,1712695680.572209,4700665.96863286,1409.0,0.0,1435.0,BID
311,1712695710.5307274,4700665.96863286,1409.0,0.0,1435.0,BID
312,1712695740.3488293,4700665.96863286,1409.0,0.0,1435.0,BID
313,1712695770.366371,4700665.96863286,1409.0,0.0,1435.0,BID
314,1712695800.451012,4700665.96863286,1409.0,0.0,1435.0,BID
315,1712695819.2736356,4700807.94310017,1408.0,-1.9918856031678842e-08,1435.0,ASK
316,1712695830.348281,4700807.94310017,1408.0,-0.0,1435.0,ASK
317,1712695860.5418906,4700807.94310017,1408.0,-0.0,1435.0,ASK
318,1712695890.5406384,4700807.94310017,1408.0,-0.0,1435.0,ASK
319,1712695920.3312302,4700807.94310017,1408.0,-0.0,1435.0,ASK
320,1712695950.3543792,4700807.94310017,1408.0,-0.0,1435.0,ASK
321,1712695980.560585,4700807.94310017,1408.0,-0.0,1435.0,ASK
322,1712696010.541891,4700807.94310017,1408.0,-0.0,1435.0,ASK
323,1712696040.3807635,4700807.94310017,1408.0,-0.0,1435.0,ASK
324,1712696043.368823,4700855.14675244,1408.0,6.622432909795951e-09,1435.0,BID
325,1712696043.3723056,4700968.87221341,1408.0,1.595510514945578e-08,1435.0,BID
326,1712696043.4681296,4701021.01128198,1408.0,-7.314846775160031e-09,1435.0,ASK
327,1712696070.3605683,4701021.01128198,1408.0,-0.0,1435.0,ASK
328,1712696100.530872,4701021.01128198,1408.0,-0.0,1435.0,ASK
329,1712696108.3080196,4701056.49744237,1405.0,-4.978422801694505e-09,1435.0,ASK
330,1712696130.5316827,4701056.49744237,1405.0,-0.0,1435.0,ASK
331,1712696160.3277705,4701056.49744237,1405.0,-0.0,1435.0,ASK
332,1712696190.3505256,4701056.49744237,1405.0,-0.0,1435.0,ASK
333,1712696220.530424,4701056.49744237,1405.0,-0.0,1435.0,ASK
334,1712696250.5498962,4701056.49744237,1405.0,-0.0,1435.0,ASK
335,1712696280.352046,4701056.49744237,1405.0,-0.0,1435.0,ASK
336,1712696310.3310227,4701056.49744237,1405.0,-0.0,1435.0,ASK
337,1712696340.5641308,4701056.49744237,1405.0,-0.0,1435.0,ASK
338,1712696351.22771,4703057.49744237,1405.0,-2.807222375529712e-07,1435.0,ASK
339,1712696351.2372577,4703522.62579487,1404.0,-6.525330927686434e-08,1435.0,ASK
340,1712696354.1180534,4703618.2929776,1409.0,1.34212421771604e-08,1435.0,BID
341,1712696354.1226346,4703621.9896676,1408.0,5.186122380034504e-10,1435.0,BID
342,1712696370.551104,4703621.9896676,1408.0,0.0,1435.0,BID
343,1712696373.559246,4703636.19421305,1408.0,1.99176232967549e-09,1435.0,BID
344,1712696400.5105054,4703636.19421305,1408.0,0.0,1435.0,BID
345,1712696430.358761,4703636.19421305,1408.0,0.0,1435.0,BID
346,1712696434.119833,4703653.9114673,1408.0,2.485136348198964e-09,1435.0,BID
347,1712696434.125996,4703707.21694032,1408.0,7.476969438722726e-09,1435.0,BID
348,1712696460.5472577,4703707.21694032,1408.0,0.0,1435.0,BID
349,1712696490.5472765,4703707.21694032,1408.0,0.0,1435.0,BID
350,1712696520.3289168,4703707.21694032,1408.0,0.0,1435.0,BID
351,1712696520.460077,4704436.66881845,1401.0,-1.0231618986316261e-07,1435.0,ASK
352,1712696550.3620875,4704436.66881845,1401.0,-0.0,1435.0,ASK
353,1712696580.520232,4704436.66881845,1401.0,-0.0,1435.0,ASK
354,1712696610.570141,4704436.66881845,1401.0,-0.0,1435.0,ASK
355,1712696640.3272135,4704436.66881845,1401.0,-0.0,1435.0,ASK
356,1712696670.349728,4704436.66881845,1401.0,-0.0,1435.0,ASK
357,1712696700.5406916,4704436.66881845,1401.0,-0.0,1435.0,ASK
358,1712696730.5489414,4704436.66881845,1401.0,-0.0,1435.0,ASK
359,1712696760.3503716,4704436.66881845,1401.0,-0.0,1435.0,ASK
360,1712696777.4982543,4704508.04640588,1401.0,-1.001077097150547e-08,1435.0,ASK
361,1712696778.898168,4704579.37308205,1402.0,1.0003630621425665e-08,1435.0,BID
362,1712696790.3673732,4704579.37308205,1402.0,0.0,1435.0,BID
363,1712696820.5330029,4704579.37308205,1402.0,0.0,1435.0,BID
364,1712696824.6857853,4704597.2302249,1400.0,-2.5044101306263838e-09,1435.0,ASK
365,1712696824.689775,4704600.80236775,1400.0,-5.009822016886348e-10,1435.0,ASK
366,1712696848.9504082,4704743.8638842,1398.0,-2.0063943829931122e-08,1435.0,ASK
367,1712696848.9545803,4704781.21645255,1398.0,-5.238584434635417e-09,1435.0,ASK
368,1712696850.530111,4704781.21645255,1398.0,-0.0,1435.0,ASK
369,1712696880.3593447,4704781.21645255,1398.0,-0.0,1435.0,ASK
370,1712696892.831012,4705138.51258988,1398.0,5.0107716426817913e-08,1435.0,BID
371,1712696910.3744702,4705138.51258988,1398.0,0.0,1435.0,BID
372,1712696912.6953075,4705786.17209587,1397.0,-9.082232440447277e-08,1435.0,ASK
373,1712696912.7012856,4706000.24728074,1397.0,-3.0020104248381394e-08,1435.0,ASK
374,1712696913.0351589,4707646.99469438,1397.0,-2.309260134850513e-07,1435.0,ASK
375,1712696913.0368152,4707790.15861707,1397.0,-2.007610497384969e-08,1435.0,ASK
376,1712696923.0121143,4707794.45046256,1398.0,6.018523310509945e-10,1435.0,BID
377,1712696940.5319622,4707794.45046256,1398.0,0.0,1435.0,BID
378,1712696970.5530145,4707794.45046256,1398.0,0.0,1435.0,BID
379,1712696979.2038453,4707866.08370038,1396.0,-1.0040019164217912e-08,1435.0,ASK
380,1712696979.2076042,4707901.92599428,1395.0,-5.023608154418871e-09,1435.0,ASK
381,1712696979.2114098,4708526.85932603,1393.0,-8.758982307748915e-08,1435.0,ASK
382,1712696979.2152293,4708626.85932603,1396.0,-1.4015866753684708e-08,1435.0,ASK
383,1712696994.4331908,4708632.29360601,1393.0,-7.61661441038298e-10,1435.0,ASK
384,1712697000.3876162,4708632.29360601,1393.0,-0.0,1435.0,ASK
385,1712697007.3232844,4710627.85932603,1393.0,-2.798719386067975e-07,1435.0,ASK
386,1712697007.333123,4712861.1122657,1393.0,-3.132068382184815e-07,1435.0,ASK
387,1712697030.366694,4712861.1122657,1393.0,-0.0,1435.0,ASK
388,1712697039.704928,4713269.79750702,1392.0,-5.726953112950354e-08,1435.0,ASK
389,1712697039.7091773,4714778.09313293,1392.0,-2.1135919423350334e-07,1435.0,ASK
390,1712697039.7126503,4715586.22027794,1391.0,-1.1324378276604409e-07,1435.0,ASK
391,1712697039.7161644,4715817.4738198,1393.0,-3.240582378645837e-08,1435.0,ASK
392,1712697039.7199516,4716317.4738198,1391.0,-7.006557288991711e-08,1435.0,ASK
393,1712697039.7219918,4716830.97793401,1393.0,-7.195791988699102e-08,1435.0,ASK
394,1712697039.724027,4716902.8686601,1391.0,-1.0074129817862709e-08,1435.0,ASK
395,1712697060.5563538,4716902.8686601,1391.0,-0.0,1435.0,ASK
396,1712697065.675932,4718273.22005369,1392.0,-1.918776525406825e-07,1435.0,ASK
397,1712697075.8746722,4718282.90857555,1392.0,-1.3565942573664775e-09,1435.0,ASK
398,1712697090.5548017,4718282.90857555,1392.0,-0.0,1435.0,ASK
399,1712697120.367731,4718282.90857555,1392.0,-0.0,1435.0,ASK
400,1712697150.3601165,4718282.90857555,1392.0,-0.0,1435.0,ASK
401,1712697180.5743215,4718282.90857555,1392.0,-0.0,1435.0,ASK
402,1712697210.5691686,4718282.90857555,1392.0,-0.0,1435.0,ASK
403,1712697231.9468615,4718977.83560821,1393.0,-9.727804974159237e-08,1435.0,ASK
404,1712697240.340065,4718977.83560821,1393.0,-0.0,1435.0,ASK
405,1712697269.297376,4720064.99633922,1391.0,-1.5216352466266729e-07,1435.0,ASK
406,1712697269.3073602,4721611.07837085,1393.0,-2.163960531687404e-07,1435.0,ASK
407,1712697269.3102891,4723302.95122584,1391.0,-2.368015414403161e-07,1435.0,ASK
408,1712697269.313287,4723384.50896219,1393.0,-1.141515902164556e-08,1435.0,ASK
409,1712697269.3163087,4724106.80226703,1392.0,-1.0109516649179413e-07,1435.0,ASK
410,1712697270.3603532,4724106.80226703,1392.0,-0.0,1435.0,ASK
411,1712697289.5681393,4724216.80226703,1391.0,-1.5380689108855292e-08,1435.0,ASK
412,1712697300.367931,4724216.80226703,1391.0,-0.0,1435.0,ASK
413,1712697330.3612976,4724216.80226703,1391.0,-0.0,1435.0,ASK
414,1712697360.5598688,4724216.80226703,1391.0,-0.0,1435.0,ASK
415,1712697390.5580823,4724216.80226703,1391.0,-0.0,1435.0,ASK
416,1712697420.3723402,4724216.80226703,1391.0,-0.0,1435.0,ASK
417,1712697450.379812,4724216.80226703,1391.0,-0.0,1435.0,ASK
418,1712697480.5494282,4724216.80226703,1391.0,-0.0,1435.0,ASK
419,1712697510.5522182,4724216.80226703,1391.0,-0.0,1435.0,ASK
420,1712697540.3675346,4724216.80226703,1391.0,-0.0,1435.0,ASK
421,1712697570.359967,4724216.80226703,1391.0,-0.0,1435.0,ASK
422,1712697577.6899254,4724223.80226703,1393.0,9.78892023490373e-10,1435.0,BID
423,1712697577.6999638,4724223.98101792,1393.0,2.4996831530492948e-11,1435.0,BID
424,1712697600.40022,4724223.98101792,1393.0,0.0,1435.0,BID
425,1712697626.019272,4724367.55603586,1392.0,2.008902770715288e-08,1435.0,BID
426,1712697630.3634558,4724367.55603586,1392.0,0.0,1435.0,BID
427,1712697660.4121876,4724367.55603586,1392.0,0.0,1435.0,BID
428,1712697667.1506405,4724373.53753492,1391.0,-8.369084115853363e-10,1435.0,ASK
429,1712697667.1553912,4724969.64994986,1391.0,-8.34057632346878e-08,1435.0,ASK
430,1712697673.4004157,4724969.6499508,1391.0,-1.316101542070647e-16,1435.0,ASK
431,1712697674.1195614,4725050.96992035,1391.0,1.1377978308336825e-08,1435.0,BID
432,1712697681.9005077,4725165.75371618,1391.0,1.6060108560435982e-08,1435.0,BID
433,1712697690.3636942,4725165.75371618,1391.0,0.0,1435.0,BID
434,1712697720.5546403,4725165.75371618,1391.0,0.0,1435.0,BID
435,1712697721.105935,4725171.84563424,1390.0,-8.52225423260502e-10,1435.0,ASK
436,1712697721.113541,4727166.75371618,1390.0,-2.7907653514994295e-07,1435.0,ASK
437,1712697721.1705954,4728675.04933213,1390.0,-2.1100216009534586e-07,1435.0,ASK
438,1712697721.1907794,4728829.92077771,1390.0,-2.1665653078209734e-08,1435.0,ASK
439,1712697721.2006285,4730183.34493807,1390.0,-1.893365056168132e-07,1435.0,ASK
440,1712697721.2219102,4731151.80451187,1390.0,-1.3548210302812393e-07,1435.0,ASK
441,1712697721.3004858,4731467.50617962,1390.0,-4.416490582906609e-08,1435.0,ASK
442,1712697721.360924,4732438.21568696,1390.0,-1.3579685620513213e-07,1435.0,ASK
443,1712697721.364971,4732532.1442445,1390.0,-1.3140082306188016e-08,1435.0,ASK
444,1712697721.3690236,4733904.62338119,1390.0,-1.9200219072768145e-07,1435.0,ASK
445,1712697722.2708836,4733904.6233812,1390.0,-1.4331552793930599e-18,1435.0,ASK
446,1712697736.370774,4734223.6233812,1389.0,4.462632414935128e-08,1435.0,BID
447,1712697740.0608644,4734353.82338119,1389.0,1.8214255184315586e-08,1435.0,BID
448,1712697750.6322818,4734353.82338119,1389.0,0.0,1435.0,BID
449,1712697780.3734827,4734353.82338119,1389.0,0.0,1435.0,BID
450,1712697810.3755872,4734353.82338119,1389.0,0.0,1435.0,BID
451,1712697834.7718148,4734357.72963119,1387.0,-5.454880671394602e-10,1435.0,ASK
452,1712697840.5512495,4734357.72963119,1387.0,-0.0,1435.0,ASK
453,1712697870.5525188,4734357.72963119,1387.0,-0.0,1435.0,ASK
454,1712697900.3516266,4734357.72963119,1387.0,-0.0,1435.0,ASK
455,1712697930.371831,4734357.72963119,1387.0,-0.0,1435.0,ASK
456,1712697950.5518315,4734361.69502412,1387.0,-5.542502391995063e-10,1435.0,ASK
457,1712697950.563089,4734727.40780891,1387.0,-5.1116346362649146e-08,1435.0,ASK
458,1712697950.565689,4735231.01603401,1386.0,-7.039024484754836e-08,1435.0,ASK
459,1712697950.5679028,4735323.60976147,1387.0,-1.2941995031901874e-08,1435.0,ASK
460,1712697950.5700693,4736139.63889828,1386.0,-1.1405788841404426e-07,1435.0,ASK
461,1712697950.5722797,4736211.73695163,1387.0,-1.0077277088306876e-08,1435.0,ASK
462,1712697950.5744984,4738572.71695691,1386.0,-3.299985035369875e-07,1435.0,ASK
463,1712697951.6818154,4739572.71695691,1386.0,-1.3977183322136406e-07,1435.0,ASK
464,1712697960.545142,4739572.71695691,1386.0,-0.0,1435.0,ASK
465,1712697972.27174,4739601.51465309,1389.0,4.021044159340082e-09,1435.0,BID
466,1712697990.5620096,4739601.51465309,1389.0,0.0,1435.0,BID
467,1712698020.3922143,4739601.51465309,1389.0,0.0,1435.0,BID
468,1712698050.3571036,4739601.51465309,1389.0,0.0,1435.0,BID
469,1712698062.7223392,4741573.71695691,1389.0,2.753785654480888e-07,1435.0,BID
470,1712698062.7269886,4741761.20688496,1390.0,2.617921463856796e-08,1435.0,BID
471,1712698080.5856311,4741761.20688496,1390.0,0.0,1435.0,BID
472,1712698110.5527165,4741761.20688496,1390.0,0.0,1435.0,BID
473,1712698140.374228,4741761.20688496,1390.0,0.0,1435.0,BID
474,1712698150.3127952,4741873.86663711,1386.0,-1.5724092116197583e-08,1435.0,ASK
475,1712698150.316273,4742515.29955419,1386.0,-8.952576303461682e-08,1435.0,ASK
476,1712698150.32232,4743626.54956689,1386.0,-1.5509884613053696e-07,1435.0,ASK
477,1712698150.3927412,4753083.39258311,1386.0,1.3199058925444275e-06,1435.0,BID
478,1712698150.3969722,4754679.3879153,1386.0,2.227554840254421e-07,1435.0,BID
479,1712698150.402164,4754995.08958305,1386.0,4.4062959576991094e-08,1435.0,BID
480,1712698150.4124467,4759714.68958305,1386.0,6.587217150340292e-07,1435.0,BID
481,1712698150.4157937,4760842.6795111,1386.0,1.5743526145144585e-07,1435.0,BID
482,1712698150.437883,4765558.5795111,1386.0,6.582053004342463e-07,1435.0,BID
483,1712698150.4398596,4765833.18453274,1386.0,3.832703848027205e-08,1435.0,BID
484,1712698150.4741373,4771781.28453274,1386.0,8.301853193478203e-07,1435.0,BID
485,1712698150.5398216,4773729.33648214,1386.0,2.718925589212121e-07,1435.0,BID
486,1712698150.6328409,4774337.76802114,1386.0,8.49197107489858e-08,1435.0,BID
487,1712698150.642199,4776128.66802114,1386.0,2.499586234965183e-07,1435.0,BID
488,1712698150.7123723,4777804.76802114,1386.0,2.339358137488329e-07,1435.0,BID
489,1712698150.7925377,4781922.86802114,1386.0,5.747694496740411e-07,1435.0,BID
490,1712698150.9723008,4782736.96802114,1386.0,1.1362516912653902e-07,1435.0,BID
491,1712698151.1623735,4783706.26802114,1386.0,1.3528666801898725e-07,1435.0,BID
492,1712698151.3826623,4784598.66802114,1386.0,1.245536186320972e-07,1435.0,BID
493,1712698151.5434537,4786275.06802114,1386.0,2.3397768520285174e-07,1435.0,BID
494,1712698151.982839,4786633.26802114,1386.0,4.9994516129614944e-08,1435.0,BID
495,1712698152.1424136,4786898.66802114,1386.0,3.704227967829415e-08,1435.0,BID
496,1712698152.3024404,4787245.36802114,1386.0,4.838944372456111e-08,1435.0,BID
497,1712698152.4623945,4787460.16802114,1386.0,2.9979961096109406e-08,1435.0,BID
498,1712698152.6427994,4787742.26802114,1386.0,3.9373123953615216e-08,1435.0,BID
499,1712698152.9826152,4787910.34342797,1386.0,2.3458538910499684e-08,1435.0,BID
500,1712698153.0223918,4788480.04342797,1386.0,7.951389123125661e-08,1435.0,BID
501,1712698153.1625152,4789115.75797697,1386.0,8.872764174697664e-08,1435.0,BID
502,1712698153.2026134,4789997.35797697,1386.0,1.2304624628663745e-07,1435.0,BID
503,1712698153.3624167,4790207.36003163,1386.0,2.931030460337429e-08,1435.0,BID
504,1712698153.412408,4790343.46003163,1386.0,1.8995682984976072e-08,1435.0,BID
505,1712698153.4725482,4790697.36482585,1386.0,4.939502775826708e-08,1435.0,BID
506,1712698170.3726034,4790697.36482585,1386.0,0.0,1435.0,BID
507,1712698200.4759195,4790697.36482585,1386.0,0.0,1435.0,BID
508,1712698230.35508,4790697.36482585,1386.0,0.0,1435.0,BID
509,1712698260.5430577,4790697.36482585,1386.0,0.0,1435.0,BID
510,1712698290.5381808,4790697.36482585,1386.0,0.0,1435.0,BID
511,1712698320.3656745,4790697.36482585,1386.0,0.0,1435.0,BID
512,1712698350.3663073,4790697.36482585,1386.0,0.0,1435.0,BID
513,1712698380.373089,4790697.36482585,1386.0,0.0,1435.0,BID
514,1712698396.8134975,4790769.30727189,1390.0,9.952480876572534e-09,1435.0,BID
515,1712698410.3760648,4790769.30727189,1390.0,0.0,1435.0,BID
516,1712698440.567222,4790769.30727189,1390.0,0.0,1435.0,BID
517,1712698457.1333869,4790797.36482585,1390.0,3.881413847195031e-09,1435.0,BID
518,1712698457.1968126,4790841.24971793,1390.0,-6.070929349175083e-09,1435.0,ASK
519,1712698459.2640004,4790913.14044402,1391.0,9.945188384073224e-09,1435.0,BID
520,1712698461.4334435,4790985.03117011,1391.0,9.945188384202061e-09,1435.0,BID
521,1712698463.4632854,4791056.9218962,1391.0,9.945188384073224e-09,1435.0,BID
522,1712698470.5488722,4791056.9218962,1391.0,0.0,1435.0,BID
523,1712698500.4021697,4791056.9218962,1391.0,0.0,1435.0,BID
524,1712698520.1244335,4791371.535843,1391.0,4.376944342848567e-08,1435.0,BID
525,1712698530.3752892,4791371.535843,1391.0,0.0,1435.0,BID
526,1712698560.5435286,4791371.535843,1391.0,0.0,1435.0,BID
527,1712698590.5469255,4791371.535843,1391.0,0.0,1435.0,BID
528,1712698620.374363,4791371.535843,1391.0,0.0,1435.0,BID
529,1712698650.3916414,4791371.535843,1391.0,0.0,1435.0,BID
530,1712698668.804033,4791443.47828904,1390.0,1.0008104063751357e-08,1435.0,BID
531,1712698680.563873,4791443.47828904,1390.0,0.0,1435.0,BID
532,1712698710.5482702,4791443.47828904,1390.0,0.0,1435.0,BID
533,1712698740.346186,4791443.47828904,1390.0,0.0,1435.0,BID
534,1712698770.366175,4791443.47828904,1390.0,0.0,1435.0,BID
535,1712698786.334212,4791450.77755911,1390.0,1.015406651330945e-09,1435.0,BID
536,1712698786.33918,4791587.26498873,1391.0,1.8986863416053405e-08,1435.0,BID
537,1712698800.3734994,4791587.26498873,1391.0,0.0,1435.0,BID
538,1712698830.3767068,4791587.26498873,1391.0,0.0,1435.0,BID
539,1712698860.5620034,4791587.26498873,1391.0,0.0,1435.0,BID
540,1712698890.5441608,4791587.26498873,1391.0,0.0,1435.0,BID
541,1712698920.3858104,4791587.26498873,1391.0,0.0,1435.0,BID
542,1712698950.362602,4791587.26498873,1391.0,0.0,1435.0,BID
543,1712698980.563563,4791587.26498873,1391.0,0.0,1435.0,BID
544,1712698997.4093292,4791610.47588813,1391.0,3.242155537950796e-09,1435.0,BID
545,1712698997.4132566,4791802.93716701,1391.0,2.6883464978863573e-08,1435.0,BID
546,1712699001.9392257,4792048.3814233,1388.0,-3.4284257626414895e-08,1435.0,ASK
547,1712699010.548457,4792048.3814233,1388.0,-0.0,1435.0,ASK
548,1712699040.3406596,4792048.3814233,1388.0,-0.0,1435.0,ASK
549,1712699070.384156,4792048.3814233,1388.0,-0.0,1435.0,ASK
550,1712699072.358054,4793014.69490011,1390.0,-1.34964965836078e-07,1435.0,ASK
551,1712699100.3833284,4793014.69490011,1390.0,-0.0,1435.0,ASK
552,1712699108.017528,4794462.92082335,1390.0,-2.023448573297278e-07,1435.0,ASK
553,1712699128.577379,4794596.82561757,1390.0,-1.8709060546142897e-08,1435.0,ASK
554,1712699130.3615112,4794596.82561757,1390.0,-0.0,1435.0,ASK
555,1712699160.550588,4794596.82561757,1390.0,-0.0,1435.0,ASK
556,1712699190.5662594,4794596.82561757,1390.0,-0.0,1435.0,ASK
557,1712699220.378244,4794596.82561757,1390.0,-0.0,1435.0,ASK
558,1712699250.355797,4794596.82561757,1390.0,-0.0,1435.0,ASK
559,1712699266.4269311,4794603.92953883,1390.0,-9.922487720175951e-10,1435.0,ASK
560,1712699266.4319737,4796467.02561757,1390.0,-2.602301924084443e-07,1435.0,ASK
561,1712699266.5456023,4796467.11594091,1390.0,-1.261602149982548e-11,1435.0,ASK
562,1712699280.5487769,4796467.11594091,1390.0,-0.0,1435.0,ASK
563,1712699310.575284,4796467.11594091,1390.0,-0.0,1435.0,ASK
564,1712699340.3650205,4796467.11594091,1390.0,-0.0,1435.0,ASK
565,1712699356.1447277,4796503.01594091,1390.0,-5.012555666440754e-09,1435.0,ASK
566,1712699370.3766923,4796503.01594091,1390.0,-0.0,1435.0,ASK
567,1712699400.4264731,4796503.01594091,1390.0,-0.0,1435.0,ASK
568,1712699415.5540164,4796510.19984895,1392.0,1.0038250462595692e-09,1435.0,BID
569,1712699419.7645905,4798472.22920189,1389.0,-2.7415916171144017e-07,1435.0,ASK
570,1712699419.7699976,4798472.30042491,1390.0,-9.952166913442114e-12,1435.0,ASK
571,1712699419.7746131,4798479.49984895,1389.0,-1.005993134882042e-09,1435.0,ASK
572,1712699419.7785945,4798485.89984895,1389.0,-8.942876580446786e-10,1435.0,ASK
573,1712699419.7838562,4800573.49984895,1389.0,-2.91705455441417e-07,1435.0,ASK
574,1712699419.8041794,4801380.59984895,1389.0,-1.1277805761974169e-07,1435.0,ASK
575,1712699419.8090348,4801857.59984895,1389.0,-6.665237700976278e-08,1435.0,ASK
576,1712699419.863922,4801857.68021523,1389.0,-1.122977691563574e-11,1435.0,ASK
577,1712699430.357144,4801857.68021523,1389.0,-0.0,1435.0,ASK
578,1712699460.547016,4801857.68021523,1389.0,-0.0,1435.0,ASK
579,1712699485.5033667,4802005.58021523,1389.0,-2.0644972916738533e-08,1435.0,ASK
580,1712699485.5834217,4802597.21829356,1389.0,-8.258520692144675e-08,1435.0,ASK
581,1712699490.5559084,4802597.21829356,1389.0,-0.0,1435.0,ASK
582,1712699509.5835285,4803072.23513237,1388.0,-6.629684801839773e-08,1435.0,ASK
583,1712699509.5930977,4803722.21829356,1388.0,-9.071643641059097e-08,1435.0,ASK
584,1712699511.4334073,4804622.21829356,1388.0,-1.25610627543191e-07,1435.0,ASK
585,1712699520.37696,4804622.21829356,1388.0,-0.0,1435.0,ASK
586,1712699550.3530648,4804622.21829356,1388.0,-0.0,1435.0,ASK
587,1712699580.5262475,4804622.21829356,1388.0,-0.0,1435.0,ASK
588,1712699610.5360353,4804622.21829356,1388.0,-0.0,1435.0,ASK
589,1712699628.65327,4804629.41253816,1390.0,1.003688025589493e-09,1435.0,BID
590,1712699640.345037,4804629.41253816,1390.0,0.0,1435.0,BID
591,1712699670.3628242,4804629.41253816,1390.0,0.0,1435.0,BID
592,1712699700.37522,4804629.41253816,1390.0,0.0,1435.0,BID
593,1712699730.3877966,4804629.41253816,1390.0,0.0,1435.0,BID
594,1712699748.6917832,4805339.91253816,1388.0,-9.932619574550124e-08,1435.0,ASK
595,1712699760.4239178,4805339.91253816,1388.0,-0.0,1435.0,ASK
596,1712699771.2117195,4807539.91253816,1388.0,-3.075123278144831e-07,1435.0,ASK
597,1712699790.3614976,4807539.91253816,1388.0,-0.0,1435.0,ASK
598,1712699820.5349274,4807539.91253816,1388.0,-0.0,1435.0,ASK
599,1712699822.9955711,4807545.91884816,1388.0,-8.39193795564548e-10,1435.0,ASK
600,1712699822.9983518,4808319.93903219,1388.0,-1.081450900919929e-07,1435.0,ASK
601,1712699823.09369,4808328.52653219,1387.0,-1.1998342942042595e-09,1435.0,ASK
602,1712699823.0964217,4809101.83903219,1386.0,-1.0804621340280421e-07,1435.0,ASK
603,1712699850.5415587,4809101.83903219,1386.0,-0.0,1435.0,ASK
604,1712699880.3762877,4809101.83903219,1386.0,-0.0,1435.0,ASK
605,1712699910.3750172,4809101.83903219,1386.0,-0.0,1435.0,ASK
606,1712699927.4809978,4809106.83903219,1386.0,-6.983820847242921e-10,1435.0,ASK
607,1712699940.540631,4809106.83903219,1386.0,-0.0,1435.0,ASK
608,1712699943.2109346,4809218.18070636,1388.0,1.5551791051297452e-08,1435.0,BID
609,1712699970.5606542,4809218.18070636,1388.0,0.0,1435.0,BID
610,1712700000.4455843,4809218.18070636,1388.0,0.0,1435.0,BID
611,1712700030.394443,4809218.18070636,1388.0,0.0,1435.0,BID
612,1712700060.540315,4809218.18070636,1388.0,0.0,1435.0,BID
613,1712700090.5502863,4809218.18070636,1388.0,0.0,1435.0,BID
614,1712700100.7603955,4809938.64180147,1388.0,1.0068056208216284e-07,1435.0,BID
615,1712700120.3428445,4809938.64180147,1388.0,0.0,1435.0,BID
616,1712700150.3534744,4809938.64180147,1388.0,0.0,1435.0,BID
617,1712700180.5336523,4809938.64180147,1388.0,0.0,1435.0,BID
618,1712700209.7901468,4810038.64180147,1389.0,1.397250943381146e-08,1435.0,BID
619,1712700210.5449176,4810038.64180147,1389.0,0.0,1435.0,BID
620,1712700212.6067204,4810043.64180147,1389.0,6.986119131593833e-10,1435.0,BID
621,1712700218.6802557,4810324.35807592,1388.0,-3.92223467096422e-08,1435.0,ASK
622,1712700218.7802815,4811036.29452216,1388.0,-9.94734565511479e-08,1435.0,ASK
623,1712700218.7997663,4811945.90824748,1388.0,-1.2709339697642884e-07,1435.0,ASK
624,1712700227.269828,4812450.07835262,1388.0,-7.04438483418862e-08,1435.0,ASK
625,1712700240.3625932,4812450.07835262,1388.0,-0.0,1435.0,ASK
626,1712700270.3505647,4812450.07835262,1388.0,-0.0,1435.0,ASK
627,1712700296.9096274,4812455.68986341,1390.0,7.836871571561972e-10,1435.0,BID
628,1712700300.523431,4812455.68986341,1390.0,0.0,1435.0,BID
629,1712700311.7998152,4812728.01799345,1386.0,-3.811932557043769e-08,1435.0,ASK
630,1712700311.8996134,4813660.05291624,1386.0,-1.304622576433126e-07,1435.0,ASK
631,1712700311.9094882,4814733.19727897,1386.0,-1.502141528344041e-07,1435.0,ASK
632,1712700312.0397236,4815984.28967558,1386.0,-1.751225566673229e-07,1435.0,ASK
633,1712700312.4125135,4817093.91669196,1386.0,-1.5532083847842413e-07,1435.0,ASK
634,1712700312.749434,4818368.19805186,1386.0,-1.7836844845653192e-07,1435.0,ASK
635,1712700314.9096634,4818371.80035733,1388.0,5.042352951055154e-10,1435.0,BID
636,1712700330.5296822,4818371.80035733,1388.0,0.0,1435.0,BID
637,1712700360.3698134,4818371.80035733,1388.0,0.0,1435.0,BID
638,1712700378.5995488,4818379.00496828,1388.0,1.0073144324189408e-09,1435.0,BID
639,1712700390.360911,4818379.00496828,1388.0,0.0,1435.0,BID
640,1712700420.533047,4818379.00496828,1388.0,0.0,1435.0,BID
641,1712700445.33918,4818776.08565992,1388.0,5.551785586248128e-08,1435.0,BID
642,1712700450.5639465,4818776.08565992,1388.0,0.0,1435.0,BID
643,1712700480.3517723,4818776.08565992,1388.0,0.0,1435.0,BID
644,1712700510.3778791,4818776.08565992,1388.0,0.0,1435.0,BID
645,1712700515.590046,4818848.13176943,1388.0,1.007235407797272e-08,1435.0,BID
646,1712700522.9991229,4818920.17787894,1388.0,1.007235407797272e-08,1435.0,BID
647,1712700532.469057,4819920.17787894,1388.0,1.3980427460309986e-07,1435.0,BID
648,1712700540.198975,4819934.58710084,1388.0,2.01447081541226e-09,1435.0,BID
649,1712700540.5591657,4819934.58710084,1388.0,0.0,1435.0,BID
650,1712700560.7894056,4819941.17751084,1386.0,-9.211604076295027e-10,1435.0,ASK
651,1712700560.7950313,4820274.027213,1386.0,-4.6523352467340653e-08,1435.0,ASK
652,1712700564.6490288,4820346.07332251,1388.0,1.007009026870528e-08,1435.0,BID
653,1712700570.573873,4820346.07332251,1388.0,0.0,1435.0,BID
654,1712700571.0089362,4822111.97332251,1386.0,-2.468052018800521e-07,1435.0,ASK
655,1712700597.2076108,4822229.17332251,1386.0,-1.6380072291974197e-08,1435.0,ASK
656,1712700600.3621233,4822229.17332251,1386.0,-0.0,1435.0,ASK
657,1712700615.2892013,4822373.97332251,1387.0,-2.0258281431590003e-08,1435.0,ASK
658,1712700624.898853,4822483.37332251,1387.0,-1.5305635280568676e-08,1435.0,ASK
659,1712700624.9187367,4822520.27332251,1387.0,-5.1625040387797826e-09,1435.0,ASK
660,1712700628.4088774,4822534.77332251,1387.0,-2.0286262483317193e-09,1435.0,ASK
661,1712700630.349861,4822534.77332251,1387.0,-0.0,1435.0,ASK
662,1712700633.2288942,4822540.77332251,1388.0,8.393817746451931e-10,1435.0,BID
663,1712700639.7808633,4822959.58112581,1387.0,-5.85899395282308e-08,1435.0,ASK
664,1712700639.7844968,4823921.42042449,1386.0,-1.3455839624164382e-07,1435.0,ASK
665,1712700639.787041,4823927.42042449,1387.0,-8.393817746451931e-10,1435.0,ASK
666,1712700643.0189135,4823933.04002103,1388.0,7.861644860887174e-10,1435.0,BID
667,1712700649.1986976,4824858.04002103,1386.0,-1.2940469025780062e-07,1435.0,ASK
668,1712700653.4795415,4825903.84002103,1386.0,-1.4630424332063113e-07,1435.0,ASK
669,1712700660.5440905,4825903.84002103,1386.0,-0.0,1435.0,ASK
670,1712700661.8976064,4826710.44002103,1386.0,-1.127672173623996e-07,1435.0,ASK
671,1712700662.1889434,4827355.74002103,1386.0,-9.02165700025714e-08,1435.0,ASK
672,1712700662.2956586,4828755.45142171,1386.0,-1.956875276036521e-07,1435.0,ASK
673,1712700662.56889,4828991.75142171,1386.0,-3.3036069257037353e-08,1435.0,ASK
674,1712700663.1490774,4829244.54325568,1386.0,-3.53417204175877e-08,1435.0,ASK
675,1712700663.8430402,4829317.42819248,1386.0,-1.0189724163767273e-08,1435.0,ASK
676,1712700679.689128,4829903.20013365,1386.0,-8.189421251519157e-08,1435.0,ASK
677,1712700679.6939282,4829937.1444632,1386.0,-4.745608218004925e-09,1435.0,ASK
678,1712700690.542429,4829937.1444632,1386.0,-0.0,1435.0,ASK
679,1712700720.3666327,4829937.1444632,1386.0,-0.0,1435.0,ASK
680,1712700734.1048694,4830321.89758917,1385.0,-5.374864486962948e-08,1435.0,ASK
681,1712700734.1097758,4831926.3444632,1385.0,-2.2413552853392465e-07,1435.0,ASK
682,1712700734.262621,4833306.1444632,1385.0,-1.9275315828581162e-07,1435.0,ASK
683,1712700738.138747,4838537.6444632,1385.0,-7.308219651923171e-07,1435.0,ASK
684,1712700748.2486742,4838543.1444632,1385.0,-7.683304613509978e-10,1435.0,ASK
685,1712700750.2427294,4839628.80668624,1385.0,-1.5166315576359454e-07,1435.0,ASK
686,1712700750.2472007,4839730.3409667,1385.0,-1.4183978281510862e-08,1435.0,ASK
687,1712700750.25306,4839985.10553025,1385.0,-3.5589704481535e-08,1435.0,ASK
688,1712700750.358688,4839985.10553025,1385.0,-0.0,1435.0,ASK
689,1712700750.5087376,4840027.97558191,1385.0,-5.977173845961577e-09,1435.0,ASK
690,1712700750.558693,4840782.12339485,1385.0,1.051473559952586e-07,1435.0,BID
691,1712700750.6044323,4840959.06745472,1385.0,2.4670495273209323e-08,1435.0,BID
692,1712700750.607121,4842216.85155898,1385.0,1.7536704437333457e-07,1435.0,BID
693,1712700780.558494,4842216.85155898,1385.0,0.0,1435.0,BID
694,1712700786.7084825,4842223.85155898,1384.0,-9.755573327221267e-10,1435.0,ASK
695,1712700810.552081,4842223.85155898,1384.0,-0.0,1435.0,ASK
696,1712700818.7182384,4842868.54526237,1384.0,-8.984783150468075e-08,1435.0,ASK
697,1712700827.2487652,4842968.54526237,1384.0,-1.3936514507919222e-08,1435.0,ASK
698,1712700840.3809586,4842968.54526237,1384.0,-0.0,1435.0,ASK
699,1712700844.1985865,4842990.20591218,1385.0,3.018306061236172e-09,1435.0,BID
700,1712700845.6584103,4843019.0867786,1385.0,4.024408082513398e-09,1435.0,BID
701,1712700870.3426414,4843019.0867786,1385.0,0.0,1435.0,BID
702,1712700885.3796947,4843329.5560927,1385.0,4.326196491551893e-08,1435.0,BID
703,1712700900.402878,4843329.5560927,1385.0,0.0,1435.0,BID
704,1712700908.588904,4843334.68525341,1385.0,-7.157329181643859e-10,1435.0,ASK
705,1712700912.7192495,4843554.68525341,1385.0,-3.06992217457767e-08,1435.0,ASK
706,1712700915.7089534,4845214.4777103,1385.0,-2.316106213002165e-07,1435.0,ASK
707,1712700915.7119915,4845396.08525341,1385.0,-2.5341864711986444e-08,1435.0,ASK
708,1712700915.789075,4845396.11270605,1385.0,-3.830794045883246e-12,1435.0,ASK
709,1712700930.360659,4845396.11270605,1385.0,-0.0,1435.0,ASK
710,1712700953.179742,4846134.97068179,1384.0,-1.0306049657918274e-07,1435.0,ASK
711,1712700960.5390508,4846134.97068179,1384.0,-0.0,1435.0,ASK
712,1712700971.7291954,4846269.67068179,1384.0,-1.878611251784979e-08,1435.0,ASK
713,1712700972.7090268,4848129.67068179,1384.0,-2.5940734434411504e-07,1435.0,ASK
714,1712700990.5544486,4848129.67068179,1384.0,-0.0,1435.0,ASK
715,1712701011.6292584,4848395.22344459,1384.0,-3.702141106941299e-08,1435.0,ASK
716,1712701018.2493906,4848405.14585259,1385.0,1.3833090700310843e-09,1435.0,BID
717,1712701020.3708866,4848405.14585259,1385.0,0.0,1435.0,BID
718,1712701022.7695217,4848982.34959569,1385.0,8.046521921738092e-08,1435.0,BID
719,1712701023.109301,4849999.60748684,1385.0,1.4181106791229882e-07,1435.0,BID
720,1712701023.2091928,4850396.22344459,1385.0,5.5290337886682095e-08,1435.0,BID
721,1712701030.559215,4854548.90481502,1384.0,-5.789054918751148e-07,1435.0,ASK
722,1712701037.4993536,4855672.39508733,1384.0,-1.566204171934855e-07,1435.0,ASK
723,1712701050.3553598,4855672.39508733,1384.0,-0.0,1435.0,ASK
724,1712701080.5809028,4855672.39508733,1384.0,-0.0,1435.0,ASK
725,1712701107.1798377,4855701.23430867,1387.0,4.014707999739569e-09,1435.0,BID
726,1712701110.5436578,4855701.23430867,1387.0,0.0,1435.0,BID
727,1712701125.4496927,4855809.28441681,1387.0,1.5041571785036193e-08,1435.0,BID
728,1712701140.3799691,4855809.28441681,1387.0,0.0,1435.0,BID
729,1712701170.3637354,4855809.28441681,1387.0,0.0,1435.0,BID
730,1712701200.3823771,4855809.28441681,1387.0,0.0,1435.0,BID
731,1712701230.3647437,4855809.28441681,1387.0,0.0,1435.0,BID
732,1712701260.5447793,4855809.28441681,1387.0,0.0,1435.0,BID
733,1712701290.564114,4855809.28441681,1387.0,0.0,1435.0,BID
734,1712701320.3600166,4855809.28441681,1387.0,0.0,1435.0,BID
735,1712701350.3705509,4855809.28441681,1387.0,0.0,1435.0,BID
736,1712701380.5729563,4855809.28441681,1387.0,0.0,1435.0,BID
737,1712701408.910533,4855830.50082416,1387.0,2.957372413401134e-09,1435.0,BID
738,1712701408.916805,4859406.56436371,1387.0,4.984704283735429e-07,1435.0,BID
739,1712701410.570366,4859406.56436371,1387.0,0.0,1435.0,BID
740,1712701440.374437,4859406.56436371,1387.0,0.0,1435.0,BID
741,1712701470.3644698,4859406.56436371,1387.0,0.0,1435.0,BID
742,1712701472.1982868,4860917.11749927,1388.0,2.104109032406422e-07,1435.0,BID
743,1712701500.5407038,4860917.11749927,1388.0,0.0,1435.0,BID
744,1712701530.544407,4860917.11749927,1388.0,0.0,1435.0,BID
745,1712701560.374131,4860917.11749927,1388.0,0.0,1435.0,BID
746,1712701564.4206583,4861890.00612422,1388.0,-1.3550466352183888e-07,1435.0,ASK
747,1712701564.5004935,4862286.25972647,1388.0,-5.5190501425597466e-08,1435.0,ASK
748,1712701564.580763,4863040.40752944,1388.0,-1.0503827639297073e-07,1435.0,ASK
749,1712701564.590474,4864931.82982896,1388.0,-2.634387284436236e-07,1435.0,ASK
750,1712701565.970698,4865123.29994569,1387.0,-2.6668102675463364e-08,1435.0,ASK
751,1712701566.0304286,4865172.22801487,1387.0,-6.814738481839261e-09,1435.0,ASK
752,1712701590.3537948,4865172.22801487,1387.0,-0.0,1435.0,ASK
753,1712701620.5306542,4865172.22801487,1387.0,-0.0,1435.0,ASK
754,1712701647.3107772,4867173.22801487,1388.0,2.784717304878824e-07,1435.0,BID
755,1712701647.3208127,4868632.56811896,1389.0,2.0309093660985642e-07,1435.0,BID
756,1712701647.3240817,4869169.26095418,1388.0,7.468954650884514e-08,1435.0,BID
757,1712701647.3271286,4869923.40876712,1389.0,1.0495194728291049e-07,1435.0,BID
758,1712701647.3301315,4871849.22285078,1389.0,2.680083860443487e-07,1435.0,BID
759,1712701650.5645533,4871849.22285078,1389.0,0.0,1435.0,BID
760,1712701680.3745024,4871849.22285078,1389.0,0.0,1435.0,BID
761,1712701710.3854957,4871849.22285078,1389.0,0.0,1435.0,BID
762,1712701740.5513585,4871849.22285078,1389.0,0.0,1435.0,BID
763,1712701757.5605924,4871863.62169887,1390.0,2.00125189381395e-09,1435.0,BID
764,1712701770.55103,4871863.62169887,1390.0,0.0,1435.0,BID
765,1712701800.435319,4871863.62169887,1390.0,0.0,1435.0,BID
766,1712701830.364066,4871863.62169887,1390.0,0.0,1435.0,BID
767,1712701860.5951223,4871863.62169887,1390.0,0.0,1435.0,BID
768,1712701864.2309113,4872044.8857431,1390.0,2.5243250523342883e-08,1435.0,BID
769,1712701883.940615,4872629.76729534,1390.0,8.145195928073515e-08,1435.0,BID
770,1712701884.0807867,4873902.22398045,1390.0,-1.772052643909866e-07,1435.0,ASK
771,1712701890.534281,4873902.22398045,1390.0,-0.0,1435.0,ASK
772,1712701920.3733146,4873902.22398045,1390.0,-0.0,1435.0,ASK
773,1712701950.0606923,4874064.82459399,1390.0,-2.263520560719097e-08,1435.0,ASK
774,1712701950.1692846,4876072.71427487,1390.0,-2.7951306439620145e-07,1435.0,ASK
775,1712701950.3646717,4876072.71427487,1390.0,-0.0,1435.0,ASK
776,1712701980.3453245,4876072.71427487,1390.0,-0.0,1435.0,ASK
777,1712702010.3607926,4876072.71427487,1390.0,-0.0,1435.0,ASK
778,1712702040.534666,4876072.71427487,1390.0,-0.0,1435.0,ASK
779,1712702070.5604863,4876072.71427487,1390.0,-0.0,1435.0,ASK
780,1712702100.385279,4876072.71427487,1390.0,-0.0,1435.0,ASK
781,1712702130.3626227,4876072.71427487,1390.0,-0.0,1435.0,ASK
782,1712702149.750595,4876087.15470808,1390.0,2.015273619185698e-09,1435.0,BID
783,1712702160.5632384,4876087.15470808,1390.0,0.0,1435.0,BID
784,1712702172.1927257,4876806.06196905,1391.0,1.0032876148744876e-07,1435.0,BID
785,1712702190.5348685,4876806.06196905,1391.0,0.0,1435.0,BID
786,1712702220.3752992,4876806.06196905,1391.0,0.0,1435.0,BID
787,1712702250.3629355,4876806.06196905,1391.0,0.0,1435.0,BID
788,1712702275.5306768,4877156.04495105,1392.0,-4.8835867141245294e-08,1435.0,ASK
789,1712702280.411066,4877320.23351948,1392.0,2.2910517157584032e-08,1435.0,BID
790,1712702280.5877292,4877320.23351948,1392.0,0.0,1435.0,BID
791,1712702310.54531,4877320.23351948,1392.0,0.0,1435.0,BID
792,1712702331.9505608,4877607.16907469,1392.0,4.0034367515531695e-08,1435.0,BID
793,1712702340.373559,4877607.16907469,1392.0,0.0,1435.0,BID
794,1712702348.2006876,4878684.75528158,1392.0,1.5034065127538482e-07,1435.0,BID
795,1712702370.375574,4878684.75528158,1392.0,0.0,1435.0,BID
796,1712702397.8007364,4880193.05090749,1392.0,2.103875314734785e-07,1435.0,BID
797,1712702397.8058882,4880479.83125633,1392.0,4.000211141047226e-08,1435.0,BID
798,1712702400.403876,4880479.83125633,1392.0,0.0,1435.0,BID
799,1712702430.3429437,4880479.83125633,1392.0,0.0,1435.0,BID
800,1712702460.5550246,4880479.83125633,1392.0,0.0,1435.0,BID
801,1712702490.54068,4880479.83125633,1392.0,0.0,1435.0,BID
802,1712702518.723103,4880510.33125633,1392.0,4.289494529392612e-09,1435.0,BID
803,1712702520.364956,4880510.33125633,1392.0,0.0,1435.0,BID
804,1712702550.353105,4880510.33125633,1392.0,0.0,1435.0,BID
805,1712702553.7006986,4880560.58251261,1393.0,7.067252519853031e-09,1435.0,BID
806,1712702561.3818738,4880617.88251261,1393.0,8.058576031199794e-09,1435.0,BID
807,1712702580.5616992,4880617.88251261,1393.0,0.0,1435.0,BID
808,1712702610.544958,4880617.88251261,1393.0,0.0,1435.0,BID
809,1712702611.240928,4880623.29063427,1393.0,7.60573146899793e-10,1435.0,BID
810,1712702611.2470138,4881402.98251261,1393.0,1.0965224949931566e-07,1435.0,BID
811,1712702611.3012218,4881601.344013,1394.0,2.7896641399050764e-08,1435.0,BID
812,1712702611.30445,4881601.37588134,1393.0,4.481815592747008e-12,1435.0,BID
813,1712702640.3406627,4881601.37588134,1393.0,0.0,1435.0,BID
814,1712702670.3883922,4881601.37588134,1393.0,0.0,1435.0,BID
1015,1712702674.071124,4881606.52594134,1394.0,7.241410106039962e-10,1435.0,BID
815,1712702674.071124,4881606.52594134,1394.0,7.241410106039961e-10,1435.0,BID
816,1712702674.0782945,4881701.73799607,1395.0,1.3387601995867996e-08,1435.0,BID
817,1712702700.4178174,4881701.73799607,1395.0,0.0,1435.0,BID
818,1712702705.2411618,4882418.5838742,1395.0,1.0092493170164297e-07,1435.0,BID
819,1712702712.2408695,4882614.81798897,1395.0,2.7627855910174192e-08,1435.0,BID
820,1712702712.2483182,4882777.00681326,1395.0,2.2834609939991696e-08,1435.0,BID
821,1712702715.410643,4882784.18556415,1393.0,-1.0106983459227504e-09,1435.0,ASK
822,1712702715.4708235,4882798.54306596,1393.0,2.021396695910257e-09,1435.0,BID
823,1712702730.4205627,4882798.54306596,1393.0,0.0,1435.0,BID
824,1712702760.5530615,4882798.54306596,1393.0,0.0,1435.0,BID
825,1712702790.550557,4882798.54306596,1393.0,0.0,1435.0,BID
826,1712702820.3507984,4882798.54306596,1393.0,0.0,1435.0,BID
827,1712702850.355761,4882798.54306596,1393.0,0.0,1435.0,BID
828,1712702880.5524898,4882798.54306596,1393.0,0.0,1435.0,BID
829,1712702910.5514944,4882798.54306596,1393.0,0.0,1435.0,BID
830,1712702940.3966367,4882798.54306596,1393.0,0.0,1435.0,BID
831,1712702970.3906226,4882798.54306596,1393.0,0.0,1435.0,BID
832,1712703000.4575417,4882798.54306596,1393.0,0.0,1435.0,BID
833,1712703010.3332078,4883517.45032693,1397.0,1.0156045028149936e-07,1435.0,BID
834,1712703010.3435636,4885073.09321167,1397.0,2.197665824632878e-07,1435.0,BID
835,1712703010.348342,4886387.91851463,1397.0,1.8574614148402722e-07,1435.0,BID
836,1712703030.3663073,4886387.91851463,1397.0,0.0,1435.0,BID
837,1712703037.6937296,4887818.53367915,1398.0,2.019607778958473e-07,1435.0,BID
838,1712703060.5210905,4887818.53367915,1398.0,0.0,1435.0,BID
839,1712703090.5479405,4887818.53367915,1398.0,0.0,1435.0,BID
840,1712703102.0047903,4888940.25583037,1393.0,-1.583094736105637e-07,1435.0,ASK
841,1712703120.3778992,4888940.25583037,1393.0,-0.0,1435.0,ASK
842,1712703150.3483186,4888940.25583037,1393.0,-0.0,1435.0,ASK
843,1712703180.540188,4888940.25583037,1393.0,-0.0,1435.0,ASK
844,1712703195.8361063,4888944.45089639,1395.0,-5.919222243221871e-10,1435.0,ASK
845,1712703210.556431,4888944.45089639,1395.0,-0.0,1435.0,ASK
846,1712703240.3672547,4888944.45089639,1395.0,-0.0,1435.0,ASK
847,1712703262.817225,4889087.74842325,1395.0,2.0219209995189463e-08,1435.0,BID
848,1712703264.177204,4889999.544614,1393.0,-1.2865399045943236e-07,1435.0,ASK
849,1712703264.1816256,4890206.42775677,1393.0,-2.9191108875081564e-08,1435.0,ASK
850,1712703270.401977,4890206.42775677,1393.0,-0.0,1435.0,ASK
851,1712703272.9671848,4890213.59108055,1396.0,1.0104907473511234e-09,1435.0,BID
852,1712703294.2084394,4890513.38929996,1393.0,-4.2290888429428296e-08,1435.0,ASK
853,1712703294.213739,4890540.64808055,1393.0,-3.845246482565721e-09,1435.0,ASK
854,1712703300.535013,4890540.64808055,1393.0,-0.0,1435.0,ASK
855,1712703300.8271885,4890857.67712555,1393.0,-4.494902173194696e-08,1435.0,ASK
856,1712703302.4545715,4890857.67712589,1393.0,-4.81963540777329e-17,1435.0,ASK
857,1712703325.088035,4890862.67712589,1392.0,-7.089101525695173e-10,1435.0,ASK
858,1712703325.0944712,4890867.70586152,1392.0,-7.12984348569385e-10,1435.0,ASK
859,1712703330.575413,4890867.70586152,1392.0,-0.0,1435.0,ASK
860,1712703360.4001808,4890867.70586152,1392.0,-0.0,1435.0,ASK
861,1712703390.371799,4890867.70586152,1392.0,-0.0,1435.0,ASK
862,1712703420.3613834,4890867.70586152,1392.0,-0.0,1435.0,ASK
863,1712703450.3664129,4890867.70586152,1392.0,-0.0,1435.0,ASK
864,1712703480.5450869,4890867.70586152,1392.0,-0.0,1435.0,ASK
865,1712703510.5569026,4890867.70586152,1392.0,-0.0,1435.0,ASK
866,1712703540.3999305,4890867.70586152,1392.0,-0.0,1435.0,ASK
867,1712703570.344666,4890867.70586152,1392.0,-0.0,1435.0,ASK
868,1712703574.03994,4890882.06336331,1393.0,2.0355042770167953e-09,1435.0,BID
869,1712703600.5886412,4890882.06336331,1393.0,0.0,1435.0,BID
870,1712703630.3702006,4890882.06336331,1393.0,0.0,1435.0,BID
871,1712703637.0703475,4890917.77764902,1393.0,5.068680548144577e-09,1435.0,BID
872,1712703660.520349,4890917.77764902,1393.0,0.0,1435.0,BID
873,1712703665.5112648,4891635.65273875,1392.0,-1.0188230674772918e-07,1435.0,ASK
874,1712703665.5709655,4891731.38162289,1392.0,-1.3586039797311672e-08,1435.0,ASK
875,1712703679.085821,4892450.28888385,1391.0,-1.0202879460802456e-07,1435.0,ASK
876,1712703679.0891838,4892457.47795645,1391.0,-1.0202879446659707e-09,1435.0,ASK
877,1712703690.5554886,4892457.47795645,1391.0,-0.0,1435.0,ASK
878,1712703720.375736,4892457.47795645,1391.0,-0.0,1435.0,ASK
879,1712703723.582865,4893031.92634982,1391.0,8.150211289293511e-08,1435.0,BID
880,1712703723.5883682,4893282.2015366,1391.0,3.5508771131852444e-08,1435.0,BID
881,1712703750.051373,4893569.59175946,1391.0,4.077461205956346e-08,1435.0,BID
1081,1712703750.051373,4893569.59175946,1391.0,4.0774612059563464e-08,1435.0,BID
882,1712703750.376093,4893569.59175946,1391.0,0.0,1435.0,BID
883,1712703763.0410247,4893758.10656894,1391.0,2.67404070383587e-08,1435.0,BID
884,1712703780.551198,4893758.10656894,1391.0,0.0,1435.0,BID
885,1712703810.5560057,4893758.10656894,1391.0,0.0,1435.0,BID
886,1712703812.311527,4893773.94881742,1390.0,-2.247104178576585e-09,1435.0,ASK
887,1712703812.3181117,4893809.92004044,1390.0,-5.102248311508551e-09,1435.0,ASK
888,1712703840.4055583,4893809.92004044,1390.0,-0.0,1435.0,ASK
889,1712703841.811513,4894052.90066965,1390.0,-3.446462856693932e-08,1435.0,ASK
890,1712703870.3557625,4894052.90066965,1390.0,-0.0,1435.0,ASK
891,1712703880.3920877,4894772.32513008,1390.0,1.0203903552942653e-07,1435.0,BID
892,1712703900.575171,4894772.32513008,1390.0,0.0,1435.0,BID
893,1712703930.5610218,4894772.32513008,1390.0,0.0,1435.0,BID
894,1712703960.3985794,4894772.32513008,1390.0,0.0,1435.0,BID
895,1712703990.3385117,4894772.32513008,1390.0,0.0,1435.0,BID
896,1712704020.5284612,4894772.32513008,1390.0,0.0,1435.0,BID
897,1712704039.3837528,4895994.28013367,1389.0,-1.7369956714413588e-07,1435.0,ASK
898,1712704039.38715,4896230.92513008,1389.0,-3.363882738931407e-08,1435.0,ASK
899,1712704039.7028532,4896230.975886,1389.0,-7.214898493603406e-12,1435.0,ASK
900,1712704044.286288,4896440.901174,1388.0,-2.9840650065751604e-08,1435.0,ASK
901,1712704044.331897,4896440.90117418,1388.0,-2.5550591656929576e-17,1435.0,ASK
902,1712704050.6151693,4896440.90117418,1388.0,-0.0,1435.0,ASK
903,1712704080.3776083,4896440.90117418,1388.0,-0.0,1435.0,ASK
904,1712704110.387099,4896440.90117418,1388.0,-0.0,1435.0,ASK
905,1712704140.4477844,4896440.90117418,1388.0,-0.0,1435.0,ASK
906,1712704170.3775532,4896440.90117418,1388.0,-0.0,1435.0,ASK
907,1712704182.003265,4896746.39727513,1387.0,-4.341163584552725e-08,1435.0,ASK
908,1712704200.4135811,4896746.39727513,1387.0,-0.0,1435.0,ASK
909,1712704204.4314828,4897010.49727513,1387.0,-3.7563740788369736e-08,1435.0,ASK
910,1712704230.4036324,4897010.49727513,1387.0,-0.0,1435.0,ASK
911,1712704233.0640178,4897244.59727513,1387.0,-3.3295015464500616e-08,1435.0,ASK
912,1712704233.0832748,4897882.09727513,1387.0,-9.066882682002765e-08,1435.0,ASK
913,1712704260.5532815,4897882.09727513,1387.0,-0.0,1435.0,ASK
914,1712704290.5491962,4897882.09727513,1387.0,-0.0,1435.0,ASK
915,1712704312.5536234,4897882.141621,1387.0,-6.306034151614436e-12,1435.0,ASK
1115,1712704312.5536234,4897882.141621,1387.0,-6.3060341516144355e-12,1435.0,ASK
916,1712704312.5633066,4897939.79727513,1387.0,-8.198700951767557e-09,1435.0,ASK
917,1712704313.284274,4897954.23967435,1387.0,-2.053725935866614e-09,1435.0,ASK
918,1712704313.291426,4897997.49727513,1386.0,-6.151281050184992e-09,1435.0,ASK
919,1712704320.3735433,4897997.49727513,1386.0,-0.0,1435.0,ASK
920,1712704350.3838332,4897997.49727513,1386.0,-0.0,1435.0,ASK
921,1712704353.604427,4899329.97911834,1386.0,-1.8947615358863657e-07,1435.0,ASK
922,1712704353.6117036,4900044.29727513,1386.0,-1.01574559891229e-07,1435.0,ASK
923,1712704353.624773,4900548.40922701,1386.0,-7.16836736703443e-08,1435.0,ASK
924,1712704353.6283505,4900980.99727513,1386.0,-6.151312294714109e-08,1435.0,ASK
925,1712704359.8842552,4900989.59384513,1386.0,-1.222414418602258e-09,1435.0,ASK
926,1712704359.8934517,4900989.59411712,1386.0,-3.8676408572721817e-14,1435.0,ASK
927,1712704360.0037482,4901743.74193005,1386.0,1.0723825435927201e-07,1435.0,BID
928,1712704360.007119,4903133.07761946,1386.0,1.975606525630366e-07,1435.0,BID
929,1712704360.444357,4903205.27978552,1385.0,-1.0266998215044216e-08,1435.0,ASK
930,1712704360.4520082,4904006.17761946,1385.0,-1.1388601035403209e-07,1435.0,ASK
931,1712704361.163616,4904444.17761946,1385.0,-6.228269127623251e-08,1435.0,ASK
932,1712704380.5686855,4904444.17761946,1385.0,-0.0,1435.0,ASK
933,1712704397.1346269,4904971.97761946,1386.0,-7.495684233575026e-08,1435.0,ASK
934,1712704398.8737884,4905299.97761946,1386.0,-4.6581743626628966e-08,1435.0,ASK
935,1712704399.744714,4905596.84083963,1386.0,-4.215977565286884e-08,1435.0,ASK
936,1712704403.1948173,4906322.84083963,1386.0,-1.0310471302723364e-07,1435.0,ASK
937,1712704407.873799,4906564.84083963,1386.0,-3.4368237675744535e-08,1435.0,ASK
938,1712704410.7199955,4906564.84083963,1386.0,-0.0,1435.0,ASK
939,1712704414.9938798,4906571.88082795,1386.0,-9.99384452625906e-10,1435.0,ASK
940,1712704417.784363,4906610.2426014,1386.0,-5.445770392878669e-09,1435.0,ASK
941,1712704417.7917836,4906699.08082795,1386.0,-1.2611319560855397e-08,1435.0,ASK
942,1712704424.504749,4907998.18082795,1386.0,-1.8441796823147337e-07,1435.0,ASK
943,1712704428.003861,4908033.68082795,1386.0,-5.039518029570078e-09,1435.0,ASK
944,1712704431.2938688,4908203.58082795,1386.0,-2.4118707414680013e-08,1435.0,ASK
945,1712704440.405278,4908203.58082795,1386.0,-0.0,1435.0,ASK
946,1712704452.9439454,4908403.58082795,1386.0,-2.8382499533339056e-08,1435.0,ASK
947,1712704470.3737931,4908403.58082795,1386.0,-0.0,1435.0,ASK
948,1712704482.9339468,4915739.8756462,1386.0,-1.0410709674771569e-06,1435.0,ASK
949,1712704486.7442305,4920454.03138521,1386.0,-6.68971299223202e-07,1435.0,ASK
950,1712704486.7516084,4921901.48226294,1386.0,-2.0540328912424858e-07,1435.0,ASK
951,1712704486.8139749,4922020.44219944,1386.0,1.6881237634366165e-08,1435.0,BID
952,1712704486.823839,4922342.54098263,1386.0,4.5708044748285246e-08,1435.0,BID
953,1712704498.82433,4923420.24964688,1385.0,-1.529343121486549e-07,1435.0,ASK
954,1712704498.8290036,4935661.69715416,1385.0,-1.7371460547115723e-06,1435.0,ASK
955,1712704498.8841605,4936093.74618391,1385.0,6.131074507546101e-08,1435.0,BID
956,1712704498.9238636,4937198.5379896,1385.0,1.5677759720730565e-07,1435.0,BID
957,1712704500.4095554,4937198.5379896,1385.0,0.0,1435.0,BID
958,1712704502.3543568,4937417.2526269,1384.0,-3.087736037366865e-08,1435.0,ASK
959,1712704519.7253857,4938045.55119437,1384.0,-8.87009736958105e-08,1435.0,ASK
960,1712704519.7314446,4940761.97775819,1384.0,-3.834955125779903e-07,1435.0,ASK
961,1712704519.734844,4941239.76054309,1384.0,-6.74516868730474e-08,1435.0,ASK
962,1712704519.738258,4941275.91383303,1383.0,-5.103993842979907e-09,1435.0,ASK
963,1712704519.7416923,4941687.59067551,1384.0,-5.8119083293507474e-08,1435.0,ASK
1164,1712704519.7451274,4941709.29834555,1382.0,-3.064612222508103e-09,1435.0,ASK
964,1712704519.7451274,4941709.29834555,1382.0,-3.0646122225081032e-09,1435.0,ASK
965,1712704519.748579,4942191.99413638,1384.0,-6.814528770595928e-08,1435.0,ASK
966,1712704519.752072,4943633.62209749,1382.0,-2.035239462226917e-07,1435.0,ASK
967,1712704519.7555175,4946498.53937875,1383.0,-4.044589078547671e-07,1435.0,ASK
968,1712704519.7590165,4947035.17297518,1382.0,-7.576003668582403e-08,1435.0,ASK
969,1712704519.7624822,4949036.17297518,1383.0,-2.824941159423311e-07,1435.0,ASK
970,1712704519.7659664,4950483.35097807,1382.0,-2.043074815280636e-07,1435.0,ASK
971,1712704519.7694209,4950494.92003084,1383.0,-1.633278028233651e-09,1435.0,ASK
972,1712704519.7729084,4952706.38652866,1382.0,-3.1220703310230257e-07,1435.0,ASK
973,1712704519.7764063,4954152.51812663,1383.0,-2.0415975377560165e-07,1435.0,ASK
974,1712704519.7799025,4956652.51812663,1382.0,-3.529411743407435e-07,1435.0,ASK
975,1712704519.7834156,4959551.24813737,1383.0,-4.0923246963486594e-07,1435.0,ASK
976,1712704519.7868788,4959701.24813737,1382.0,-2.117647046044461e-08,1435.0,ASK
977,1712704526.6246195,4960091.89083637,1382.0,-5.514955717313912e-08,1435.0,ASK
978,1712704530.387843,4960091.89083637,1382.0,-0.0,1435.0,ASK
979,1712704531.3342533,4960100.84748463,1382.0,-1.2588418044538574e-09,1435.0,ASK
980,1712704541.355299,4960122.57087347,1381.0,-3.05318565770243e-09,1435.0,ASK
981,1712704541.362957,4961164.62784544,1382.0,-1.464593496298429e-07,1435.0,ASK
982,1712704541.3704455,4961174.62784544,1382.0,-1.4054831316272536e-09,1435.0,ASK
983,1712704541.377079,4961565.31711078,1381.0,-5.4910717214270166e-08,1435.0,ASK
984,1712704541.380539,4967032.30776338,1382.0,-7.683763142993596e-07,1435.0,ASK
985,1712704541.3840053,4967041.5821112,1380.0,-1.3034939418302672e-09,1435.0,ASK
986,1712704541.387577,4967113.99340736,1381.0,-1.0177285529208956e-08,1435.0,ASK
987,1712704541.391051,4967140.00908804,1380.0,-3.6564600353613343e-09,1435.0,ASK
988,1712704541.3945675,4967661.16632259,1381.0,-7.324777020848618e-08,1435.0,ASK
989,1712704541.3980706,4969117.68806171,1380.0,-2.047116735182388e-07,1435.0,ASK
990,1712704541.4015632,4969848.68027739,1381.0,-1.0273972284890129e-07,1435.0,ASK
991,1712704541.405065,4969853.00616059,1380.0,-6.079955866231894e-10,1435.0,ASK
992,1712704541.408593,4970574.50688209,1381.0,-1.0140570935255017e-07,1435.0,ASK
993,1712704541.4121263,4970578.83901205,1380.0,-6.088735582724471e-10,1435.0,ASK
994,1712704541.4156525,4970624.27681074,1381.0,-6.386205959714137e-09,1435.0,ASK
995,1712704541.4191947,4970790.94347738,1380.0,-2.342471885670188e-08,1435.0,ASK
996,1712704541.4226954,4973290.94347738,1381.0,-3.513707829068134e-07,1435.0,ASK
997,1712704541.426244,4973306.88550636,1380.0,-2.240625281498075e-09,1435.0,ASK
998,1712704541.4297578,4973771.31596321,1379.0,-6.527491729162576e-08,1435.0,ASK
999,1712704541.4332871,4973785.88625306,1380.0,-2.047829660742505e-09,1435.0,ASK
1000,1712704541.4368343,4975198.06595501,1380.0,-1.984794749917691e-07,1435.0,ASK
1201,1712704541.4440951,4975495.3828513,1379.0,-4.178738824827841e-08,1435.0,ASK
1202,1712704541.4452407,4975855.89771581,1380.0,-5.0669756076958493e-08,1435.0,ASK
1203,1712704541.4464085,4978078.65261066,1379.0,-3.124044510453366e-07,1435.0,ASK
1204,1712704541.4476342,4979223.46840049,1380.0,-1.6090192814265117e-07,1435.0,ASK
1205,1712704541.448815,4979245.00465318,1379.0,-3.0268839874930513e-09,1435.0,ASK
1206,1712704541.4740863,4979692.36718006,1379.0,6.287604852514861e-08,1435.0,BID
1207,1712704541.4952104,4979703.10918006,1379.0,1.509769980071486e-09,1435.0,BID
1208,1712704541.4977334,4981514.64720105,1379.0,2.5460861308026624e-07,1435.0,BID
1209,1712704541.5003257,4982384.8429951,1379.0,1.223045509749767e-07,1435.0,BID
1210,1712704541.5135098,4983943.50076816,1380.0,2.1906672080165485e-07,1435.0,BID
1211,1712704541.517099,4984540.59734524,1380.0,8.392091670382654e-08,1435.0,BID
1212,1712704541.5201287,4986064.56206757,1380.0,2.1419067104294765e-07,1435.0,BID
1213,1712704541.574216,4986205.71105643,1385.0,-1.9838252288859083e-08,1435.0,ASK
1214,1712704541.5948403,4987241.42443345,1385.0,-1.45567768060276e-07,1435.0,ASK
1215,1712704541.5974498,4988065.56206757,1385.0,-1.1583115428947833e-07,1435.0,ASK
1216,1712704541.6279829,4988190.46206757,1384.0,1.7554484313945858e-08,1435.0,BID
1217,1712704541.8945444,4988195.93616757,1382.0,7.69375521115699e-10,1435.0,BID
1218,1712704560.5494823,4988195.93616757,1382.0,0.0,1435.0,BID
1219,1712704578.6642792,4988200.93616757,1382.0,-6.989295206522945e-10,1435.0,ASK
1220,1712704578.8244228,4988224.87972763,1382.0,3.346972191104935e-09,1435.0,BID
1221,1712704590.5690882,4988224.87972763,1382.0,0.0,1435.0,BID
1222,1712704612.5645273,4988228.78971012,1381.0,-5.465573815075881e-10,1435.0,ASK
1223,1712704612.567384,4988381.21421313,1381.0,-2.1306677829927064e-08,1435.0,ASK
1224,1712704620.3807657,4988381.21421313,1381.0,-0.0,1435.0,ASK
1225,1712704644.7958405,4988386.24671768,1381.0,-7.034480356024132e-10,1435.0,ASK
1226,1712704650.388998,4988386.24671768,1381.0,-0.0,1435.0,ASK
1227,1712704663.7344654,4988391.41689768,1382.0,-7.226917322954229e-10,1435.0,ASK
1228,1712704680.5603487,4988391.41689768,1382.0,-0.0,1435.0,ASK
1229,1712704687.671029,4988552.49223639,1381.0,-2.2515212103230223e-08,1435.0,ASK
1230,1712704687.6732037,4988841.78686285,1381.0,-4.043778474868733e-08,1435.0,ASK
1231,1712704687.6764522,4989123.42348697,1381.0,-3.936734436744597e-08,1435.0,ASK
1232,1712704710.5649076,4989123.42348697,1381.0,-0.0,1435.0,ASK
1233,1712704717.5846274,4989127.03881596,1383.0,5.05281560447022e-10,1435.0,BID
1234,1712704734.0646052,4989656.04040338,1383.0,7.393372728054452e-08,1435.0,BID
1235,1712704737.814795,4989924.95247838,1383.0,3.7583388194467433e-08,1435.0,BID
1236,1712704737.84356,4989988.44910102,1383.0,8.874343845313732e-09,1435.0,BID
1237,1712704740.3405604,4989988.44910102,1383.0,0.0,1435.0,BID
1238,1712704760.5155532,4990430.40147834,1381.0,-6.175732725295103e-08,1435.0,ASK
1239,1712704760.518366,4991385.37467736,1381.0,-1.3344558236632376e-07,1435.0,ASK
1240,1712704770.4373968,4991385.37467736,1381.0,-0.0,1435.0,ASK
1241,1712704800.388687,4991385.37467736,1381.0,-0.0,1435.0,ASK
1242,1712704827.3547776,4991389.58280606,1381.0,-5.88032978665116e-10,1435.0,ASK
1243,1712704828.9160254,4991418.50543801,1383.0,4.041573494729344e-09,1435.0,BID
1244,1712704830.364849,4991418.50543801,1383.0,0.0,1435.0,BID
1245,1712704860.57521,4991418.50543801,1383.0,0.0,1435.0,BID
1246,1712704867.675495,4993419.50543801,1382.0,2.796127546943659e-07,1435.0,BID
1247,1712704867.6784863,4993866.86796489,1382.0,6.251287780502252e-08,1435.0,BID
1248,1712704868.8550265,4996074.86796489,1382.0,-3.085382120765416e-07,1435.0,ASK
1249,1712704874.2373524,4996945.06375894,1382.0,-1.2159812248772326e-07,1435.0,ASK
1250,1712704874.46227,5000784.48988084,1382.0,-5.36508003193366e-07,1435.0,ASK
1251,1712704880.1551898,5000798.96166086,1382.0,2.022236020325136e-09,1435.0,BID
1252,1712704890.570878,5000798.96166086,1382.0,0.0,1435.0,BID
1253,1712704920.417529,5000798.96166086,1382.0,0.0,1435.0,BID
1254,1712704929.235463,5007073.67316225,1381.0,-8.752208053001027e-07,1435.0,ASK
1255,1712704929.2384148,5010814.20925624,1381.0,-5.21744308357638e-07,1435.0,ASK
1256,1712704929.241333,5010828.69151547,1381.0,-2.020041014288121e-09,1435.0,ASK
1257,1712704929.3751478,5010984.60726796,1381.0,-2.1747726636211128e-08,1435.0,ASK
1258,1712704929.3779826,5011057.01856347,1381.0,-1.0100204982326158e-08,1435.0,ASK
1259,1712704943.8500035,5011057.01856412,1381.0,-9.067330023234951e-17,1435.0,ASK
1260,1712704949.272363,5011085.98308258,1381.0,4.040082028706146e-09,1435.0,BID
1261,1712704950.3685594,5011085.98308258,1381.0,0.0,1435.0,BID
1262,1712704969.2741168,5011129.32514336,1381.0,6.033560865032971e-09,1435.0,BID
1263,1712704980.5799873,5011129.32514336,1381.0,0.0,1435.0,BID
1264,1712705010.6776257,5011129.32514336,1381.0,0.0,1435.0,BID
1265,1712705015.0534077,5011438.92604915,1380.0,-4.3098558552789e-08,1435.0,ASK
1266,1712705015.0565925,5011460.66517958,1380.0,-3.026235286263806e-09,1435.0,ASK
1267,1712705015.0590382,5011577.18642184,1379.0,-1.6220551969550145e-08,1435.0,ASK
1268,1712705015.0629473,5011987.58260725,1380.0,-5.712994922146853e-08,1435.0,ASK
1269,1712705015.06541,5012009.30599609,1381.0,-3.024043949470754e-09,1435.0,ASK
1270,1712705015.066733,5012953.89627679,1380.0,-1.3149341219543825e-07,1435.0,ASK
1271,1712705015.06809,5015252.57431014,1381.0,-3.1999166656684986e-07,1435.0,ASK
1272,1712705015.0694413,5015325.03807825,1380.0,-1.0087450955293073e-08,1435.0,ASK
1273,1712705022.6625483,5015397.34465814,1383.0,1.0065569282420834e-08,1435.0,BID
1274,1712705040.388748,5015397.34465814,1383.0,0.0,1435.0,BID
1275,1712705070.3652809,5015397.34465814,1383.0,0.0,1435.0,BID
1276,1712705100.5788531,5015397.34465814,1383.0,0.0,1435.0,BID
1277,1712705112.390693,5015401.34465814,1381.0,-5.56635854574716e-10,1435.0,ASK
1278,1712705120.0609484,5015546.06245842,1382.0,2.013877910776875e-08,1435.0,BID
1279,1712705130.5752945,5015546.06245842,1382.0,0.0,1435.0,BID
1280,1712705135.9721918,5015567.80158885,1380.0,-3.025108341511106e-09,1435.0,ASK
1281,1712705135.9736598,5015640.26535642,1380.0,-1.0083694397919124e-08,1435.0,ASK
1282,1712705147.200378,5015640.26535696,1380.0,-7.516694308217277e-17,1435.0,ASK
1283,1712705147.2035637,5016363.8543584,1380.0,-1.0069101573033233e-07,1435.0,ASK
1284,1712705147.280195,5016478.9319293,1380.0,1.6013617507413986e-08,1435.0,BID
1285,1712705160.385368,5016478.9319293,1380.0,0.0,1435.0,BID
1286,1712705163.339999,5016483.69633799,1380.0,6.62872465251274e-10,1435.0,BID
1287,1712705166.2304497,5016501.11758025,1379.0,-2.4238184743518274e-09,1435.0,ASK
1288,1712705166.233696,5016626.69633799,1379.0,-1.747178005246626e-08,1435.0,ASK
1289,1712705179.469702,5016631.02999058,1379.0,-6.02941343180445e-10,1435.0,ASK
1290,1712705190.385837,5016631.02999058,1379.0,-0.0,1435.0,ASK
1291,1712705220.5471325,5016631.02999058,1379.0,-0.0,1435.0,ASK
1292,1712705250.5583818,5016631.02999058,1379.0,-0.0,1435.0,ASK
1293,1712705258.2582717,5016733.2158233,1379.0,1.4216706124036116e-08,1435.0,BID
1294,1712705266.208625,5017399.94643261,1378.0,-9.27595624963718e-08,1435.0,ASK
1295,1712705266.2117286,5018085.5158233,1378.0,-9.53805267874686e-08,1435.0,ASK
1296,1712705266.2292092,5018107.30231567,1377.0,-3.031067529162951e-09,1435.0,ASK
1297,1712705266.231852,5018129.07299781,1378.0,-3.028867915135668e-09,1435.0,ASK
1298,1712705266.2343843,5019252.985053,1377.0,-1.563653881613605e-07,1435.0,ASK
1299,1712705266.236931,5019293.10506724,1378.0,-5.581737085846313e-09,1435.0,ASK
1300,1712705266.2394505,5019301.72022226,1377.0,-1.198592053996176e-09,1435.0,ASK
1301,1712705266.2415397,5019763.95262435,1376.0,-6.43085449967503e-08,1435.0,ASK
1302,1712705266.2430224,5019914.55897283,1377.0,-2.095325878116003e-08,1435.0,ASK
1303,1712705271.9489791,5019920.55897283,1375.0,-8.347559977099734e-10,1435.0,ASK
1304,1712705271.9507048,5019924.55897283,1376.0,-5.56503998473316e-10,1435.0,ASK
1305,1712705271.9522417,5020407.26260919,1375.0,-6.715662592803673e-08,1435.0,ASK
1306,1712705271.9537568,5021860.75098128,1376.0,-2.0221802270054733e-07,1435.0,ASK
1307,1712705271.9552789,5021933.478254,1375.0,-1.011825451669542e-08,1435.0,ASK
1308,1712705271.9569926,5022007.22325016,1376.0,-1.0259846307647228e-08,1435.0,ASK
1309,1712705271.959577,5022501.76300509,1375.0,-6.880333775563309e-08,1435.0,ASK
1310,1712705271.9621668,5023250.30951671,1376.0,-1.0414228168998501e-07,1435.0,ASK
1311,1712705274.3184118,5023715.04176178,1375.0,-6.465633815022406e-08,1435.0,ASK
1312,1712705274.3218422,5024462.30951671,1375.0,-1.0396437338719069e-07,1435.0,ASK
1313,1712705274.398416,5024491.3581732,1377.0,4.041423371698983e-09,1435.0,BID
1314,1712705280.355357,5024491.3581732,1377.0,0.0,1435.0,BID
1315,1712705310.3574598,5024491.3581732,1377.0,0.0,1435.0,BID
1316,1712705314.8197188,5024520.40682969,1377.0,4.0353499005163395e-09,1435.0,BID
1317,1712705314.837348,5024719.63325143,1377.0,2.767592096499939e-08,1435.0,BID
1318,1712705314.8471303,5026889.26815066,1377.0,3.0139899853446445e-07,1435.0,BID
1319,1712705322.547836,5026989.26815066,1377.0,1.3891692037279492e-08,1435.0,BID
1320,1712705340.544557,5026989.26815066,1377.0,0.0,1435.0,BID
1321,1712705370.546682,5026989.26815066,1377.0,0.0,1435.0,BID
1322,1712705380.2913675,5027060.27236092,1375.0,-9.858975390398856e-09,1435.0,ASK
1323,1712705391.0468018,5029891.2318347,1377.0,3.930803494765783e-07,1435.0,BID
1324,1712705397.0064924,5029898.48346631,1379.0,1.0068932155236142e-09,1435.0,BID
1325,1712705400.4710848,5029898.48346631,1379.0,0.0,1435.0,BID
1326,1712705430.411528,5029898.48346631,1379.0,0.0,1435.0,BID
1327,1712705431.6323457,5029908.48346631,1379.0,1.388617350134926e-09,1435.0,BID
1328,1712705451.4959872,5029980.99978248,1379.0,1.0069741480135536e-08,1435.0,BID
1329,1712705460.5674098,5029980.99978248,1379.0,0.0,1435.0,BID
1330,1712705472.7461772,5030008.52172827,1378.0,3.8216847565367524e-09,1435.0,BID
1331,1712705472.7497294,5030080.99978248,1378.0,1.0064269331785144e-08,1435.0,BID
1332,1712705481.7656815,5031064.53693499,1378.0,1.3657351743914604e-07,1435.0,BID
1333,1712705485.341622,5031394.53693499,1378.0,-4.5823648491462255e-08,1435.0,ASK
1334,1712705485.3955443,5031515.08860589,1378.0,-1.6739749673825402e-08,1435.0,ASK
1335,1712705485.4154484,5031841.04550091,1378.0,-4.5262224790177234e-08,1435.0,ASK
1336,1712705487.8756688,5031925.82519352,1377.0,-1.1772469192016485e-08,1435.0,ASK
1337,1712705487.9253314,5031934.80118775,1379.0,1.2464024377826643e-09,1435.0,BID
1338,1712705490.5057354,5031998.38595721,1377.0,-8.829351894432663e-09,1435.0,ASK
1339,1712705490.551082,5031998.38595721,1377.0,-0.0,1435.0,ASK
1340,1712705492.6448724,5032482.38595721,1377.0,-6.718208520988836e-08,1435.0,ASK
1341,1712705499.3253126,5033110.68595721,1377.0,-8.72117854077693e-08,1435.0,ASK
1342,1712705500.3553996,5033957.68595721,1377.0,-1.1756864911730465e-07,1435.0,ASK
1343,1712705502.4959822,5035753.49146604,1377.0,-2.492685097408692e-07,1435.0,ASK
1344,1712705502.4995716,5036072.90172221,1377.0,-4.433604761770676e-08,1435.0,ASK
1345,1712705502.5586915,5036451.31757114,1377.0,-5.2526375635432974e-08,1435.0,ASK
1346,1712705502.5614548,5036473.10406351,1377.0,-3.0240950141127274e-09,1435.0,ASK
1347,1712705505.1057298,5036545.83133623,1376.0,-1.0094978993725093e-08,1435.0,ASK
1348,1712705505.108568,5036561.10406351,1376.0,-2.119945589890973e-09,1435.0,ASK
1349,1712705520.4245694,5036561.10406351,1376.0,-0.0,1435.0,ASK
1350,1712705531.715147,5036577.91255111,1376.0,-2.3310853689054195e-09,1435.0,ASK
1351,1712705533.8851676,5037278.31008143,1376.0,9.713464258225721e-08,1435.0,BID
1352,1712705544.3042235,5037575.31008143,1376.0,-4.1189449702579095e-08,1435.0,ASK
1353,1712705549.7348535,5038059.31008143,1376.0,-6.712354766346223e-08,1435.0,ASK
1354,1712705550.3754416,5038059.31008143,1376.0,-0.0,1435.0,ASK
1355,1712705555.575434,5038279.31008143,1376.0,-3.050198285894144e-08,1435.0,ASK
1356,1712705558.7247438,5038286.56697547,1378.0,1.0061348073401762e-09,1435.0,BID
1357,1712705561.015506,5038484.56697547,1376.0,-2.7451784573047297e-08,1435.0,ASK
1358,1712705566.5146868,5038638.56697547,1376.0,-2.135138800125901e-08,1435.0,ASK
1359,1712705572.1177104,5038748.56697547,1376.0,-1.525099142947072e-08,1435.0,ASK
1360,1712705576.155182,5039515.66697547,1376.0,-1.0635486841414102e-07,1435.0,ASK
1361,1712705576.3549452,5040258.16697547,1376.0,-1.0294419214892736e-07,1435.0,ASK
1362,1712705576.894891,5040408.42757488,1376.0,-2.0832937398104587e-08,1435.0,ASK
1363,1712705577.45475,5040573.42757488,1376.0,-2.287648714420608e-08,1435.0,ASK
1364,1712705580.537044,5040573.42757488,1376.0,-0.0,1435.0,ASK
1365,1712705582.7546575,5040651.42757488,1376.0,-1.0809154924052104e-08,1435.0,ASK
1366,1712705586.234854,5040680.45515107,1378.0,4.0226098474603045e-09,1435.0,BID
1367,1712705588.488017,5040856.45515107,1376.0,-2.43898880337586e-08,1435.0,ASK
1368,1712705593.6346583,5040967.45515107,1376.0,-1.5382258930381844e-08,1435.0,ASK
1369,1712705599.294813,5041134.45515107,1376.0,-2.314267785021413e-08,1435.0,ASK
1370,1712705610.5464947,5041134.45515107,1376.0,-0.0,1435.0,ASK
1371,1712705615.534671,5042350.11859207,1376.0,-1.684472919789246e-07,1435.0,ASK
1372,1712705616.1744752,5042357.37548611,1378.0,1.0055448802480351e-09,1435.0,BID
1373,1712705624.3867843,5043087.17548611,1376.0,-1.0112406899808761e-07,1435.0,ASK
1374,1712705624.4044771,5043888.89577584,1376.0,-1.1108963811427384e-07,1435.0,ASK
1375,1712705624.4074898,5044016.08794407,1376.0,-1.7624266369045593e-08,1435.0,ASK
1376,1712705624.7242122,5044225.38794407,1375.0,-2.9001462923110857e-08,1435.0,ASK
1377,1712705624.7446415,5044288.72506978,1375.0,-8.776250850180365e-09,1435.0,ASK
1378,1712705624.7485476,5045154.28794407,1375.0,-1.199359274074042e-07,1435.0,ASK
1379,1712705640.3567982,5045154.28794407,1375.0,-0.0,1435.0,ASK
1380,1712705645.75414,5045169.58794407,1375.0,-2.118407197350337e-09,1435.0,ASK
1381,1712705660.6048174,5045205.95158043,1375.0,-5.034835881624792e-09,1435.0,ASK
1382,1712705660.6086817,5045678.41350612,1375.0,-6.541612705019691e-08,1435.0,ASK
1383,1712705660.6124046,5046637.47805,1375.0,-1.327901459152142e-07,1435.0,ASK
1384,1712705670.3602388,5046637.47805,1375.0,-0.0,1435.0,ASK
1385,1712705700.546098,5046637.47805,1375.0,-0.0,1435.0,ASK
1386,1712705703.0737612,5046673.8152593,1376.0,5.0387658341441846e-09,1435.0,BID
1387,1712705706.5287693,5047037.18735232,1376.0,5.0387658344024726e-08,1435.0,BID
1388,1712705730.5557852,5047037.18735232,1376.0,0.0,1435.0,BID
1389,1712705745.9137342,5047044.45479418,1376.0,-1.007676314544045e-09,1435.0,ASK
1390,1712705748.8434308,5047051.72223604,1376.0,1.0076763146731787e-09,1435.0,BID
1391,1712705754.523104,5048163.56965535,1376.0,1.5416460585318836e-07,1435.0,BID
1392,1712705757.3333569,5048170.83709721,1376.0,1.007676314544045e-09,1435.0,BID
1393,1712705760.3447297,5048170.83709721,1376.0,0.0,1435.0,BID
1394,1712705761.6033976,5048243.51151581,1376.0,1.0074584112548913e-08,1435.0,BID
1395,1712705772.0033572,5048258.04639953,1376.0,2.014916822483961e-09,1435.0,BID
1396,1712705778.8832805,5048449.35074735,1375.0,-2.651980958810232e-08,1435.0,ASK
1397,1712705780.3831365,5048463.88563107,1376.0,2.014916822483961e-09,1435.0,BID
1398,1712705781.493442,5048978.58563107,1375.0,-7.13509449762712e-08,1435.0,ASK
1399,1712705781.5131192,5049178.58563107,1375.0,-2.7725255479403685e-08,1435.0,ASK
1400,1712705781.5330648,5049801.18563107,1375.0,-8.630872030746115e-08,1435.0,ASK
1401,1712705781.5361173,5050053.28563107,1375.0,-3.49476845317367e-08,1435.0,ASK
1402,1712705781.55391,5050067.7908864,1375.0,-2.0108095491402304e-09,1435.0,ASK
1403,1712705781.5665245,5050964.42583028,1375.0,-1.2429716445418844e-07,1435.0,ASK
1404,1712705790.3356574,5050964.42583028,1375.0,-0.0,1435.0,ASK
1405,1712705793.1730394,5051328.06219391,1376.0,5.038272645236826e-08,1435.0,BID
1406,1712705813.002756,5052213.6536536,1375.0,1.227009087232976e-07,1435.0,BID
1407,1712705820.5463288,5052213.6536536,1375.0,0.0,1435.0,BID
1408,1712705821.8527956,5052435.2991209,1375.0,-3.0702224739372715e-08,1435.0,ASK
1409,1712705822.1932929,5052588.86265802,1374.0,-2.1271548143355504e-08,1435.0,ASK
1410,1712705822.1954434,5052656.8991209,1374.0,-9.424378487193448e-09,1435.0,ASK
1411,1712705850.55793,5052656.8991209,1374.0,-0.0,1435.0,ASK
1412,1712705857.9549282,5052685.96888834,1376.0,4.026390569066347e-09,1435.0,BID
1413,1712705880.3628426,5052685.96888834,1376.0,0.0,1435.0,BID
1414,1712705881.8826663,5053413.16888834,1375.0,-1.0072234000482949e-07,1435.0,ASK
1415,1712705881.9443398,5053413.24161561,1375.0,-1.0073241005643969e-11,1435.0,ASK
1416,1712705898.9025593,5053663.24161561,1374.0,-3.4626767053356595e-08,1435.0,ASK
1417,1712705910.3581874,5053663.24161561,1374.0,-0.0,1435.0,ASK
1418,1712705940.5527172,5053663.24161561,1374.0,-0.0,1435.0,ASK
1419,1712705941.9535017,5054278.60093147,1374.0,-8.521575742761969e-08,1435.0,ASK
1420,1712705941.9577425,5054400.20828801,1374.0,-1.684034470468101e-08,1435.0,ASK
1421,1712705958.552307,5054491.76370521,1374.0,-1.2678713106605836e-08,1435.0,ASK
1422,1712705970.5520604,5054491.76370521,1374.0,-0.0,1435.0,ASK
1423,1712705973.662313,5054662.82289281,1375.0,2.3684764709313656e-08,1435.0,BID
1424,1712705973.6825247,5055614.96124902,1375.0,1.3183257358980286e-07,1435.0,BID
1425,1712705973.685583,5056369.10906196,1375.0,1.0441890760792453e-07,1435.0,BID
1426,1712705973.8219428,5056616.40959754,1375.0,3.4241101456567545e-08,1435.0,BID
1427,1712705973.9219685,5056616.40959756,1375.0,2.7079590609021597e-18,1435.0,BID
1428,1712705986.5622373,5056657.97753704,1374.0,-5.7554749314654774e-09,1435.0,ASK
1429,1712705986.5721006,5056757.05657365,1374.0,-1.3718431045166185e-08,1435.0,ASK
1430,1712705991.1876066,5056786.08414984,1378.0,4.0191428580723434e-09,1435.0,BID
1431,1712706000.4323146,5056786.08414984,1378.0,0.0,1435.0,BID
1432,1712706030.353408,5056786.08414984,1378.0,0.0,1435.0,BID
1433,1712706060.5517998,5056786.08414984,1378.0,0.0,1435.0,BID
1434,1712706068.4720592,5056874.01294186,1379.0,-1.217688625441508e-08,1435.0,ASK
1435,1712706068.476232,5057148.66573069,1379.0,-3.8035502276703e-08,1435.0,ASK
1436,1712706090.5542274,5057148.66573069,1379.0,-0.0,1435.0,ASK
1437,1712706120.3435802,5057148.66573069,1379.0,-0.0,1435.0,ASK
1438,1712706126.4215057,5057873.30341184,1380.0,1.0034505730407246e-07,1435.0,BID
1439,1712706150.4038343,5057873.30341184,1380.0,0.0,1435.0,BID
1440,1712706165.391509,5058602.15410278,1380.0,1.0091448454980313e-07,1435.0,BID
1441,1712706165.395956,5058873.30341184,1380.0,3.754252153429319e-08,1435.0,BID
1442,1712706180.541431,5058873.30341184,1380.0,0.0,1435.0,BID
1443,1712706181.831148,5059162.06916455,1376.0,-3.997400372016455e-08,1435.0,ASK
1444,1712706208.0820725,5059169.31554136,1380.0,1.00311997121993e-09,1435.0,BID
1445,1712706210.5247543,5059169.31554136,1380.0,0.0,1435.0,BID
1446,1712706240.3849995,5059169.31554136,1380.0,0.0,1435.0,BID
1447,1712706254.171177,5059278.01119353,1380.0,1.5045951152641533e-08,1435.0,BID
1448,1712706264.6311567,5059314.24307758,1380.0,5.015317049978097e-09,1435.0,BID
1449,1712706270.3636963,5059314.24307758,1380.0,0.0,1435.0,BID
1450,1712706300.3840735,5059314.24307758,1380.0,0.0,1435.0,BID
1451,1712706312.9817076,5059336.02956995,1377.0,-3.039310383827182e-09,1435.0,ASK
1452,1712706312.983895,5061337.02956995,1377.0,-2.791481976416437e-07,1435.0,ASK
1453,1712706312.991436,5063837.02956995,1377.0,-3.487608666187452e-07,1435.0,ASK
1454,1712706312.9948184,5064289.95649911,1376.0,-6.318527533152643e-08,1435.0,ASK
1455,1712706312.998225,5064326.24096935,1378.0,-5.061841314233545e-09,1435.0,ASK
1456,1712706330.3808024,5064326.24096935,1378.0,-0.0,1435.0,ASK
1457,1712706331.5814438,5067423.04096935,1378.0,4.316015431886158e-07,1435.0,BID
1458,1712706331.6911843,5069411.42993905,1378.0,2.771221092035235e-07,1435.0,BID
1459,1712706333.320867,5069600.02993905,1378.0,2.628521410655921e-08,1435.0,BID
1460,1712706333.6006663,5069722.85984468,1378.0,1.711882485780349e-08,1435.0,BID
1461,1712706333.7008474,5069911.55984468,1378.0,2.6299151123660763e-08,1435.0,BID
1462,1712706360.5635562,5069911.55984468,1378.0,0.0,1435.0,BID
1463,1712706390.5503626,5069911.55984468,1378.0,0.0,1435.0,BID
1464,1712706419.470662,5071173.13152618,1378.0,1.756370590276129e-07,1435.0,BID
1465,1712706420.3755174,5071173.13152618,1378.0,0.0,1435.0,BID
1466,1712706430.937331,5071898.82093111,1378.0,1.0100663625058592e-07,1435.0,BID
1467,1712706450.389675,5071898.82093111,1378.0,0.0,1435.0,BID
1468,1712706451.0612257,5071906.07782515,1378.0,1.0099257926426414e-09,1435.0,BID
1469,1712706452.3276238,5072631.76723008,1378.0,1.0099257938182049e-07,1435.0,BID
1470,1712706452.5604143,5073344.87511647,1378.0,9.9241637448152e-08,1435.0,BID
1471,1712706453.1107092,5075435.94121157,1378.0,2.9100901455543845e-07,1435.0,BID
1472,1712706453.1153212,5075759.2059195,1378.0,4.4988029941198095e-08,1435.0,BID
1473,1712706453.1703353,5075846.3609865,1378.0,1.2129176701063808e-08,1435.0,BID
1474,1712706453.191203,5076478.65954352,1378.0,8.79955829298523e-08,1435.0,BID
1475,1712706480.5535238,5076478.65954352,1378.0,0.0,1435.0,BID
1476,1712706496.26375,5076500.43022566,1378.0,3.0271186914836605e-09,1435.0,BID
1477,1712706508.3003366,5076706.42991436,1378.0,-2.8643361015781425e-08,1435.0,ASK
1478,1712706510.523254,5076706.42991436,1378.0,-0.0,1435.0,ASK
1479,1712706540.385044,5076706.42991436,1378.0,-0.0,1435.0,ASK
1480,1712706570.3457325,5076706.42991436,1378.0,-0.0,1435.0,ASK
1481,1712706573.9711854,5077204.34894845,1378.0,-6.923045536089624e-08,1435.0,ASK
1482,1712706574.090585,5077431.54894845,1378.0,3.1589793482706696e-08,1435.0,BID
1483,1712706587.51005,5077432.11931929,1378.0,7.930412430131878e-11,1435.0,BID
1484,1712706597.630093,5077441.54894845,1378.0,-1.311091715605406e-09,1435.0,ASK
1485,1712706597.7902875,5078167.76536094,1377.0,-1.0097282787984076e-07,1435.0,ASK
1486,1712706597.79472,5078893.98177343,1377.0,-1.0097282787971125e-07,1435.0,ASK
1487,1712706600.404897,5078893.98177343,1377.0,-0.0,1435.0,ASK
1488,1712706620.5316143,5079620.72595947,1376.0,-1.011024379550195e-07,1435.0,ASK
1489,1712706620.5362236,5079627.99340133,1376.0,-1.0110243795501947e-09,1435.0,ASK
1490,1712706620.540682,5079798.90716375,1375.0,-2.377700213183078e-08,1435.0,ASK
1491,1712706620.544628,5083868.41169999,1374.0,-5.661370779238184e-07,1435.0,ASK
1492,1712706620.5466192,5083890.21402557,1376.0,-3.0330731385210222e-09,1435.0,ASK
1493,1712706620.5486376,5083917.81030738,1375.0,-3.839110684408112e-09,1435.0,ASK
1494,1712706620.5529962,5083939.64436851,1374.0,-3.0374880915460523e-09,1435.0,ASK
1495,1712706630.3731627,5083939.64436851,1374.0,-0.0,1435.0,ASK
1496,1712706651.5599782,5083968.6719447,1378.0,4.0343360772565735e-09,1435.0,BID
1497,1712706652.0201702,5083974.1601147,1375.0,-7.62761660947442e-10,1435.0,ASK
1498,1712706652.0249395,5084878.79530028,1375.0,-1.2572880153681948e-07,1435.0,ASK
1499,1712706660.54052,5084878.79530028,1375.0,-0.0,1435.0,ASK
1500,1712706664.0803273,5085236.81255767,1375.0,-4.9749339497288136e-08,1435.0,ASK
1501,1712706670.8901732,5085593.69289834,1378.0,4.959135589516417e-08,1435.0,BID
1502,1712706678.7299707,5085599.34146645,1375.0,-7.849133716431219e-10,1435.0,ASK
1503,1712706680.0219634,5086176.45104555,1378.0,8.019395653455138e-08,1435.0,BID
1504,1712706690.5598426,5086176.45104555,1378.0,0.0,1435.0,BID
1505,1712706720.37466,5086176.45104555,1378.0,0.0,1435.0,BID
1506,1712706750.3644905,5086176.45104555,1378.0,0.0,1435.0,BID
1507,1712706774.8299825,5086847.32858178,1380.0,9.32006140212017e-08,1435.0,BID
1508,1712706774.8349507,5086867.32858178,1379.0,2.7784687662959273e-09,1435.0,BID
1509,1712706780.5596602,5086867.32858178,1379.0,0.0,1435.0,BID
1510,1712706786.610744,5087593.01798578,1378.0,-1.0080191610419208e-07,1435.0,ASK
1511,1712706786.6155648,5087593.01798671,1378.0,-1.2923603461123347e-16,1435.0,ASK
1512,1712706792.3502429,5088968.52556681,1375.0,-1.910649362188565e-07,1435.0,ASK
1513,1712706792.3551245,5089433.4575403,1375.0,-6.458139464017126e-08,1435.0,ASK
1514,1712706796.6197517,5089885.96106188,1374.0,-6.285502002342739e-08,1435.0,ASK
1515,1712706796.6296391,5089977.39579435,1375.0,-1.2700745223266477e-08,1435.0,ASK
1516,1712706810.5498886,5089977.39579435,1375.0,-0.0,1435.0,ASK
1517,1712706811.3698468,5089984.65268839,1378.0,1.0074205063645694e-09,1435.0,BID
1518,1712706840.3620062,5089984.65268839,1378.0,0.0,1435.0,BID
1519,1712706870.3455384,5089984.65268839,1378.0,0.0,1435.0,BID
1520,1712706900.559714,5089984.65268839,1378.0,0.0,1435.0,BID
1521,1712706930.5596557,5089984.65268839,1378.0,0.0,1435.0,BID
1522,1712706960.3923788,5089984.65268839,1378.0,0.0,1435.0,BID
1523,1712706990.3815958,5089984.65268839,1378.0,0.0,1435.0,BID
1524,1712706996.6899877,5090711.39687443,1376.0,1.01303850139803e-07,1435.0,BID
1525,1712707020.566964,5090711.39687443,1376.0,0.0,1435.0,BID
1526,1712707023.6397057,5090715.39687443,1375.0,-5.574986791490603e-10,1435.0,ASK
1527,1712707023.6443431,5090788.12414715,1375.0,-1.0136339619888983e-08,1435.0,ASK
1528,1712707037.5094955,5091517.51874962,1374.0,-1.0165913186388368e-07,1435.0,ASK
1529,1712707039.9195802,5091546.60965871,1375.0,4.0545358482152e-09,1435.0,BID
1530,1712707043.7098036,5092235.45541471,1375.0,9.600764977684616e-08,1435.0,BID
1531,1712707046.7820249,5092235.45541504,1375.0,4.607998558737254e-17,1435.0,BID
1532,1712707050.5530198,5092235.45541504,1375.0,0.0,1435.0,BID
1533,1712707080.3526497,5092235.45541504,1375.0,0.0,1435.0,BID
1534,1712707101.479919,5092239.08913597,1376.0,5.063008304424382e-10,1435.0,BID
1535,1712707103.7296605,5092803.10834164,1375.0,-7.858704554865556e-08,1435.0,ASK
1536,1712707105.149644,5092809.45277083,1375.0,-8.839946241969754e-10,1435.0,ASK
1537,1712707110.3859012,5092809.45277083,1375.0,-0.0,1435.0,ASK
1538,1712707114.854117,5093933.85746124,1376.0,1.5665056350619453e-07,1435.0,BID
1539,1712707114.856419,5094991.27095264,1377.0,1.4731743890756488e-07,1435.0,BID
1540,1712707137.1502197,5095013.08913445,1375.0,-3.0396800230048714e-09,1435.0,ASK
1541,1712707137.1602132,5098104.87649332,1375.0,-4.307436958766809e-07,1435.0,ASK
1542,1712707140.5396166,5098104.87649332,1375.0,-0.0,1435.0,ASK
1543,1712707141.915454,5098112.13338736,1378.0,1.009995806046636e-09,1435.0,BID
1544,1712707167.2198117,5098406.74885536,1377.0,-4.1003821392402446e-08,1435.0,ASK
1545,1712707167.2295644,5098406.74885576,1377.0,-5.573620234543189e-17,1435.0,ASK
1546,1712707170.5138156,5098406.74885576,1377.0,-0.0,1435.0,ASK
1547,1712707171.380304,5098457.32038807,1377.0,-7.038008329148737e-09,1435.0,ASK
1548,1712707195.549765,5098766.31992113,1375.0,-4.3003270576200043e-08,1435.0,ASK
1549,1712707200.503885,5098766.31992113,1375.0,-0.0,1435.0,ASK
1550,1712707213.8500805,482.06504723,1375.0,-6.740692397709953e-08,1375.0,ASK
1551,1712707213.872209,503.88322904,1375.0,-3.05082588135355e-09,1375.0,ASK
