,time,acc_trade_volume,trade_price,dev,high,ask_bid
0,1712689619.1481256,55843963.32867515,436.0,0.0,478.7,ASK
1,1712689620.5719492,55843963.32867515,436.0,-0.0,478.7,ASK
2,1712689626.3039584,55844566.15963053,436.0,-2.1817254505866583e-08,478.7,ASK
3,1712689626.3118331,55844666.15963053,436.0,-3.619133077225691e-09,478.7,ASK
4,1712689626.312972,55844685.46567515,436.0,-6.987114468642002e-10,478.7,ASK
5,1712689643.5626054,55844685.47614429,436.0,-3.7889205877968804e-13,478.7,ASK
6,1712689643.5647411,55845184.03567515,436.0,-1.804353289107613e-08,478.7,ASK
7,1712689650.582282,55845184.03567515,436.0,-0.0,478.7,ASK
8,1712689660.4124427,55845195.60497641,436.5,4.1870034349889135e-10,478.7,BID
9,1712689680.5920734,55845195.60497641,436.5,0.0,478.7,BID
10,1712689695.6326468,55845195.78512444,436.0,-6.519670359291473e-12,478.7,ASK
11,1712689695.634347,55845215.08052261,436.0,-6.98312558931633e-10,478.7,ASK
12,1712689695.7824132,55845643.36761367,435.8,-1.5499978383882313e-08,478.7,ASK
13,1712689695.7837949,55845689.26022495,435.8,-1.6608823792896223e-09,478.7,ASK
14,1712689695.842237,55846637.75147257,435.8,-3.4326493004783083e-08,478.7,ASK
15,1712689695.8435695,55847212.33949019,435.8,-2.0794700654360248e-08,478.7,ASK
16,1712689695.8448527,55847439.13522495,435.8,-8.207879853845277e-09,478.7,ASK
17,1712689697.9219942,55848023.83149413,435.8,-2.1160524616600672e-08,478.7,ASK
18,1712689698.061931,55848461.28897747,435.8,-1.583186063062413e-08,478.7,ASK
19,1712689698.10193,55848494.8849803,435.8,-1.215860408939947e-09,478.7,ASK
20,1712689698.1117964,55848898.14321016,435.8,-1.4594168202568324e-08,478.7,ASK
21,1712689698.6520984,55851280.3824086,435.8,-8.621473037985876e-08,478.7,ASK
22,1712689698.6536767,55851346.78640577,435.8,-2.4032022965508442e-09,478.7,ASK
23,1712689698.6919806,55852917.73710079,435.8,-5.685369072071806e-08,478.7,ASK
24,1712689698.7521713,55855679.11319827,435.8,-9.99359324949862e-08,478.7,ASK
25,1712689698.7537668,55858129.10614466,435.8,-8.866678100321676e-08,478.7,ASK
26,1712689698.8118129,55860578.85071136,435.8,-8.865779198667012e-08,478.7,ASK
27,1712689698.9717934,55860869.50531016,435.8,-1.0518972186265218e-08,478.7,ASK
28,1712689698.9919186,55861163.36694237,435.8,-1.0635036736105058e-08,478.7,ASK
29,1712689699.0317478,55861455.59804247,435.8,-1.0576026756948464e-08,478.7,ASK
30,1712689699.0516686,55861983.64275875,435.8,-1.9110269393643825e-08,478.7,ASK
31,1712689700.1120474,55863179.51075875,435.8,-4.327921279169995e-08,478.7,ASK
32,1712689701.5220551,55872311.99922707,435.8,-3.3051048421556165e-07,478.7,ASK
33,1712689701.6620386,55872564.55024874,435.7,-9.139979837014755e-09,478.7,ASK
34,1712689701.6637666,55872610.4533931,435.7,-1.661263578041698e-09,478.7,ASK
35,1712689703.262195,55872722.6343931,435.7,-4.059900733406696e-09,478.7,ASK
36,1712689706.362008,55874105.94622623,435.7,-5.006292264965855e-08,478.7,ASK
37,1712689706.482234,55875378.16801484,435.7,-4.6042504279192864e-08,478.7,ASK
38,1712689706.561847,55876327.57673426,435.7,-3.435969688466261e-08,478.7,ASK
39,1712689706.6652749,55877036.08284898,435.7,-2.5641280562089884e-08,478.7,ASK
40,1712689706.7519782,55878245.35042996,435.7,-4.376415202952549e-08,478.7,ASK
41,1712689710.5822537,55878245.35042996,435.7,-0.0,478.7,ASK
42,1712689712.891997,55878539.61389325,435.7,-1.0644031211967157e-08,478.7,ASK
43,1712689719.3721557,55878942.4044002,435.7,-1.4569646805495349e-08,478.7,ASK
44,1712689720.0418503,55879446.77904636,435.7,-1.8244125234657545e-08,478.7,ASK
45,1712689721.2624974,55879797.75462599,435.7,-1.2695409013801495e-08,478.7,ASK
46,1712689726.9618573,55881293.67129754,435.7,-5.4109958350098694e-08,478.7,ASK
47,1712689727.2018273,55881894.04766123,435.7,-2.1716677573891786e-08,478.7,ASK
48,1712689727.7123823,55883303.22600075,435.7,-5.0972479088768886e-08,478.7,ASK
49,1712689732.392304,55886248.6094523,435.7,-1.0653974176461365e-07,478.7,ASK
50,1712689732.4319935,55888329.3638364,435.7,-7.526457536145181e-08,478.7,ASK
51,1712689732.4721756,55891293.93027638,435.7,-1.0723362446850117e-07,478.7,ASK
52,1712689732.7323616,55892234.68742604,435.7,-3.4028854115788795e-08,478.7,ASK
53,1712689732.8330245,55892819.25360756,435.7,-2.1144795252809152e-08,478.7,ASK
54,1712689732.8731318,55893353.06240793,435.7,-1.93088107808486e-08,478.7,ASK
55,1712689732.892226,55894054.9463215,435.7,-2.5388385631423122e-08,478.7,ASK
56,1712689732.9520156,55894100.83893278,435.8,1.660017120048967e-09,478.7,BID
57,1712689733.072037,55894658.37597184,435.7,-2.016710324558765e-08,478.7,ASK
58,1712689735.2647371,55895061.16240287,435.7,-1.456949937216718e-08,478.7,ASK
59,1712689736.7920873,55896638.15213987,435.8,5.7042514874378176e-08,478.7,BID
60,1712689738.052186,55897463.76913987,435.7,-2.9864030752943315e-08,478.7,ASK
61,1712689740.9019644,55897463.76913987,435.7,-0.0,478.7,ASK
62,1712689740.966217,55898231.49379916,435.7,-2.7761553475471533e-08,478.7,ASK
63,1712689740.9859917,55898996.95550785,435.7,-2.767972332568396e-08,478.7,ASK
64,1712689741.062013,55899266.9412742,435.7,-9.762906791533917e-09,478.7,ASK
65,1712689741.0719004,55899760.12313294,435.7,-1.7833860588876222e-08,478.7,ASK
66,1712689741.121911,55900585.56213294,435.7,-2.984855138119816e-08,478.7,ASK
67,1712689744.6824777,55900614.67913294,435.7,-1.0528946058085523e-09,478.7,ASK
68,1712689746.8728771,55900644.03560516,435.7,-1.0615541179244834e-09,478.7,ASK
69,1712689746.875404,55901235.45513294,435.7,-2.1386215289823933e-08,478.7,ASK
70,1712689747.1539152,55901634.96088834,435.7,-1.444645584611519e-08,478.7,ASK
71,1712689747.2740247,55901657.91246052,435.7,-8.29947678126846e-10,478.7,ASK
72,1712689747.2760806,55902346.54415044,435.7,-2.490148682004755e-08,478.7,ASK
73,1712689747.2921753,55902448.97019317,435.7,-3.7038097292858814e-09,478.7,ASK
74,1712689747.2941298,55903056.85165189,435.7,-2.1981492217203363e-08,478.7,ASK
75,1712689749.182497,55903409.98620909,435.7,-1.2769635278770488e-08,478.7,ASK
76,1712689749.263858,55903765.36344691,435.7,-1.2850732450170224e-08,478.7,ASK
77,1712689753.7222035,55903765.3634476,435.8,2.478655778863397e-17,478.7,BID
78,1712689753.861966,55904293.97216822,435.8,-1.9114924976897923e-08,478.7,ASK
79,1712689754.2220292,55904685.28330882,435.8,-1.4150131852381358e-08,478.7,ASK
80,1712689754.361994,55904980.47191632,435.8,-1.0674262202350377e-08,478.7,ASK
81,1712689754.3821526,55905273.28946083,435.8,-1.05885226196775e-08,478.7,ASK
82,1712689754.462215,55905620.93716839,435.8,-1.2571226294853252e-08,478.7,ASK
83,1712689754.4642603,55905938.2427302,435.8,-1.1474029413697075e-08,478.7,ASK
84,1712689757.392831,55906060.3647302,435.8,-4.416031701678957e-09,478.7,ASK
85,1712689757.4722092,55906060.52066517,435.8,-5.638736330136046e-12,478.7,ASK
86,1712689770.882709,55906060.52066517,435.8,-0.0,478.7,ASK
87,1712689776.872237,55906757.79266517,435.7,-2.5210512695140653e-08,478.7,ASK
88,1712689777.2523894,55906757.82298143,435.7,-1.0961124844460737e-12,478.7,ASK
89,1712689779.1046832,55906769.30369768,435.6,-4.150958919777065e-10,478.7,ASK
90,1712689779.1068056,55907033.29015306,435.6,-9.544673935765504e-09,478.7,ASK
91,1712689779.1088164,55909787.82412899,435.6,-9.959271814952353e-08,478.7,ASK
92,1712689781.0931115,55909887.82412899,435.5,-3.615592293272204e-09,478.7,ASK
93,1712689781.095525,55910310.04458426,435.5,-1.5265770241235664e-08,478.7,ASK
94,1712689781.0975966,55910505.74148436,435.5,-7.0756020381707015e-09,478.7,ASK
95,1712689781.1118228,55912165.95809308,435.5,-6.002666375643451e-08,478.7,ASK
96,1712689786.5524018,55912211.87177535,435.6,1.660051557875045e-09,478.7,BID
97,1712689788.2820942,55912671.87177535,435.6,1.6631724549052137e-08,478.7,BID
98,1712689788.3421671,55913482.64215107,435.5,-2.9314151220708244e-08,478.7,ASK
99,1712689788.344026,55913603.3105993,435.5,-4.362879114422102e-09,478.7,ASK
100,1712689795.3722124,55913830.10633406,435.5,-8.200009107566355e-09,478.7,ASK
101,1712689796.4920816,55915889.31608907,435.5,-7.445262920448364e-08,478.7,ASK
102,1712689796.5020947,55915949.56706495,435.5,-2.178429640431791e-09,478.7,ASK
103,1712689796.5038736,55919191.78655394,435.5,-1.1722543797501073e-07,478.7,ASK
104,1712689800.592101,55919191.78655394,435.5,-0.0,478.7,ASK
105,1712689816.3623726,55922009.64972338,435.5,-1.0187288977655153e-07,478.7,ASK
106,1712689816.7621875,55922032.61710969,435.4,-8.30329179810138e-10,478.7,ASK
107,1712689816.7637255,55923242.8026445,435.4,-4.375127186211505e-08,478.7,ASK
108,1712689816.823387,55924476.32032274,435.4,-4.459478793557783e-08,478.7,ASK
109,1712689823.2420018,55925165.02555689,435.6,2.4898438351631186e-08,478.7,BID
110,1712689828.9121428,55925233.92771582,435.4,-2.4909875391610582e-09,478.7,ASK
111,1712689828.9136508,55927618.29416224,435.4,-8.620088541469367e-08,478.7,ASK
112,1712689828.972171,55927733.15747489,435.3,-4.152599642004844e-09,478.7,ASK
113,1712689828.9740543,55928354.27474384,435.3,-2.2454962243828343e-08,478.7,ASK
114,1712689830.5822115,55928354.27474384,435.3,-0.0,478.7,ASK
115,1712689835.8022697,55928393.30137377,435.6,1.410708029453492e-09,478.7,BID
116,1712689835.88299,55938642.79677377,435.6,3.704917766082304e-07,478.7,BID
117,1712689839.768967,55938661.87891758,435.6,6.89768333659834e-10,478.7,BID
118,1712689841.7422717,55939800.69824418,435.3,-4.116526512572637e-08,478.7,ASK
119,1712689844.3319972,55960280.16924288,435.6,7.402779647385592e-07,478.7,BID
120,1712689854.8641484,55960486.43724288,435.5,-7.456035130974784e-09,478.7,ASK
121,1712689860.8824174,55960486.43724288,435.5,-0.0,478.7,ASK
122,1712689862.1119678,55960578.18036214,436.0,3.314590809761423e-09,478.7,BID
123,1712689870.4544983,55960578.35563877,435.5,-6.332576332690894e-12,478.7,ASK
124,1712689870.4567454,55962873.02236214,435.5,-8.290410544048913e-08,478.7,ASK
125,1712689870.695041,55964251.21247141,435.5,-4.9792685348201973e-08,478.7,ASK
126,1712689870.7554717,55965066.50786983,435.5,-2.9455839921104666e-08,478.7,ASK
127,1712689870.877674,55965360.58008438,435.5,-1.0624546751811542e-08,478.7,ASK
128,1712689870.8797584,55965969.17377342,435.5,-2.1987905630331847e-08,478.7,ASK
129,1712689871.5947044,55966418.51845931,435.5,-1.6234392052982305e-08,478.7,ASK
130,1712689872.402182,55967466.98939307,435.5,-3.788024812416375e-08,478.7,ASK
131,1712689872.404328,55967489.95145931,435.5,-8.295974057386067e-10,478.7,ASK
132,1712689874.9720216,55968047.7171122,435.5,-2.0151537487826853e-08,478.7,ASK
133,1712689874.99203,55968646.2285247,435.5,-2.162364265973368e-08,478.7,ASK
134,1712689875.0520768,55969689.95150558,435.5,-3.770870914551616e-08,478.7,ASK
135,1712689875.7921052,55970845.9605247,435.4,-4.1765495893292414e-08,478.7,ASK
136,1712689880.8745584,55971432.73025356,435.4,-2.119942690387208e-08,478.7,ASK
137,1712689881.172131,55971592.92625356,435.4,-5.7877276640904935e-09,478.7,ASK
138,1712689882.7024038,55971959.89873062,436.0,1.3258363239584057e-08,478.7,BID
139,1712689883.8722048,55972431.98869023,435.4,-1.7056156952991942e-08,478.7,ASK
140,1712689890.8719692,55972431.98869023,435.4,-0.0,478.7,ASK
141,1712689893.5732644,55973241.6623841,435.4,-2.9247236017185253e-08,478.7,ASK
142,1712689893.5757158,55973533.53192934,435.4,-1.0542984834939721e-08,478.7,ASK
143,1712689894.2923598,55979413.23047934,435.4,2.12387944060772e-07,478.7,BID
144,1712689899.672152,55979424.81304814,436.0,4.1838845203824894e-10,478.7,BID
145,1712689914.0026162,55981042.239848,435.3,-5.8425096077718654e-08,478.7,ASK
146,1712689914.0651305,55982250.05147362,435.3,-4.3628874132838654e-08,478.7,ASK
147,1712689914.0668638,55982792.199848,435.3,-1.9583619403709875e-08,478.7,ASK
148,1712689918.7226622,55982861.11783559,435.3,-2.4894728135333384e-09,478.7,ASK
149,1712689918.7252166,55984816.23571436,435.3,-7.062325783162043e-08,478.7,ASK
150,1712689920.572125,55984816.23571436,435.3,-0.0,478.7,ASK
151,1712689939.412453,55985504.46696005,435.9,2.485562070753388e-08,478.7,BID
152,1712689950.21527,55985948.34527995,435.3,-1.6030761795193548e-08,478.7,ASK
153,1712689950.453441,55988630.74870343,435.9,9.68755814215758e-08,478.7,BID
154,1712689950.553628,55989056.79564243,435.9,-1.538677760670252e-08,478.7,ASK
155,1712689950.5638866,55989056.79564297,435.9,-1.9642791396853708e-17,478.7,ASK
156,1712689950.5920124,55989056.79564297,435.9,-0.0,478.7,ASK
157,1712689951.6625252,55989238.05071718,435.4,-6.545629410124902e-09,478.7,ASK
158,1712689951.6659408,55989482.40364297,435.4,-8.824269910426987e-09,478.7,ASK
159,1712689951.9219716,55989742.51138676,435.4,-9.393220603527756e-09,478.7,ASK
160,1712689952.3422947,55990304.70694505,435.4,-2.0302459374424743e-08,478.7,ASK
161,1712689953.2320845,55990442.92094505,435.4,-4.9912954285111725e-09,478.7,ASK
162,1712689972.5147443,55990488.81994505,435.4,-1.657541702651691e-09,478.7,ASK
163,1712689980.8721273,55990488.81994505,435.4,-0.0,478.7,ASK
164,1712690000.0323868,55990488.85571767,435.4,-1.2918204043361113e-12,478.7,ASK
165,1712690000.0347075,55990521.94694505,435.4,-1.1949901821766466e-09,478.7,ASK
166,1712690003.2445798,55990521.95813752,435.4,-4.041824303623708e-13,478.7,ASK
167,1712690004.205972,55991145.11894505,435.3,-2.2503578918572667e-08,478.7,ASK
168,1712690004.5659227,55991441.14564891,435.3,-1.0690114352419316e-08,478.7,ASK
169,1712690004.592363,55991839.93856728,435.3,-1.4401207204114993e-08,478.7,ASK
170,1712690004.6156282,55992131.88161101,435.3,-1.0542645244969642e-08,478.7,ASK
171,1712690010.922082,55992131.88161101,435.3,-0.0,478.7,ASK
172,1712690015.3324862,55992521.95813752,435.3,-1.4086077099864785e-08,478.7,ASK
173,1712690015.335426,55992722.88161101,435.3,-7.25555973368358e-09,478.7,ASK
174,1712690022.0421734,55992734.91012465,435.3,-4.3436238537358936e-10,478.7,ASK
175,1712690022.182727,55992830.0382636,435.2,-3.435177993240253e-09,478.7,ASK
176,1712690022.1874986,55993071.53642536,435.2,-8.720754761953393e-09,478.7,ASK
177,1712690022.2021608,55993321.47728976,435.2,-9.025629708744886e-09,478.7,ASK
178,1712690022.2860394,55993435.96710993,435.2,-4.1343488380886574e-09,478.7,ASK
179,1712690022.2888522,55993727.65920741,435.2,-1.0533311017907354e-08,478.7,ASK
180,1712690025.7637548,55994138.83237495,435.2,-1.4847899183372349e-08,478.7,ASK
181,1712690025.864172,55994788.93619046,435.2,-2.3475938299047538e-08,478.7,ASK
182,1712690028.275247,55995195.12415491,435.2,-1.4667878212153593e-08,478.7,ASK
183,1712690028.9747517,55995636.14028878,435.2,-1.5925560349795975e-08,478.7,ASK
184,1712690028.988655,55997897.95179809,435.2,-8.167641255103132e-08,478.7,ASK
185,1712690028.9981456,55997991.39323928,435.2,-3.374269548475688e-09,478.7,ASK
186,1712690028.9999506,55998224.99678641,435.2,-8.435671854133607e-09,478.7,ASK
187,1712690029.0059297,55998485.06620394,435.2,-9.391382504927716e-09,478.7,ASK
188,1712690029.196653,55999107.19819176,435.2,-2.2465845933494852e-08,478.7,ASK
189,1712690029.256942,55999423.74472846,435.2,-1.1430831179604422e-08,478.7,ASK
190,1712690029.258869,55999758.29376491,435.2,-1.2080920539668416e-08,478.7,ASK
191,1712690029.6031463,56001125.23737737,435.2,-4.9361783670019455e-08,478.7,ASK
192,1712690029.7930803,56002102.61182118,435.2,-3.5294027800800496e-08,478.7,ASK
193,1712690032.492246,56002821.94775871,435.2,-2.5975983654959523e-08,478.7,ASK
194,1712690032.8355503,56002876.207869,435.2,-1.959390132543312e-09,478.7,ASK
195,1712690032.8383143,56005658.33572465,435.1,-1.004655876815635e-07,478.7,ASK
196,1712690032.8408115,56007260.1326944,435.2,-5.7842587494859784e-08,478.7,ASK
197,1712690032.8433251,56007719.79713935,435.1,-1.6598970641838983e-08,478.7,ASK
198,1712690032.8458018,56008448.1795474,435.2,-2.630266130051741e-08,478.7,ASK
199,1712690032.8481092,56121164.26869884,435.1,-4.070297529556577e-06,478.7,ASK
200,1712690032.8492603,56122351.26869884,435.0,-4.286382897025704e-08,478.7,ASK
201,1712690032.8504145,56122581.10092131,435.1,-8.299485320784967e-09,478.7,ASK
202,1712690032.8515873,56122810.98597878,435.0,-8.301393248765241e-09,478.7,ASK
203,1712690032.8527465,56128426.76534144,435.1,-2.0279174906115705e-07,478.7,ASK
204,1712690032.8540597,56148301.83602516,435.0,-7.177098825265086e-07,478.7,ASK
205,1712690032.8552332,56161632.89164127,435.0,-4.813985576424839e-07,478.7,ASK
206,1712690032.9321866,56161967.83688805,435.0,-1.2095228115105694e-08,478.7,ASK
207,1712690032.9722486,56162565.96423605,435.0,-2.159901292926154e-08,478.7,ASK
208,1712690033.0120811,56162913.91071292,435.0,-1.2564716322938952e-08,478.7,ASK
209,1712690033.2406917,56163143.63733823,435.2,8.295672095310313e-09,478.7,BID
210,1712690034.1978476,56163373.46956073,435.1,8.29948532186116e-09,478.7,BID
211,1712690034.272279,56163399.85066073,435.1,9.526495016025963e-10,478.7,BID
212,1712690040.5621612,56163399.85066073,435.1,0.0,478.7,BID
213,1712690041.1026232,56163445.79598579,435.3,1.654681885843819e-09,478.7,BID
214,1712690041.9223397,56163457.29023866,435.1,-4.1395576152260326e-10,478.7,ASK
215,1712690043.912326,56167357.29023866,435.0,-1.404551898615969e-07,478.7,ASK
216,1712690044.783179,56167854.29130151,435.0,-1.7899071447098847e-08,478.7,ASK
217,1712690049.6422186,56167911.72295783,435.1,2.0683523569022847e-09,478.7,BID
218,1712690049.7421494,56168639.56090483,435.1,2.6212465906373746e-08,478.7,BID
219,1712690049.7823668,56168730.81711028,435.1,3.2865147851563663e-09,478.7,BID
220,1712690052.0725565,56169768.64327128,435.3,3.7376428330059935e-08,478.7,BID
221,1712690070.5672398,56169768.64327128,435.3,0.0,478.7,BID
222,1712690091.6423626,56169980.32028849,435.1,-7.622607457562424e-09,478.7,ASK
223,1712690096.6223562,56175146.42032308,435.1,-1.860341437643021e-07,478.7,ASK
224,1712690100.6027727,56175146.42032308,435.1,-0.0,478.7,ASK
225,1712690109.492309,56175785.25367801,435.1,-2.3013359074808088e-08,478.7,ASK
226,1712690109.5018904,56177835.28191455,435.1,-7.385030158028514e-08,478.7,ASK
227,1712690112.0922992,56177835.28191485,435.3,1.1004400906871517e-17,478.7,BID
228,1712690112.0949893,56177927.17256467,435.3,3.310272551620411e-09,478.7,BID
229,1712690121.0454526,56177948.27296547,435.2,7.601217069235495e-10,478.7,BID
230,1712690121.0480666,56178271.76250264,435.3,1.1653400403187897e-08,478.7,BID
231,1712690122.132136,56179271.76250181,435.3,3.602404113414502e-08,478.7,BID
232,1712690122.1348815,56179300.39234564,435.3,1.031362672418888e-09,478.7,BID
233,1712690129.983374,56179799.13202381,435.3,1.7966618696638352e-08,478.7,BID
234,1712690129.9868598,56179799.13202464,435.3,2.9792402455188736e-17,478.7,BID
235,1712690130.5521104,56179799.13202464,435.3,0.0,478.7,BID
236,1712690137.312885,56179818.20540891,435.8,6.87050265976783e-10,478.7,BID
237,1712690137.3158832,56179818.20540963,435.3,2.603290328064733e-17,478.7,BID
238,1712690144.962263,56179829.9080255,435.8,4.2154476802080916e-10,478.7,BID
239,1712690160.8839903,56179829.9080255,435.8,0.0,478.7,BID
240,1712690175.6534033,56180978.27734108,435.7,4.13658662435982e-08,478.7,BID
241,1712690175.9322662,56181088.67960367,435.7,-3.976843655926125e-09,478.7,ASK
242,1712690190.942078,56181088.67960367,435.7,-0.0,478.7,ASK
243,1712690204.8323314,56181315.30033097,435.4,8.163033765801441e-09,478.7,BID
244,1712690208.5846336,56181590.92167757,435.3,-9.928069624291276e-09,478.7,ASK
245,1712690210.6721995,56181884.19392672,435.3,-1.056386721998943e-08,478.7,ASK
246,1712690220.5823014,56181884.19392672,435.3,-0.0,478.7,ASK
247,1712690234.3127656,56182054.3584518,435.3,-6.129366246325869e-09,478.7,ASK
248,1712690234.317747,56182196.22052893,435.3,-5.109905409565097e-09,478.7,ASK
249,1712690234.328501,56182505.76115878,435.3,-1.1149726346347508e-08,478.7,ASK
250,1712690234.392182,56182818.38969923,435.3,-1.1260953612987342e-08,478.7,ASK
251,1712690243.1852517,56183941.19357389,435.3,-4.044365984922856e-08,478.7,ASK
252,1712690243.203243,56185052.36451326,435.3,-4.002463878183179e-08,478.7,ASK
253,1712690243.2827222,56185377.14322861,435.3,-1.1698605772806663e-08,478.7,ASK
254,1712690250.6319988,56185377.14322861,435.3,-0.0,478.7,ASK
255,1712690254.3122451,56185517.94322861,435.3,-5.0713713919167775e-09,478.7,ASK
256,1712690259.6920652,56185595.34322861,435.3,-2.7878135350504967e-09,478.7,ASK
257,1712690266.4625225,56186234.17658354,435.3,-2.3009667617105138e-08,478.7,ASK
258,1712690272.5023315,56186530.03363449,435.3,-1.0656256990806277e-08,478.7,ASK
259,1712690272.5058515,56186825.6882776,435.3,-1.0648966612158213e-08,478.7,ASK
260,1712690277.4423378,56188133.72618467,435.3,-4.7113252994354126e-08,478.7,ASK
261,1712690280.862068,56188133.72618467,435.3,-0.0,478.7,ASK
262,1712690282.7021515,56188394.45482537,435.4,-9.390586822182488e-09,478.7,ASK
263,1712690282.9424782,56188659.03416369,435.4,-9.529276266678436e-09,478.7,ASK
264,1712690283.148096,56188701.63416369,435.4,-1.534311679638172e-09,478.7,ASK
265,1712690288.752482,56188931.19324726,435.4,-8.267962043899896e-09,478.7,ASK
266,1712690288.756362,56189669.71519521,435.4,-2.6599127942943083e-08,478.7,ASK
267,1712690288.7599168,56190923.85638591,435.3,-4.517003466524373e-08,478.7,ASK
268,1712690310.882388,56190923.85638591,435.3,-0.0,478.7,ASK
269,1712690322.7851305,56191500.07205103,435.3,-2.0752482348730936e-08,478.7,ASK
270,1712690323.6825938,56194309.32338576,435.3,-1.0117555329649897e-07,478.7,ASK
271,1712690323.762211,56194461.42965903,435.3,-5.478127274636671e-09,478.7,ASK
272,1712690323.7652538,56196576.83599313,435.3,-7.618663508458114e-08,478.7,ASK
273,1712690330.1842935,56196629.96816814,435.3,-1.913562214111553e-09,478.7,ASK
274,1712690330.187997,56197778.60129471,435.3,-4.136817189654845e-08,478.7,ASK
275,1712690330.1929257,56201206.25166446,435.3,-1.234472752150443e-07,478.7,ASK
276,1712690330.428951,56201209.7282374,435.3,-1.2520922790222404e-10,478.7,ASK
277,1712690330.432773,56202371.11356034,435.3,-4.182744391243703e-08,478.7,ASK
278,1712690330.468572,56203524.46982275,435.3,-4.153827624984619e-08,478.7,ASK
279,1712690330.5420754,56204096.38642544,435.3,-2.059765105445637e-08,478.7,ASK
280,1712690330.6019697,56204668.24504737,435.3,-2.0595562869519284e-08,478.7,ASK
281,1712690338.0182257,56204952.35675073,435.3,-1.0232320059789721e-08,478.7,ASK
282,1712690338.0405924,56205239.60139874,435.3,-1.0345153470365146e-08,478.7,ASK
283,1712690340.5624225,56205239.60139874,435.3,-0.0,478.7,ASK
284,1712690344.7343,56205804.26074371,435.3,-2.0331716852931584e-08,478.7,ASK
285,1712690345.1644945,56207020.51120822,435.2,-4.379359039622643e-08,478.7,ASK
286,1712690345.2423189,56207422.44774072,435.2,-1.4472548527663742e-08,478.7,ASK
287,1712690345.3048134,56207528.04811904,435.2,-3.8023580247218e-09,478.7,ASK
288,1712690345.3089192,56208207.65523967,435.2,-2.4470647074540823e-08,478.7,ASK
289,1712690345.364524,56208528.34749226,435.2,-1.1547181738456804e-08,478.7,ASK
290,1712690345.4090588,56209388.11926921,435.2,-3.095784473043341e-08,478.7,ASK
291,1712690345.502045,56209860.05211781,435.2,-1.699290933013865e-08,478.7,ASK
292,1712690350.0221512,56210378.98003881,435.3,1.868506321713683e-08,478.7,BID
293,1712690370.5925426,56210378.98003881,435.3,0.0,478.7,BID
294,1712690371.9224555,56210378.98003959,435.3,2.81664408682795e-17,478.7,BID
295,1712690371.925952,56210390.57058276,435.7,4.1730764938222637e-10,478.7,BID
296,1712690372.52205,56210648.65631875,435.2,-9.292157426336882e-09,478.7,ASK
297,1712690374.81243,56211868.48853109,435.8,4.3919021357738914e-08,478.7,BID
298,1712690374.8157358,56212086.41370975,435.7,7.846210715859748e-09,478.7,BID
299,1712690400.6422637,56212086.41370975,435.7,0.0,478.7,BID
300,1712690409.372608,56212186.41370975,435.7,-3.601107051899522e-09,478.7,ASK
301,1712690415.3620698,56213617.35055788,435.6,-5.152956774610682e-08,478.7,ASK
302,1712690417.364719,56214230.771104,435.6,-2.208993054419613e-08,478.7,ASK
303,1712690418.9826765,56214712.14673768,435.6,-1.7334851890552377e-08,478.7,ASK
304,1712690430.5833492,56214712.14673768,435.6,-0.0,478.7,ASK
305,1712690437.9721346,56214731.22449802,435.7,6.869822769856304e-10,478.7,BID
306,1712690444.9628644,56215055.29190902,435.6,-1.1669533737232953e-08,478.7,ASK
307,1712690446.972155,56215305.29190902,435.7,9.002396832570815e-09,478.7,BID
308,1712690456.922727,56215420.07611471,435.6,-4.133331878932198e-09,478.7,ASK
309,1712690457.042184,56215475.07611471,435.6,1.9805273031655796e-09,478.7,BID
310,1712690457.0827005,56215909.21763752,435.3,-1.5633257079323932e-08,478.7,ASK
311,1712690457.103468,56216342.58081056,435.3,-1.5605229025500433e-08,478.7,ASK
312,1712690460.887564,56216342.58081056,435.3,-0.0,478.7,ASK
313,1712690474.7827802,56217015.54604456,435.3,-2.4232580828314457e-08,478.7,ASK
314,1712690474.965746,56217320.77600672,435.3,-1.0990923981919549e-08,478.7,ASK
315,1712690475.6520133,56218198.93893892,435.3,-3.1621476355686845e-08,478.7,ASK
316,1712690477.772523,56218731.95191833,435.3,-1.919308673528628e-08,478.7,ASK
317,1712690477.8723657,56219822.59709312,435.3,-3.927267861409516e-08,478.7,ASK
318,1712690477.895494,56220665.82616611,435.3,-3.0363554661834345e-08,478.7,ASK
319,1712690477.9527528,56221232.52913435,435.3,-2.040621831526515e-08,478.7,ASK
320,1712690483.8723738,56221922.77231978,435.3,-2.4854736823196707e-08,478.7,ASK
321,1712690485.1633637,56222878.99512206,435.3,-3.443230820194351e-08,478.7,ASK
322,1712690485.166388,56223827.62701084,435.3,-3.4158969527428644e-08,478.7,ASK
323,1712690490.8922548,56223827.62701084,435.3,-0.0,478.7,ASK
324,1712690493.6724026,56224975.73263655,435.5,-4.133690299301473e-08,478.7,ASK
325,1712690495.4185872,56225354.07168129,435.3,-1.3621886384618477e-08,478.7,ASK
326,1712690503.8828652,56225422.98966888,435.3,-2.4813537219805313e-09,478.7,ASK
327,1712690503.8869903,56227117.99850353,435.3,-6.102784813602453e-08,478.7,ASK
328,1712690504.2697592,56228624.88437114,435.3,-5.4254585585161146e-08,478.7,ASK
329,1712690506.2922974,56229307.20304424,435.3,-2.456650343730212e-08,478.7,ASK
330,1712690509.4919484,56229827.19183927,435.3,-1.872190667489584e-08,478.7,ASK
331,1712690512.1924188,56230227.80764641,435.3,-1.4423948795553305e-08,478.7,ASK
332,1712690512.4122088,56230703.6988897,435.3,-1.7134198908811547e-08,478.7,ASK
333,1712690512.4155674,56233796.28031847,435.3,-1.1134667025056989e-07,478.7,ASK
334,1712690520.5827055,56233796.28031847,435.3,-0.0,478.7,ASK
335,1712690536.9622889,56235490.94940518,435.7,6.100608384709402e-08,478.7,BID
336,1712690540.892732,56236592.50630518,435.8,3.965474624568152e-08,478.7,BID
337,1712690542.262328,56236812.81770518,435.8,7.930949968963921e-09,478.7,BID
338,1712690550.5723047,56236812.81770518,435.8,0.0,478.7,BID
339,1712690551.0925696,56236867.89555419,435.8,1.982643641714281e-09,478.7,BID
340,1712690554.4622023,56244529.76310304,435.8,-2.758051240358925e-07,478.7,ASK
341,1712690554.562092,56251899.13950792,435.8,-2.65276286813614e-07,478.7,ASK
342,1712690554.628256,56256023.50891342,435.8,-1.4846539805106694e-07,478.7,ASK
343,1712690554.6824722,56256808.16837091,435.8,-2.8245476395833444e-08,478.7,ASK
344,1712690554.7247846,56257587.83486114,435.8,-2.8065743981188807e-08,478.7,ASK
345,1712690554.7628849,56258372.49431863,435.8,-2.8245476395833444e-08,478.7,ASK
346,1712690554.9024804,56259172.49431863,435.9,2.8797691662257324e-08,478.7,BID
347,1712690556.419154,56259332.49431863,435.9,5.759538332451464e-09,478.7,BID
348,1712690556.9124944,56259372.49431863,435.9,1.439884583112866e-09,478.7,BID
349,1712690556.9162643,56260921.22181863,436.0,5.57497212675593e-08,478.7,BID
350,1712690557.6123157,56261238.96731863,436.0,1.1437921170027153e-08,478.7,BID
351,1712690557.9790044,56264157.45075361,435.8,-1.0505698260227489e-07,478.7,ASK
352,1712690565.4223664,56267770.73215841,435.8,-1.3006770473052365e-07,478.7,ASK
353,1712690570.3125398,56270028.01601392,435.8,-8.125570558155908e-08,478.7,ASK
354,1712690570.4021404,56270107.45234137,436.0,2.8594785808581958e-09,478.7,BID
355,1712690572.162187,56271833.2831433,436.1,-6.212492911888396e-08,478.7,ASK
356,1712690580.872213,56271833.2831433,436.1,-0.0,478.7,ASK
357,1712690586.5951574,56273126.43824052,436.1,-4.652429076591792e-08,478.7,ASK
358,1712690586.652203,56274101.59707817,436.1,-3.508362871785991e-08,478.7,ASK
359,1712690586.7721145,56274830.71235721,436.1,-2.6231634021944763e-08,478.7,ASK
360,1712690586.8322072,56275555.18810928,436.1,-2.6064716146228344e-08,478.7,ASK
361,1712690586.9120967,56276096.87046885,436.1,-1.9488294678224767e-08,478.7,ASK
362,1712690588.302778,56276647.32916885,436.5,1.9804044130875323e-08,478.7,BID
363,1712690597.4122727,56276757.42096885,436.5,3.960810984959696e-09,478.7,BID
364,1712690598.257506,56276784.94386334,436.5,9.902007489835044e-10,478.7,BID
365,1712690598.260917,56277172.95066885,436.9,1.3959455812705652e-08,478.7,BID
366,1712690603.3927493,56277276.83312384,436.9,3.737415219466138e-09,478.7,BID
367,1712690607.9119637,56278816.51857625,436.9,-5.539379911173652e-08,478.7,ASK
368,1712690610.8623805,56285229.18769792,436.9,-2.3071082768230094e-07,478.7,ASK
369,1712690610.8821266,56285229.18769792,436.9,-0.0,478.7,ASK
370,1712690623.7424064,56285429.18769792,437.6,7.1939557404402535e-09,478.7,BID
371,1712690627.022293,56286816.40035642,436.9,-4.989773233921505e-08,478.7,ASK
372,1712690640.58255,56286816.40035642,436.9,-0.0,478.7,ASK
373,1712690657.862557,56287958.17274268,437.5,4.106827547453897e-08,478.7,BID
374,1712690657.875357,56290702.87087744,437.6,9.87237215132445e-08,478.7,BID
375,1712690670.5720618,56290702.87087744,437.6,0.0,478.7,BID
376,1712690682.2423136,56290931.23351731,437.9,8.21344628805853e-09,478.7,BID
377,1712690688.9824405,56291159.59615718,437.9,8.213446287790557e-09,478.7,BID
378,1712690698.1730485,56291222.50234111,437.9,2.2625266688369124e-09,478.7,BID
379,1712690698.1770654,56291844.68407679,437.9,2.23778121950707e-08,478.7,BID
380,1712690700.8919823,56291844.68407679,437.9,0.0,478.7,BID
381,1712690702.952705,56291958.86539672,437.9,4.107320853193698e-09,478.7,BID
382,1712690708.192286,56291970.28581234,437.9,4.108142316702831e-10,478.7,BID
383,1712690726.4726615,56292435.72809488,437.2,-1.674285070642852e-08,478.7,ASK
384,1712690730.911853,56292435.72809488,437.2,-0.0,478.7,ASK
385,1712690736.0822616,56292454.71000821,437.9,6.82809443330884e-10,478.7,BID
386,1712690760.547479,56292454.71000821,437.9,0.0,478.7,BID
387,1712690772.492108,56292466.24495567,437.8,4.149301790283808e-10,478.7,BID
388,1712690790.56188,56292466.24495567,437.8,0.0,478.7,BID
389,1712690797.621894,56293000.46286339,437.8,1.9216653798624933e-08,478.7,BID
390,1712690803.802184,56294000.46286339,437.8,3.597156426372294e-08,478.7,BID
391,1712690810.302093,56294120.51379989,437.8,4.318419977148861e-09,478.7,BID
392,1712690810.6422417,56295946.63189034,437.8,6.568832424379667e-08,478.7,BID
393,1712690813.4123502,56296162.35023571,437.8,7.7597263232121e-09,478.7,BID
394,1712690817.4819927,56299376.67703705,437.9,1.1562436309917977e-07,478.7,BID
395,1712690819.192232,56299391.67703705,438.0,5.395734639558442e-10,478.7,BID
396,1712690819.1956258,56300376.67703705,438.0,3.54319907997671e-08,478.7,BID
397,1712690820.882077,56300376.67703705,438.0,0.0,478.7,BID
398,1712690828.2424622,56300422.3391375,438.0,1.642332554273562e-09,478.7,BID
399,1712690834.95194,56300902.8891375,438.0,1.728398170884003e-08,478.7,BID
400,1712690836.7118273,56301902.8891375,438.0,3.596708294443288e-08,478.7,BID
401,1712690847.3924727,56302035.99155735,438.0,4.78730577496515e-09,478.7,BID
402,1712690847.3973303,56302049.68870735,438.0,4.926465301321871e-10,478.7,BID
403,1712690847.4017415,56312049.68870735,438.1,3.596708294443288e-07,478.7,BID
404,1712690847.4050777,56314720.3461979,438.0,9.605575947883577e-08,478.7,BID
405,1712690850.9016602,56314720.3461979,438.0,0.0,478.7,BID
406,1712690852.641841,56315405.43411751,438.0,2.4635046504799324e-08,478.7,BID
407,1712690856.021802,56322909.18556816,438.0,-2.698270698643544e-07,478.7,ASK
408,1712690868.8619564,56324302.31419451,437.9,-5.00954512770637e-08,478.7,ASK
409,1712690868.8666618,56325192.39556816,437.9,-3.2006397143280136e-08,478.7,ASK
410,1712690869.1019228,56325204.01288023,438.0,4.1774641592989265e-10,478.7,BID
411,1712690875.6119733,56327023.87926356,437.9,-6.544049559580642e-08,478.7,ASK
412,1712690880.5616686,56327023.87926356,437.9,-0.0,478.7,ASK
413,1712690882.1519845,56327277.2197585,437.9,-9.108094924619396e-09,478.7,ASK
414,1712690882.2518833,56327530.07246901,437.9,-9.0905581034195e-09,478.7,ASK
415,1712690884.4820447,56329135.10951427,438.0,5.770427569789149e-08,478.7,BID
416,1712690889.2620494,56329146.72418063,438.6,4.1757036799755645e-10,478.7,BID
417,1712690910.5519106,56329146.72418063,438.6,0.0,478.7,BID
418,1712690917.2618003,56329418.57618959,438.0,-9.773294000166556e-09,478.7,ASK
419,1712690918.9617355,56329996.4020814,438.0,-2.0773296261908704e-08,478.7,ASK
420,1712690918.9715867,56330224.02718959,438.0,-8.183302057103502e-09,478.7,ASK
421,1712690926.852057,56331084.18738746,438.0,-3.092343710513565e-08,478.7,ASK
422,1712690926.8560824,56331084.75868335,438.0,-2.0538537718209257e-11,478.7,ASK
423,1712690927.0965922,56331735.93037508,438.0,-2.3410135581179523e-08,478.7,ASK
424,1712690928.3619876,56331850.4729147,438.0,-4.117894583792318e-09,478.7,ASK
425,1712690928.3661606,56332222.13390813,438.0,-1.3361505662721175e-08,478.7,ASK
426,1712690929.4447677,56332585.16239748,438.0,-1.3051160336922413e-08,478.7,ASK
427,1712690930.1618876,56333655.10059367,438.0,-3.8465121495072536e-08,478.7,ASK
428,1712690930.1656036,56333779.61878525,438.0,-4.476527134347214e-09,478.7,ASK
429,1712690932.072283,56334663.31336235,438.0,-3.176951658885075e-08,478.7,ASK
430,1712690932.098685,56335546.53742987,438.0,-3.175260139827329e-08,478.7,ASK
431,1712690932.1771295,56335991.1681097,438.0,-1.598482340479062e-08,478.7,ASK
432,1712690935.8884747,56336320.15107758,438.0,-1.1827197004937008e-08,478.7,ASK
433,1712690936.2438872,56336569.0375158,438.0,-8.947663629958518e-09,478.7,ASK
434,1712690936.8717916,56337054.2375158,438.0,-1.7443322442350492e-08,478.7,ASK
435,1712690940.8919442,56337054.2375158,438.0,-0.0,478.7,ASK
436,1712690942.3122883,56337302.56977175,438.0,-8.926628839647459e-09,478.7,ASK
437,1712690942.3164608,56338055.56153266,437.9,-2.7067277036494923e-08,478.7,ASK
438,1712690943.111939,56338318.76247817,437.9,-9.461103398821634e-09,478.7,ASK
439,1712690946.461888,56339318.06209843,438.3,3.5921136283425375e-08,478.7,BID
440,1712690951.122751,56339564.83963623,437.9,-8.8707424553468e-09,478.7,ASK
441,1712690961.213319,56339966.55843195,437.9,-1.4440309308962556e-08,478.7,ASK
442,1712690961.2958412,56340260.74168885,437.9,-1.0574803241192622e-08,478.7,ASK
443,1712690961.3717394,56340716.01143617,438.3,1.63652685419511e-08,478.7,BID
444,1712690966.4794,56340757.13913933,437.9,-1.4783892641309302e-09,478.7,ASK
445,1712690966.4813764,56341045.48351019,437.9,-1.0364916819899261e-08,478.7,ASK
446,1712690966.4833667,56341864.67032135,437.9,-2.9446744989129653e-08,478.7,ASK
447,1712690966.7187228,56342725.3538198,437.9,-3.093839787189088e-08,478.7,ASK
448,1712690970.452048,56342748.16924302,438.3,8.20130329534261e-10,478.7,BID
449,1712690970.8819692,56342748.16924302,438.3,0.0,478.7,BID
450,1712690974.461966,56343009.14219331,438.3,9.380174256861684e-09,478.7,BID
451,1712690974.466297,56343341.14300472,438.6,1.193313506647338e-08,478.7,BID
452,1712690985.3825011,56343372.56770472,438.6,1.129500822363189e-09,478.7,BID
453,1712690998.862219,56343478.37936909,438.6,3.803198182272528e-09,478.7,BID
454,1712690999.0218363,56345817.06274002,438.6,-8.40595070364068e-08,478.7,ASK
455,1712690999.0617447,56347220.27276257,438.6,-5.043570422136204e-08,478.7,ASK
456,1712691000.6717706,56347220.27276257,438.6,-0.0,478.7,ASK
457,1712691002.1718438,56347875.17976257,438.6,-2.35437615069698e-08,478.7,ASK
458,1712691004.5060382,56348155.58176257,438.6,-1.0080389755964431e-08,478.7,ASK
459,1712691005.5121284,56348155.74611095,438.6,-5.908288061325336e-12,478.7,ASK
460,1712691005.5165796,56382378.8809501,438.3,-1.230314112793573e-06,478.7,ASK
461,1712691013.471666,56382654.32284877,438.2,-9.902075212472753e-09,478.7,ASK
462,1712691018.431637,56383445.15036417,438.3,2.8430073912174152e-08,478.7,BID
463,1712691023.138949,56387047.77626476,438.3,1.295136026972054e-07,478.7,BID
464,1712691023.5919654,56387063.38186476,438.3,5.610178614013186e-10,478.7,BID
465,1712691029.6720595,56390811.54511627,438.2,-1.3474563820828666e-07,478.7,ASK
466,1712691029.6775322,56396515.96726345,438.2,-2.050727119534764e-07,478.7,ASK
467,1712691029.9317143,56396527.48905217,438.3,4.14205750844734e-10,478.7,BID
468,1712691030.5715866,56396527.48905217,438.3,0.0,478.7,BID
469,1712691035.9515865,56396546.45364153,438.3,6.81243527336258e-10,478.7,BID
470,1712691045.1724763,56398820.78086914,438.2,-8.169808866726661e-08,478.7,ASK
471,1712691045.1778429,56403607.23090216,438.3,-1.719382393398716e-07,478.7,ASK
472,1712691051.571828,56404074.07689716,438.3,-1.6769981483091098e-08,478.7,ASK
473,1712691058.0724728,56404074.07689805,438.3,-3.2116655167610105e-17,478.7,ASK
474,1712691058.0772195,56405233.08076,438.2,-4.1633586904073166e-08,478.7,ASK
475,1712691058.0807092,56406173.0406527,438.2,-3.376511775652506e-08,478.7,ASK
476,1712691058.084231,56406593.17891416,438.3,-1.5092152316730983e-08,478.7,ASK
477,1712691059.0116546,56406593.17891535,438.2,-4.2822206890146815e-17,478.7,ASK
478,1712691059.0214756,56406871.69651428,438.1,-1.0004873184584518e-08,478.7,ASK
479,1712691059.0934129,56406881.10388689,438.1,-3.3793042275812653e-10,478.7,ASK
480,1712691059.097089,56414416.45701328,438.1,-2.706839809083891e-07,478.7,ASK
481,1712691059.1115105,56416771.81939628,438.1,-8.460902304358874e-08,478.7,ASK
482,1712691059.132028,56416999.96371261,438.1,-8.195370638926836e-09,478.7,ASK
483,1712691059.1365335,56421194.87867125,438.1,-1.5068919286610785e-07,478.7,ASK
484,1712691059.14154,56421713.86223664,438.1,-1.8642860546748123e-08,478.7,ASK
485,1712691060.8716965,56421713.86223664,438.1,-0.0,478.7,ASK
486,1712691073.682034,56422092.13820103,438.1,-1.358299566845122e-08,478.7,ASK
487,1712691073.8714917,56422357.56223664,438.1,9.530749678535273e-09,478.7,BID
488,1712691079.99211,56422380.36205424,438.6,8.18687553402408e-10,478.7,BID
489,1712691085.4713938,56423153.66205424,438.0,-2.7767374983501492e-08,478.7,ASK
490,1712691090.9015148,56423153.66205424,438.0,-0.0,478.7,ASK
491,1712691104.3919728,56423165.26087161,438.7,4.1647668107436223e-10,478.7,BID
492,1712691105.0517724,56423188.05549207,438.7,8.184823997779193e-10,478.7,BID
493,1712691120.6016717,56423188.05549207,438.7,0.0,478.7,BID
494,1712691131.6522026,56423794.18497652,438.7,2.1764172255387065e-08,478.7,BID
495,1712691131.6578214,56424056.66434957,438.7,9.424795254494888e-09,478.7,BID
496,1712691131.6624396,56425289.86891054,438.7,4.428043376857323e-08,478.7,BID
497,1712691131.9717894,56427864.67429682,438.8,9.245303089374273e-08,478.7,BID
498,1712691132.951764,56428195.69757949,438.8,1.1885987943913952e-08,478.7,BID
499,1712691141.8819785,56429164.01933302,438.8,3.4769338867922296e-08,478.7,BID
500,1712691141.8868144,56429712.23079249,438.8,1.968452111725e-08,478.7,BID
501,1712691141.921517,56429712.23079299,438.8,1.7924277710058754e-17,478.7,BID
502,1712691147.261696,56429826.1260094,439.0,4.0896131478933965e-09,478.7,BID
503,1712691147.264109,56430091.86467125,439.0,9.541825896879692e-09,478.7,BID
504,1712691147.266106,56430851.96181647,438.8,2.7292658786317776e-08,478.7,BID
505,1712691150.1315918,56430993.18981647,438.8,-5.0710460358178355e-09,478.7,ASK
506,1712691150.561417,56430993.18981647,438.8,-0.0,478.7,ASK
507,1712691158.721696,56431004.76494129,439.0,4.1557462766330777e-10,478.7,BID
508,1712691165.431895,56431065.27210805,439.0,2.1723518045775633e-09,478.7,BID
509,1712691165.438167,56431104.76494129,439.0,1.417887039788577e-09,478.7,BID
510,1712691173.0116787,56431166.56494129,438.8,-2.218767605711277e-09,478.7,ASK
511,1712691177.851679,56431697.14496697,439.0,1.9049090182424245e-08,478.7,BID
512,1712691177.8564367,56431812.5847209,439.0,4.144562887605763e-09,478.7,BID
513,1712691178.1715577,56431870.5167209,439.0,-2.0798971671855157e-09,478.7,ASK
514,1712691178.9620662,56431870.55218502,439.0,-1.273246715861724e-12,478.7,ASK
515,1712691178.9675305,56432389.99561359,439.0,-1.8649259746975083e-08,478.7,ASK
516,1712691180.8516877,56432389.99561359,439.0,-0.0,478.7,ASK
517,1712691181.0042906,56432401.56811188,439.3,4.1547118241008496e-10,478.7,BID
518,1712691182.783014,56434151.55311188,439.0,-6.28272581097887e-08,478.7,ASK
519,1712691186.9516034,56434163.09941027,439.3,4.14530564144505e-10,478.7,BID
520,1712691189.2621186,56438718.9080663,439.0,-1.635608112819632e-07,478.7,ASK
521,1712691189.267919,56450203.26221175,439.0,-4.123066666973353e-07,478.7,ASK
522,1712691192.1314714,56452936.74740537,439.0,9.813648676944545e-08,478.7,BID
523,1712691193.1619694,56452948.29893424,439.0,4.147183466972422e-10,478.7,BID
524,1712691194.4421864,56455660.33813794,439.0,9.736654145865793e-08,478.7,BID
525,1712691194.4477262,56459977.38911602,439.2,1.5498902909053793e-07,478.7,BID
526,1712691197.3318346,56460602.95936658,439.0,-2.2458971704306324e-08,478.7,ASK
527,1712691197.853228,56460614.50566497,439.2,4.1453056387701727e-10,478.7,BID
528,1712691199.12286,56462073.73166497,439.0,-5.2388545354826883e-08,478.7,ASK
529,1712691210.8713927,56462073.73166497,439.0,-0.0,478.7,ASK
530,1712691221.4318302,56462998.59043409,439.2,3.318837993240884e-08,478.7,BID
531,1712691221.6318295,56464922.39117059,439.2,-6.903522125665191e-08,478.7,ASK
532,1712691223.261511,56466672.02617059,439.2,-6.278531713366164e-08,478.7,ASK
533,1712691225.4915938,56466683.54899029,439.3,4.134941796459327e-10,478.7,BID
534,1712691225.7519565,56466862.89981501,439.2,-6.435970021355919e-09,478.7,ASK
535,1712691225.757592,56468959.71899029,439.2,-7.524395482034492e-08,478.7,ASK
536,1712691227.2718627,56469140.23399029,439.2,-6.477746228461288e-09,478.7,ASK
537,1712691228.5419092,56469140.80414302,439.2,-2.045982159250312e-11,478.7,ASK
538,1712691233.7922423,56469141.24206102,439.0,-1.5714603619470085e-11,478.7,ASK
539,1712691233.8012834,56469388.88924552,439.0,-8.886771821563962e-09,478.7,ASK
540,1712691233.9818091,56469816.44388971,439.3,1.53427165822911e-08,478.7,BID
541,1712691233.9863107,56471211.82066069,439.3,5.007282838253104e-08,478.7,BID
542,1712691234.0615,56474146.84234596,439.3,-1.0532269147806533e-07,478.7,ASK
543,1712691235.9215353,56476135.48630033,439.3,-7.136210772017313e-08,478.7,ASK
544,1712691236.0014637,56479947.05387954,439.3,-1.367773731305992e-07,478.7,ASK
545,1712691236.0816543,56481697.00887954,439.3,-6.27968002726988e-08,478.7,ASK
546,1712691236.1098163,56486226.69788672,439.3,-1.6254702314075081e-07,478.7,ASK
547,1712691236.163567,56488288.31046593,439.3,-7.398057285816774e-08,478.7,ASK
548,1712691238.5236852,56488856.17046593,439.0,-2.0377547424192012e-08,478.7,ASK
549,1712691238.6919637,56489251.49474839,439.0,-1.4186136219790166e-08,478.7,ASK
550,1712691238.6973877,56489809.45374611,439.0,-2.0022251852191192e-08,478.7,ASK
551,1712691240.5414803,56489809.45374611,439.0,-0.0,478.7,ASK
552,1712691240.9217126,56489959.26988735,439.0,-5.373774212670025e-09,478.7,ASK
553,1712691240.9269402,56490351.04274611,439.0,-1.4052550467565553e-08,478.7,ASK
554,1712691243.251482,56490362.58120764,439.5,4.1387454318062397e-10,478.7,BID
555,1712691244.3316388,56490672.76734659,439.0,-1.1126106044509258e-08,478.7,ASK
556,1712691244.3372772,56490899.46734564,439.0,-8.131531080816471e-09,478.7,ASK
557,1712691244.4314437,56490899.46734659,439.0,-3.3940219450403935e-17,478.7,ASK
558,1712691245.182802,56492978.30789328,438.9,7.456619580247409e-08,478.7,BID
559,1712691256.7414722,56493443.75017582,439.0,1.669500839273252e-08,478.7,BID
560,1712691257.1816258,56493631.87617582,439.0,-6.747915406005123e-09,478.7,ASK
561,1712691265.9317205,56493643.43032171,439.1,4.1443712743912167e-10,478.7,BID
562,1712691266.7716894,56493800.7860337,439.0,-5.6442120341831905e-09,478.7,ASK
563,1712691270.551333,56493800.7860337,439.0,-0.0,478.7,ASK
564,1712691271.2280445,56493811.83375548,439.1,3.962472356240093e-10,478.7,BID
565,1712691271.2345436,56493812.34017959,439.1,1.8163849456885147e-11,478.7,BID
566,1712691276.1701455,56494714.79023411,439.1,3.2368061622634695e-08,478.7,BID
567,1712691276.174988,56495495.10409487,439.5,2.7987418254978284e-08,478.7,BID
568,1712691276.1796064,56497226.52475772,439.4,6.210064527029626e-08,478.7,BID
569,1712691276.1822476,56501777.15046875,439.5,1.6321671509536632e-07,478.7,BID
570,1712691278.451673,56502267.80679776,439.0,-1.7598308308893013e-08,478.7,ASK
571,1712691278.4578738,56502596.09446875,439.0,-1.1774652249642236e-08,478.7,ASK
572,1712691278.6471558,56503132.26886845,439.0,-1.923089917602265e-08,478.7,ASK
573,1712691279.6316557,56503143.81255337,439.4,4.1403588269703614e-10,478.7,BID
574,1712691291.196456,56503155.37717922,439.7,4.1478696836431855e-10,478.7,BID
575,1712691295.9323106,56503559.54076855,439.3,1.4496084187158013e-08,478.7,BID
576,1712691295.937374,56504293.29251832,439.7,2.6317380926854882e-08,478.7,BID
577,1712691297.782557,56504418.08551832,439.0,-4.475934700225342e-09,478.7,ASK
578,1712691298.5221024,56504429.57062179,439.7,4.1193474902675615e-10,478.7,BID
579,1712691299.761591,56505279.24852256,439.0,-3.0475289478638535e-08,478.7,ASK
580,1712691300.8414302,56505279.24852256,439.0,-0.0,478.7,ASK
581,1712691302.2714765,56505290.78698409,439.7,4.138419657627671e-10,478.7,BID
582,1712691308.511505,56505434.08398409,439.0,-5.13953372218204e-09,478.7,ASK
583,1712691312.9114392,56505445.63812998,439.6,4.1440450547083125e-10,478.7,BID
584,1712691330.8316154,56507720.95098549,439.5,8.160706190324342e-08,478.7,BID
585,1712691330.9213238,56507720.95098549,439.5,0.0,478.7,BID
586,1712691335.751481,56507739.86379289,439.5,6.78306388291303e-10,478.7,BID
587,1712691360.5814655,56507739.86379289,439.5,0.0,478.7,BID
588,1712691363.562126,56507785.37005,439.5,1.632077938176114e-09,478.7,BID
589,1712691364.3221934,56508146.90702383,439.5,1.2966492001565413e-08,478.7,BID
590,1712691369.9417875,56510289.01230793,439.5,7.682641899159293e-08,478.7,BID
591,1712691370.3017476,56510699.09417557,439.5,1.4707550379665956e-08,478.7,BID
592,1712691371.441476,56512669.05817557,439.5,-7.065258686686237e-08,478.7,ASK
593,1712691372.991794,56514418.56617557,439.5,-6.274595167437884e-08,478.7,ASK
594,1712691374.064195,56514776.47435241,439.5,-1.283634551417322e-08,478.7,ASK
595,1712691374.0693188,56515135.74313736,439.5,-1.2885143605187214e-08,478.7,ASK
596,1712691374.0855076,56515493.37174698,439.5,-1.2826318860260812e-08,478.7,ASK
597,1712691374.1667566,56515911.65484828,439.5,-1.5001686908678672e-08,478.7,ASK
598,1712691374.303235,56516880.15076782,439.5,-3.4735021597087464e-08,478.7,ASK
599,1712691374.3080444,56517248.90068774,439.5,-1.3225183683233692e-08,478.7,ASK
600,1712691374.4874573,56517658.71699919,439.5,-1.4698026229957281e-08,478.7,ASK
601,1712691374.5032551,56518068.85367429,439.5,-1.4709516044498233e-08,478.7,ASK
602,1712691374.5668082,56520775.70426528,439.5,-9.708096011669105e-08,478.7,ASK
603,1712691374.6615186,56521271.48861261,439.5,-1.7781262330998165e-08,478.7,ASK
604,1712691374.6818895,56522268.4779196,439.5,-3.5756934450404025e-08,478.7,ASK
605,1712691375.3619635,56523471.9539196,439.5,-4.3162561667035134e-08,478.7,ASK
606,1712691375.5062456,56524033.58877805,439.5,-2.0142985163277792e-08,478.7,ASK
607,1712691375.5452597,56525711.78877805,439.5,-6.018849648018222e-08,478.7,ASK
608,1712691376.2265556,56527490.48075539,439.5,-6.3792632473535e-08,478.7,ASK
609,1712691376.4512932,56528578.71705693,439.5,-3.9029499943278775e-08,478.7,ASK
610,1712691389.1517007,56528590.28955522,440.0,4.1504664086373605e-10,478.7,BID
611,1712691390.5716183,56528590.28955522,440.0,0.0,478.7,BID
612,1712691392.781717,56528928.08642154,439.5,-1.2111074719875561e-08,478.7,ASK
613,1712691395.916218,56529319.24277296,439.5,-1.4024179237589758e-08,478.7,ASK
614,1712691395.9365575,56529786.39596484,439.5,-1.674890378384622e-08,478.7,ASK
615,1712691398.4620974,56529789.82346655,440.0,1.2288666186741838e-10,478.7,BID
616,1712691398.4675949,56529797.95796892,440.1,2.916473652622913e-10,478.7,BID
617,1712691400.471495,56531363.57119758,439.5,-5.6132133495626574e-08,478.7,ASK
618,1712691400.4951663,56533085.18046503,439.5,-6.17250796423053e-08,478.7,ASK
619,1712691404.2820158,56533096.7319939,440.3,4.1415845804099075e-10,478.7,BID
620,1712691414.901623,56537066.30761032,440.3,1.4232170777776544e-07,478.7,BID
621,1712691414.9080806,56539356.20914455,440.3,8.21001357541703e-08,478.7,BID
622,1712691414.961369,56540830.87536955,440.3,-5.2871398815594133e-08,478.7,ASK
623,1712691414.9659157,56540830.87536963,440.3,-2.938392923199272e-18,478.7,ASK
624,1712691415.1616144,56541202.79399433,439.8,1.3334446534433928e-08,478.7,BID
625,1712691415.1666646,56541576.63123463,439.8,1.3403234907657029e-08,478.7,BID
626,1712691415.2219737,56542019.03110215,439.9,1.5861419645372773e-08,478.7,BID
627,1712691415.228399,56542019.03110222,439.8,2.4041396644357682e-18,478.7,BID
628,1712691415.2346714,56542312.78790122,439.9,1.0532100492754821e-08,478.7,BID
629,1712691415.6017156,56542643.81118389,440.0,1.1868220549535569e-08,478.7,BID
630,1712691415.6617012,56543057.1258766,439.6,-1.4818625112525888e-08,478.7,ASK
631,1712691415.981627,56543177.6108766,439.6,-4.319764281751345e-09,478.7,ASK
632,1712691420.8714726,56543177.6108766,439.6,-0.0,478.7,ASK
633,1712691424.2517023,56543189.15456152,440.3,4.1378201344987007e-10,478.7,BID
634,1712691432.5737867,56543599.75400584,439.7,-1.4717888260008262e-08,478.7,ASK
635,1712691433.0419352,56543645.17758068,440.3,1.628202638939316e-09,478.7,BID
636,1712691433.048686,56543861.18259576,440.1,7.742674081878637e-09,478.7,BID
637,1712691433.0551898,56545418.30577773,440.2,5.581489531023016e-08,478.7,BID
638,1712691433.058424,56546253.05853082,440.3,2.9921613179597985e-08,478.7,BID
639,1712691433.1414726,56549200.10067343,440.3,-1.0563637518803805e-07,478.7,ASK
640,1712691433.1612568,56554062.76914828,440.3,-1.743017732926508e-07,478.7,ASK
641,1712691433.289986,56555464.5651273,439.9,5.0247210189318654e-08,478.7,BID
642,1712691433.2983942,56555710.37434828,439.9,8.811002298607638e-09,478.7,BID
643,1712691433.362191,56557063.48266046,439.8,4.8502006560543894e-08,478.7,BID
644,1712691433.3687248,56557909.88070145,439.8,3.0339037139749325e-08,478.7,BID
645,1712691433.4220908,56558258.948536,439.9,1.2512295023998013e-08,478.7,BID
646,1712691433.428596,56558624.95509809,439.9,1.3119461698693642e-08,478.7,BID
647,1712691436.8382149,56560072.24701557,439.7,-5.187800669396877e-08,478.7,ASK
648,1712691439.2619228,56561228.81149874,439.7,-4.1456916379474e-08,478.7,ASK
649,1712691442.2918024,56561824.64611124,439.7,-2.135762083835336e-08,478.7,ASK
650,1712691442.298959,56564386.56454469,439.7,-9.183166162587072e-08,478.7,ASK
651,1712691443.6419885,56571317.35954469,439.7,2.484335226787922e-07,478.7,BID
652,1712691445.4416738,56573739.51212543,439.7,8.68217712543263e-08,478.7,BID
653,1712691445.8421724,56578285.99996357,439.7,1.6296831596445732e-07,478.7,BID
654,1712691446.2312891,56578645.33587441,439.7,1.288035299781617e-08,478.7,BID
655,1712691450.8814735,56578645.33587441,439.7,0.0,478.7,BID
656,1712691456.4015276,56580303.58960144,439.5,-5.9406684510158464e-08,478.7,ASK
657,1712691466.201865,56586117.16764908,439.5,-2.082705386522213e-07,478.7,ASK
658,1712691466.2089827,56586965.03040712,439.5,-3.0374552792303695e-08,478.7,ASK
659,1712691466.2794912,56616095.07840712,439.5,1.0435794855093322e-06,478.7,BID
660,1712691466.4013634,56616106.62993599,439.5,4.1383174337134416e-10,478.7,BID
661,1712691477.4114563,56617041.07164045,439.2,-3.3476230220364974e-08,478.7,ASK
662,1712691477.421216,56618528.78251673,439.2,-5.3297013134382424e-08,478.7,ASK
663,1712691480.5418768,56618528.78251673,439.2,-0.0,478.7,ASK
664,1712691483.1714852,56618540.33142977,439.5,4.1347839239948957e-10,478.7,BID
665,1712691498.4920049,56618561.02082977,439.5,7.407294366594525e-10,478.7,BID
666,1712691498.5117216,56621750.49214323,439.5,1.1419061402666089e-07,478.7,BID
667,1712691498.711684,56629246.46120723,439.5,2.683734155346692e-07,478.7,BID
668,1712691498.7316732,56633822.74997823,439.5,1.638419579187828e-07,478.7,BID
669,1712691510.5536146,56633822.74997823,439.5,0.0,478.7,BID
670,1712691512.8415112,56634103.84336008,439.5,1.0061386371662666e-08,478.7,BID
671,1712691538.1614718,56634242.34404984,439.5,4.957459130609418e-09,478.7,BID
672,1712691540.8512418,56634242.34404984,439.5,0.0,478.7,BID
673,1712691547.282349,56634253.90867569,439.8,4.139385998186633e-10,478.7,BID
674,1712691555.8915155,56634265.39116773,439.8,4.1099874195493007e-10,478.7,BID
675,1712691570.8712523,56634265.39116773,439.8,0.0,478.7,BID
676,1712691572.4550347,56635643.75491362,439.8,4.93364644324268e-08,478.7,BID
677,1712691572.5514762,56636447.89581343,439.8,-2.8783018285471083e-08,478.7,ASK
678,1712691572.591983,56637245.57755905,439.8,-2.8551822542082484e-08,478.7,ASK
679,1712691572.6714983,56638812.91276845,439.8,-5.610041474402947e-08,478.7,ASK
680,1712691575.3415136,56638824.47477253,439.9,4.1384460704771087e-10,478.7,BID
681,1712691575.5222971,56639113.22701127,439.9,1.0335453612300044e-08,478.7,BID
682,1712691575.5294623,56640251.24221967,439.9,4.073354876041852e-08,478.7,BID
683,1712691593.5917332,56640262.79113271,439.9,4.1337603306364845e-10,478.7,BID
684,1712691600.5717115,56640262.79113271,439.9,0.0,478.7,BID
685,1712691601.0716562,56640602.06190823,439.9,1.215037270302406e-08,478.7,BID
686,1712691603.221593,56640613.62391231,440.2,4.1407238384737776e-10,478.7,BID
687,1712691606.8114667,56640991.87144998,439.9,-1.3546255346034434e-08,478.7,ASK
688,1712691606.8164537,56641370.6413085,439.9,-1.3564961328296921e-08,478.7,ASK
689,1712691608.1820345,56642109.54435113,439.9,-2.64624836772426e-08,478.7,ASK
690,1712691609.3015852,56643656.19015113,439.9,5.5390337941207294e-08,478.7,BID
691,1712691609.5613973,56643667.73644952,439.9,4.135099125448736e-10,478.7,BID
692,1712691617.2115936,56644493.26076866,439.6,-2.95646689215523e-08,478.7,ASK
693,1712691620.5819614,56644504.82801746,439.9,4.1426021395504807e-10,478.7,BID
694,1712691630.5715692,56644504.82801746,439.9,0.0,478.7,BID
695,1712691633.2816043,56644516.39002154,439.9,4.1404471685414174e-10,478.7,BID
696,1712691634.352322,56644838.9706667,439.6,-1.1551873787734618e-08,478.7,ASK
697,1712691634.35822,56647113.76593512,439.6,-8.146225828528857e-08,478.7,ASK
698,1712691634.36542,56648940.37612388,439.7,-6.541238811631391e-08,478.7,ASK
699,1712691634.3681183,56649114.85180474,439.6,-6.2481152373749676e-09,478.7,ASK
700,1712691634.3707976,56649814.55190573,439.5,-2.5056826493415533e-08,478.7,ASK
701,1712691637.8020754,56649833.447515,439.9,6.76667049797529e-10,478.7,BID
702,1712691638.7017703,56649845.01214085,439.9,4.141386042879679e-10,478.7,BID
703,1712691644.561627,56649856.5767667,439.9,4.141386045547792e-10,478.7,BID
704,1712691651.0614429,56649868.1440155,439.9,4.1423253441160456e-10,478.7,BID
705,1712691660.8713777,56649868.1440155,439.9,0.0,478.7,BID
706,1712691690.8816712,56649868.1440155,439.9,0.0,478.7,BID
707,1712691706.2517807,56650679.06591329,439.9,2.9037317181035103e-08,478.7,BID
708,1712691706.2581987,56651664.00671156,439.9,3.5268548600966976e-08,478.7,BID
709,1712691707.05142,56652952.30983237,439.9,4.6131281503545687e-08,478.7,BID
710,1712691710.7117832,56652965.15729237,440.2,4.6003908891387264e-10,478.7,BID
711,1712691710.7188792,56653065.89456658,440.2,3.60717868277293e-09,478.7,BID
712,1712691720.308572,56653088.61151342,440.2,8.134435542840029e-10,478.7,BID
713,1712691720.591962,56653088.61151342,440.2,0.0,478.7,BID
714,1712691745.751764,56654042.34787705,440.0,-3.4149454512192925e-08,478.7,ASK
715,1712691745.7573514,56654606.52978164,440.0,-2.020107969269856e-08,478.7,ASK
716,1712691745.7919753,56656403.06041194,440.0,-6.43265197583618e-08,478.7,ASK
717,1712691745.7991776,56657121.96662705,440.0,-2.5741133532994067e-08,478.7,ASK
718,1712691745.8064148,56657923.61963386,440.0,-2.8703962577941325e-08,478.7,ASK
719,1712691745.8510897,56658418.03377677,440.0,-1.7702977392166364e-08,478.7,ASK
720,1712691745.931333,56658782.31202831,440.0,-1.3043335721794592e-08,478.7,ASK
721,1712691749.1413636,56659803.3759224,440.0,-3.656018196948464e-08,478.7,ASK
722,1712691750.571216,56659803.3759224,440.0,-0.0,478.7,ASK
723,1712691753.4514482,56660043.58180571,440.0,8.599894601016228e-09,478.7,BID
724,1712691755.801135,56660484.88432767,440.0,-1.5799592930893922e-08,478.7,ASK
725,1712691761.3841407,56661403.14944915,439.9,-3.2875894426205726e-08,478.7,ASK
726,1712691766.7414858,56667544.18962588,439.9,-2.1986263421737985e-07,478.7,ASK
727,1712691774.0514083,56670499.40672067,439.9,-1.058032184198318e-07,478.7,ASK
728,1712691780.8816817,56670499.40672067,439.9,-0.0,478.7,ASK
729,1712691784.0614326,56671181.0389098,439.9,2.4399808913933378e-08,478.7,BID
730,1712691810.921465,56671181.0389098,439.9,0.0,478.7,BID
731,1712691813.2414088,56671192.51879159,439.9,4.1093117386084327e-10,478.7,BID
732,1712691817.8214512,56671237.98366997,439.9,1.627450192924721e-09,478.7,BID
733,1712691827.251626,56672573.81920227,439.6,-4.7817257464741153e-08,478.7,ASK
734,1712691827.2613094,56673382.58229945,439.6,-2.8950295385045226e-08,478.7,ASK
735,1712691827.8821094,56674965.88229945,439.6,-5.66754378915008e-08,478.7,ASK
736,1712691827.9413192,56675441.82614423,439.6,-1.7036774972913087e-08,478.7,ASK
737,1712691840.5513515,56675441.82614423,439.6,-0.0,478.7,ASK
738,1712691851.7415123,56676194.3045454,439.6,-2.69337356788597e-08,478.7,ASK
739,1712691851.8015878,56676461.42953722,439.6,-9.56130290477266e-09,478.7,ASK
740,1712691851.8090556,56676555.16977917,439.6,-3.355278895833289e-09,478.7,ASK
741,1712691851.8612947,56677299.58751868,439.6,-2.6645217456710965e-08,478.7,ASK
742,1712691860.996614,56677576.96196255,439.6,-9.928165305155365e-09,478.7,ASK
743,1712691870.5815322,56677576.96196255,439.6,-0.0,478.7,ASK
744,1712691875.5515158,56677622.42684093,439.9,1.6272864138110087e-09,478.7,BID
745,1712691882.8113897,56678250.56754444,439.6,-2.2482515497527183e-08,478.7,ASK
746,1712691897.101735,56678326.73063034,439.6,-2.726041712521103e-09,478.7,ASK
747,1712691897.109444,56678541.23532585,439.6,-7.677587384841232e-09,478.7,ASK
748,1712691899.471673,56679403.46704232,439.6,-3.086113958186333e-08,478.7,ASK
749,1712691900.601526,56679403.46704232,439.6,-0.0,478.7,ASK
750,1712691900.8014562,56681529.76940251,439.6,-7.611877544435021e-08,478.7,ASK
751,1712691905.3713996,56681978.28896218,439.6,-1.605639926090867e-08,478.7,ASK
752,1712691905.5218148,56683642.93231249,439.5,-5.9592001471412096e-08,478.7,ASK
753,1712691905.525414,56686613.67832737,439.5,-1.0634872680491957e-07,478.7,ASK
754,1712691905.5282898,56691274.02870343,439.5,-1.668342990201268e-07,478.7,ASK
755,1712691905.6340206,56693063.159037,439.5,-6.404846867102974e-08,478.7,ASK
756,1712691905.6384437,56717922.1772179,439.5,-8.899195420674238e-07,478.7,ASK
757,1712691905.671597,56720198.52595452,439.3,-8.149023467211708e-08,478.7,ASK
758,1712691905.6823125,56720366.5002419,439.3,-6.013254417885173e-09,478.7,ASK
759,1712691905.6873028,56721922.19612441,439.1,-5.5691828103931047e-08,478.7,ASK
760,1712691905.695971,56722001.80373087,439.1,-2.849845644208092e-09,478.7,ASK
761,1712691905.6988058,56725228.61752725,439.1,-1.1551561027525133e-07,478.7,ASK
762,1712691905.771487,56725900.79078009,439.1,2.406290180116269e-08,478.7,BID
763,1712691930.5712807,56725900.79078009,439.1,0.0,478.7,BID
764,1712691935.7018642,56725919.6992837,439.6,6.7640431816075e-10,478.7,BID
765,1712691937.7516758,56725942.47313931,439.1,-8.14677596765363e-10,478.7,ASK
766,1712691952.1415226,56727081.16591999,439.1,4.0733879841733006e-08,478.7,BID
767,1712691952.3416352,56727100.0769837,439.1,6.76495899372641e-10,478.7,BID
768,1712691960.3734715,56727175.98907662,439.1,2.71556483378802e-09,478.7,BID
769,1712691960.871642,56727175.98907662,439.1,0.0,478.7,BID
770,1712691964.5866303,56727403.77950942,439.0,-8.148468505685533e-09,478.7,ASK
771,1712691964.591161,56727631.56994222,439.0,-8.148468505952054e-09,478.7,ASK
772,1712691964.5945823,56729401.13133262,439.0,-6.33003549866894e-08,478.7,ASK
773,1712691964.6883602,56731062.8633994,439.0,-5.9443108496047474e-08,478.7,ASK
774,1712691964.741258,56732724.59546618,439.0,-5.9443108496047474e-08,478.7,ASK
775,1712691964.861341,56733965.5738595,439.0,-4.439200202598082e-08,478.7,ASK
776,1712691965.6715646,56734286.82947507,439.0,-1.1491884156915488e-08,478.7,ASK
777,1712691969.7820036,56734792.13836063,439.0,-1.807579663942138e-08,478.7,ASK
778,1712691969.8677175,56735293.47218404,439.0,-1.7933601603775493e-08,478.7,ASK
779,1712691970.0614438,56735544.24873212,439.0,-8.97072268977464e-09,478.7,ASK
780,1712691971.2923715,56736559.01663984,439.0,-3.630005103891763e-08,478.7,ASK
781,1712691979.3830602,56736960.48876519,439.0,-1.4361371235496333e-08,478.7,ASK
782,1712691979.561787,56737361.936941,439.0,-1.4360514518123732e-08,478.7,ASK
783,1712691982.091751,56737861.936941,439.0,-1.7885888370446157e-08,478.7,ASK
784,1712691987.811513,56737884.65906513,439.0,-8.12810751440524e-10,478.7,ASK
785,1712691987.8184938,56751116.55101494,439.0,-4.733282846882169e-07,478.7,ASK
786,1712691990.8712437,56751116.55101494,439.0,-0.0,478.7,ASK
787,1712692019.261372,56768210.66224974,439.0,6.112569237228495e-07,478.7,BID
788,1712692020.5412204,56768210.66224974,439.0,0.0,478.7,BID
789,1712692023.8315167,56768491.95514343,439.0,-1.005586658440872e-08,478.7,ASK
790,1712692026.9117386,56768924.64870928,439.0,-1.5468249883696993e-08,478.7,ASK
791,1712692030.2216258,56769357.34227513,439.0,-1.5468249883430644e-08,478.7,ASK
792,1712692030.5012784,56769972.65591462,439.0,-2.1996687456501228e-08,478.7,ASK
793,1712692030.5415237,56770457.61569955,439.0,-1.7336701372232522e-08,478.7,ASK
794,1712692030.6821928,56770991.34420053,439.0,-1.908012153333388e-08,478.7,ASK
795,1712692031.221691,56771383.24762699,439.0,-1.4010053786736741e-08,478.7,ASK
796,1712692031.361287,56772216.86743541,439.0,-2.9800857979549952e-08,478.7,ASK
797,1712692050.581288,56772216.86743541,439.0,-0.0,478.7,ASK
798,1712692070.481683,56775515.34876524,439.1,1.1790913900115985e-07,478.7,BID
799,1712692070.6416736,56775526.83648134,439.6,4.1064556052589935e-10,478.7,BID
800,1712692080.8512306,56775526.83648134,439.6,0.0,478.7,BID
801,1712692087.1622188,56778531.57719697,439.0,-1.0740336218046069e-07,478.7,ASK
802,1712692087.5712712,56780782.53778027,439.0,-8.045976597063165e-08,478.7,ASK
803,1712692088.7739882,56782485.46351456,439.0,-6.08704599551105e-08,478.7,ASK
804,1712692089.0112257,56783756.96920047,439.0,-4.5449507502586687e-08,478.7,ASK
805,1712692089.4512708,56784697.06903117,439.0,-3.3603525947325855e-08,478.7,ASK
806,1712692089.5912075,56785401.33201542,439.0,-2.517362379182812e-08,478.7,ASK
807,1712692089.7113647,56785835.90735673,439.0,-1.5533737248959746e-08,478.7,ASK
808,1712692089.7165115,56786800.16003842,439.0,-3.44668608063355e-08,478.7,ASK
809,1712692089.771557,56786821.16556271,439.0,-7.50834813017811e-10,478.7,ASK
810,1712692089.7786052,56787332.95815514,439.0,-1.8293839757936288e-08,478.7,ASK
811,1712692089.8513355,56787504.42302281,439.0,-6.128949225934068e-09,478.7,ASK
812,1712692089.871364,56787516.42302281,438.9,-4.2893562810964455e-10,478.7,ASK
813,1712692089.8774226,56788032.31971432,438.6,-1.844053928459341e-08,478.7,ASK
814,1712692104.933074,56788052.31971432,439.3,7.148927135160744e-10,478.7,BID
815,1712692109.2617834,56788292.28998587,438.6,-8.577649929582687e-09,478.7,ASK
816,1712692109.2698934,56789497.21611446,438.6,-4.3069645482656735e-08,478.7,ASK
817,1712692109.2766502,56790020.87833515,438.6,-1.871811529562749e-08,478.7,ASK
818,1712692110.8913293,56790020.87833515,438.6,-0.0,478.7,ASK
819,1712692133.791323,56790248.66876795,439.0,8.140434866526062e-09,478.7,BID
820,1712692134.8206968,56790586.56198335,438.5,-1.2075123954582382e-08,478.7,ASK
821,1712692134.8253078,56790924.40160662,438.5,-1.2073208759189784e-08,478.7,ASK
822,1712692139.771277,56791348.85704402,438.5,-1.516855558580981e-08,478.7,ASK
823,1712692139.7916508,56791351.12426599,438.5,-8.102259856442847e-11,478.7,ASK
824,1712692139.7996633,56791772.55149733,438.5,-1.5060338072576492e-08,478.7,ASK
825,1712692140.5814564,56791772.55149733,438.5,-0.0,478.7,ASK
1026,1712692151.4921222,56791874.05662823,438.5,-3.6273394467329962e-09,478.7,ASK
826,1712692151.4921222,56791874.05662823,438.5,-3.627339446732996e-09,478.7,ASK
827,1712692151.498423,56800349.68044933,438.5,-3.028808923355094e-07,478.7,ASK
828,1712692151.5713837,56800349.68044955,438.5,-7.987512945048889e-18,478.7,ASK
829,1712692170.5633037,56800349.68044955,438.5,-0.0,478.7,ASK
830,1712692175.7633507,56801631.42615559,438.4,-4.579770417255744e-08,478.7,ASK
831,1712692200.3413985,56804911.72424517,438.4,-1.172074310815228e-07,478.7,ASK
832,1712692200.351453,56805025.74933068,438.5,-4.07419904727513e-09,478.7,ASK
833,1712692200.355359,56806506.30050859,438.4,-5.2901167945383176e-08,478.7,ASK
834,1712692200.621188,56806506.30050859,438.4,-0.0,478.7,ASK
835,1712692204.901728,56807695.36407661,438.9,4.249139657211681e-08,478.7,BID
836,1712692204.9098957,56807967.34129755,439.0,9.719154017155273e-09,478.7,BID
837,1712692206.6939068,56808177.9534408,438.4,-7.526262129603414e-09,478.7,ASK
838,1712692206.7022748,56808735.58520885,438.4,-1.9927069699745385e-08,478.7,ASK
839,1712692206.7065086,56809278.38178455,438.4,-1.9396931481644e-08,478.7,ASK
840,1712692214.1917906,56811884.20478509,438.4,-9.311954506968553e-08,478.7,ASK
841,1712692214.1961389,56811884.20478591,438.4,-2.928725946085568e-17,478.7,ASK
842,1712692218.331559,56814165.74710852,438.3,-8.153131778099798e-08,478.7,ASK
843,1712692218.3380322,56817981.52573491,438.3,-1.3635752301749978e-07,478.7,ASK
844,1712692230.5637977,56817981.52573491,438.3,-0.0,478.7,ASK
845,1712692235.1914573,56818000.4643941,438.9,6.76654681724119e-10,478.7,BID
846,1712692260.8712451,56818000.4643941,438.9,0.0,478.7,BID
847,1712692289.182189,56818227.73332657,438.3,-8.120033205244916e-09,478.7,ASK
848,1712692289.1905582,56818465.4101461,438.3,-8.49189392389783e-09,478.7,ASK
849,1712692289.2212362,56818465.41014611,438.3,-2.661998768950825e-19,478.7,ASK
850,1712692290.8711812,56818465.41014611,438.3,-0.0,478.7,ASK
851,1712692313.8514068,56818977.21675706,438.3,-1.828607355874956e-08,478.7,ASK
852,1712692313.8570487,56819808.79414971,438.3,-2.9710998346882253e-08,478.7,ASK
853,1712692313.9715693,56820802.03789872,438.3,-3.5487091935822426e-08,478.7,ASK
854,1712692314.271531,56821495.75092999,438.3,-2.4785313919508773e-08,478.7,ASK
855,1712692314.3712738,56822008.65426222,438.3,-1.8325257745990016e-08,478.7,ASK
1056,1712692314.511245,56822526.6216908,438.3,-1.850619022384309e-08,478.7,ASK
856,1712692314.511245,56822526.6216908,438.3,-1.8506190223843092e-08,478.7,ASK
857,1712692320.5815375,56822526.6216908,438.3,-0.0,478.7,ASK
858,1712692338.311355,56823009.31189556,438.5,-1.72446918252859e-08,478.7,ASK
859,1712692341.690721,56823598.00853676,438.5,-2.1031900080415105e-08,478.7,ASK
860,1712692343.6997583,56826544.95574912,438.5,-1.052832562207656e-07,478.7,ASK
861,1712692344.1312344,56828752.62111659,438.5,-7.887151746710177e-08,478.7,ASK
862,1712692344.2808695,56830406.46355878,438.5,-5.908552309977017e-08,478.7,ASK
863,1712692344.3512695,56830799.4608585,438.5,-1.4040304226487433e-08,478.7,ASK
864,1712692344.488338,56831939.82567399,438.5,-4.074091335974079e-08,478.7,ASK
865,1712692344.5913126,56832794.11444403,438.5,-3.052050036249787e-08,478.7,ASK
866,1712692345.7416284,56833439.58462668,438.5,-2.3060203568598584e-08,478.7,ASK
867,1712692347.2845562,56833771.78562465,438.5,-1.1868282757004134e-08,478.7,ASK
868,1712692347.2912765,56834102.8874134,438.5,-1.1829012176870773e-08,478.7,ASK
869,1712692347.4411862,56834389.14901721,438.5,-1.0227042294394026e-08,478.7,ASK
870,1712692349.1514509,56834617.19918824,438.5,-8.147368397832808e-09,478.7,ASK
871,1712692349.1603162,56835573.26707277,438.5,-3.415668242348133e-08,478.7,ASK
872,1712692350.581522,56835573.26707277,438.5,-0.0,478.7,ASK
873,1712692380.871209,56835573.26707277,438.5,-0.0,478.7,ASK
874,1712692405.1720722,56835923.71659684,438.3,-1.2517674977905785e-08,478.7,ASK
875,1712692405.192216,56836276.56379752,438.3,-1.2603317372442565e-08,478.7,ASK
876,1712692405.2919512,56836586.94678425,438.3,-1.1086541940206669e-08,478.7,ASK
877,1712692405.298459,56836630.56126684,438.3,-1.557861774304885e-09,478.7,ASK
878,1712692410.901434,56836630.56126684,438.3,-0.0,478.7,ASK
879,1712692434.56185,56836950.56126684,438.3,-1.1429861977095577e-08,478.7,ASK
880,1712692434.5710297,56840048.04066011,438.3,-1.1063675606879657e-07,478.7,ASK
881,1712692439.8015811,56842343.88116474,438.5,8.200356277899125e-08,478.7,BID
882,1712692439.808324,56842778.30234902,438.5,1.551679430100254e-08,478.7,BID
883,1712692439.8148854,56842798.30234902,438.5,7.14366373568473e-10,478.7,BID
884,1712692440.5251465,56842798.30234902,438.5,0.0,478.7,BID
885,1712692455.1213498,56842809.90644458,438.9,4.1443875748612334e-10,478.7,BID
886,1712692462.7919028,56844486.67564425,438.5,-5.988559300962709e-08,478.7,ASK
887,1712692462.7999852,56844714.46607705,438.5,-8.135505562147198e-09,478.7,ASK
888,1712692463.2516923,56844818.68107261,438.9,3.7220249576221847e-09,478.7,BID
889,1712692463.257504,56845307.07697705,438.9,1.7442995951308564e-08,478.7,BID
890,1712692463.351338,56849759.70864359,438.9,1.5902515853513874e-07,478.7,BID
891,1712692463.3712022,56850305.59641851,438.5,-1.9496310597729897e-08,478.7,ASK
892,1712692464.5813746,56852609.13219823,438.5,-8.22704795715174e-08,478.7,ASK
893,1712692467.9512525,56852620.74422008,439.0,4.14721843995493e-10,478.7,BID
894,1712692470.581764,56852620.74422008,439.0,0.0,478.7,BID
895,1712692472.3719244,56852865.20156805,438.9,8.729418791128815e-09,478.7,BID
896,1712692482.5315723,56852876.79511203,439.0,4.1399819429981735e-10,478.7,BID
897,1712692483.5512464,56853854.24277667,438.9,3.4904043923285715e-08,478.7,BID
898,1712692483.8513095,56854466.25309758,438.5,-2.1854505254122544e-08,478.7,ASK
899,1712692483.8580656,56857300.18643757,438.5,-1.0119798466247725e-07,478.7,ASK
900,1712692484.3210664,56858160.60849677,438.4,-3.0725132846821455e-08,478.7,ASK
1101,1712692489.461431,56858172.21259233,439.0,4.1437498485403986e-10,478.7,BID
901,1712692489.461431,56858172.21259233,439.0,4.143749848540399e-10,478.7,BID
902,1712692496.2089396,56863835.68347768,438.4,-2.022389982515605e-07,478.7,ASK
903,1712692500.583173,56863847.28229505,439.0,4.1418650390703606e-10,478.7,BID
904,1712692500.7649286,56864580.36804353,439.0,2.6178032942397768e-08,478.7,BID
905,1712692500.770731,56870528.45385578,439.0,2.1240241903563453e-07,478.7,BID
906,1712692500.861392,56870528.45385578,439.0,0.0,478.7,BID
907,1712692504.5115716,56870540.04739976,439.2,4.1407226902240407e-10,478.7,BID
908,1712692506.581684,56870643.185384,439.2,3.6836518015939195e-09,478.7,BID
909,1712692506.5893366,56870767.73409976,439.2,4.448352414417992e-09,478.7,BID
910,1712692516.0615242,56870779.31974264,439.2,4.1379007539114486e-10,478.7,BID
911,1712692522.1012993,56870790.89224093,439.2,4.133206060652481e-10,478.7,BID
912,1712692522.2216177,56870913.78377228,439.2,4.3891648088824565e-09,478.7,BID
913,1712692522.2267506,56870933.78377193,439.2,7.14315247538061e-10,478.7,BID
914,1712692528.9528246,56870945.3588964,439.5,4.134144021109019e-10,478.7,BID
915,1712692528.9598048,56870945.35889675,439.2,1.250684902895644e-17,478.7,BID
916,1712692530.9241447,56870945.35889675,439.2,0.0,478.7,BID
917,1712692535.1916475,56870964.28461894,439.2,6.75942187798423e-10,478.7,BID
918,1712692540.5112555,56870975.85974376,439.2,4.134117112341509e-10,478.7,BID
919,1712692556.881529,56871203.54644685,439.2,8.131951144721277e-09,478.7,BID
920,1712692559.7712617,56871495.17320811,439.2,1.0415604173723738e-08,478.7,BID
921,1712692560.5812058,56871495.17320811,439.2,0.0,478.7,BID
922,1712692572.8656926,56873471.59039458,439.2,-7.058817739567142e-08,478.7,ASK
923,1712692588.3113532,56873509.65939458,439.2,-1.359642763456696e-09,478.7,ASK
924,1712692590.5512302,56873509.65939458,439.2,-0.0,478.7,ASK
925,1712692592.8713198,56874083.8239387,439.2,-2.0505765842330945e-08,478.7,ASK
926,1712692602.0824432,56874834.43558035,439.8,2.6807413867466504e-08,478.7,BID
927,1712692603.10571,56877545.77411931,439.2,-9.683299633969044e-08,478.7,ASK
928,1712692603.1212285,56880141.88862444,439.2,-9.271787449635436e-08,478.7,ASK
929,1712692603.1279182,56880618.7070393,439.2,-1.7029137142904014e-08,478.7,ASK
930,1712692603.1820102,56881003.42970952,439.2,-1.3740021167363473e-08,478.7,ASK
931,1712692605.1930926,56881026.16731752,439.8,8.12053043418087e-10,478.7,BID
932,1712692606.8115969,56883276.50610787,439.8,8.036880851205181e-08,478.7,BID
933,1712692617.531872,56885947.34753724,439.8,9.53866788076608e-08,478.7,BID
934,1712692617.540178,56886006.76674212,439.8,2.122103000260544e-09,478.7,BID
935,1712692617.6513755,56886288.28684755,439.8,-1.0054235185627248e-08,478.7,ASK
936,1712692617.691656,56886689.27320498,439.8,-1.4320864002738965e-08,478.7,ASK
937,1712692617.711382,56887110.8312637,439.8,-1.505556365245022e-08,478.7,ASK
938,1712692617.717352,56887402.97819457,439.8,-1.0433762616294387e-08,478.7,ASK
939,1712692617.7396257,56887673.97472997,439.8,-9.678395428384571e-09,478.7,ASK
940,1712692617.8918302,56887966.81383409,439.3,1.045848295601681e-08,478.7,BID
941,1712692617.8999896,56888612.93986697,439.4,2.3075805133605023e-08,478.7,BID
942,1712692617.9917114,56888635.69817267,439.4,8.127922431923152e-10,478.7,BID
943,1712692617.9994087,56888635.69817375,439.4,3.8317064724944045e-17,478.7,BID
1143,1712692617.9994087,56888635.69817375,439.4,3.831706472494405e-17,478.7,BID
944,1712692620.8710852,56888635.69817375,439.4,0.0,478.7,BID
945,1712692622.995862,56894720.54082312,439.2,-2.1726305142307377e-07,478.7,ASK
946,1712692624.1322937,56895532.40486296,439.2,-2.8988105165842664e-08,478.7,ASK
947,1712692640.5009503,56897206.99704344,439.2,-5.979234435207446e-08,478.7,ASK
948,1712692640.5716748,56898881.58922392,439.2,-5.979234435234048e-08,478.7,ASK
949,1712692645.3715274,56900458.62948082,439.2,-5.6309192886937424e-08,478.7,ASK
950,1712692645.4541097,56901638.81239222,439.2,-4.213915713916054e-08,478.7,ASK
951,1712692647.1113334,56902018.97715457,439.2,-1.3574016793973488e-08,478.7,ASK
952,1712692648.7210505,56902281.25341432,439.2,-9.364735259840977e-09,478.7,ASK
953,1712692650.5849483,56903663.51511621,439.2,-4.935450471324848e-08,478.7,ASK
954,1712692650.762172,56903982.49377872,439.2,-1.1389329445296052e-08,478.7,ASK
955,1712692650.8141162,56904643.21782243,439.2,-2.3591558591957725e-08,478.7,ASK
956,1712692650.822432,56904962.84523976,439.2,-1.1412493635131582e-08,478.7,ASK
957,1712692650.8810284,56905951.68824994,439.2,-3.5307248214914354e-08,478.7,ASK
958,1712692650.890941,56923897.55423112,439.2,-6.407681887887381e-07,478.7,ASK
959,1712692650.8948796,56923997.55423112,439.2,-3.57056154024875e-09,478.7,ASK
960,1712692650.90095,56923997.55423112,439.2,-0.0,478.7,ASK
961,1712692663.4910908,56924009.04717604,439.4,4.1025126830242167e-10,478.7,BID
962,1712692668.0408623,56924031.61353162,439.1,-8.05526874328238e-10,478.7,ASK
963,1712692678.0402915,56924304.89982534,439.1,-9.755206294273534e-09,478.7,ASK
964,1712692680.6101384,56924304.89982534,439.1,-0.0,478.7,ASK
1165,1712692688.0003507,56924316.39277026,439.4,4.1013325892247354e-10,478.7,BID
965,1712692688.0003507,56924316.39277026,439.4,4.101332589224736e-10,478.7,BID
966,1712692694.0802867,56924411.23067026,439.1,-3.384352511131988e-09,478.7,ASK
967,1712692698.4299543,56924433.98897704,439.4,8.12145067512803e-10,478.7,BID
968,1712692700.799677,56924533.98897704,439.4,3.568565427122924e-09,478.7,BID
969,1712692708.5548527,56924614.47092436,439.4,2.8720509473213023e-09,478.7,BID
970,1712692710.5902336,56924614.47092436,439.4,0.0,478.7,BID
971,1712692719.4197907,56924633.98897704,439.4,-6.9651109953218e-10,478.7,ASK
1171,1712692719.4197907,56924633.98897704,439.4,-6.965110995321801e-10,478.7,ASK
972,1712692719.424348,56928365.87092436,439.4,-1.3317400264047373e-07,478.7,ASK
973,1712692720.2996044,56929063.77092436,439.4,-2.49048972487572e-08,478.7,ASK
974,1712692721.8995972,56929185.65033343,439.4,-4.349325346851482e-09,478.7,ASK
975,1712692721.9115562,56929285.65033343,439.4,-3.56854810844109e-09,478.7,ASK
976,1712692722.6728382,56929533.47092343,439.4,8.843596976926887e-09,478.7,BID
977,1712692722.7104163,56929533.47092436,439.4,3.323469411992552e-17,478.7,BID
1177,1712692722.7104163,56929533.47092436,439.4,3.3234694119925517e-17,478.7,BID
978,1712692722.7295146,56930532.47092436,439.7,3.5649795603326496e-08,478.7,BID
979,1712692722.7356403,56934392.47092436,439.7,1.377459569858261e-07,478.7,BID
980,1712692724.709448,56934404.06446834,439.9,4.1372119427629445e-10,478.7,BID
981,1712692729.6893709,56934867.30577743,439.4,-1.6530988973100643e-08,478.7,ASK
1182,1712692730.2693934,56935656.10577743,439.4,-2.814870747927697e-08,478.7,ASK
982,1712692730.2693934,56935656.10577743,439.4,-2.8148707479276972e-08,478.7,ASK
983,1712692733.9794283,56935667.67565038,439.9,4.1287648241323606e-10,478.7,BID
984,1712692734.3090854,56935781.46718428,439.9,4.060705630636182e-09,478.7,BID
1185,1712692738.839331,56937179.26718428,439.5,-4.9881165459683223e-08,478.7,ASK
985,1712692738.839331,56937179.26718428,439.5,-4.988116545968322e-08,478.7,ASK
986,1712692739.8695996,56939581.09704598,439.5,-8.57104540976877e-08,478.7,ASK
987,1712692739.8791246,56939692.16718428,439.5,-3.963591319275292e-09,478.7,ASK
988,1712692740.8490252,56939692.16718428,439.5,-0.0,478.7,ASK
989,1712692750.969663,56939703.72918836,439.9,4.1249812639766764e-10,478.7,BID
990,1712692751.269281,56939803.72918836,439.6,-3.567704383042451e-09,478.7,ASK
991,1712692752.269022,56940625.59164594,439.4,-2.9321622921692904e-08,478.7,ASK
992,1712692752.276182,56942543.92918836,439.4,-6.844061258254265e-08,478.7,ASK
1193,1712692755.4393587,56942555.50431318,439.6,4.129662353711852e-10,478.7,BID
993,1712692755.4393587,56942555.50431318,439.6,4.1296623537118515e-10,478.7,BID
994,1712692765.4387186,56942555.50431336,439.6,6.379552572445485e-18,478.7,BID
995,1712692765.446983,56942960.82918836,439.6,1.4460793331100077e-08,478.7,BID
996,1712692769.3889515,56943060.82918836,439.6,3.567704383042451e-09,478.7,BID
997,1712692770.8684988,56943060.82918836,439.6,0.0,478.7,BID
998,1712692771.3186314,56943160.82918836,439.4,-3.567515970342388e-09,478.7,ASK
999,1712692771.3268242,56943337.64809105,439.4,-6.308042591915717e-09,478.7,ASK
1000,1712692773.6886466,56943806.39209865,439.4,-1.6722517331236203e-08,478.7,ASK
1201,1712692773.770566,56944900.12811639,439.4,-3.901920710630641e-08,478.7,ASK
1202,1712692775.5585015,56944945.6343735,439.5,1.623442989880915e-09,478.7,BID
1203,1712692785.3684518,56945013.57811042,439.1,-2.42390366540672e-09,478.7,ASK
1204,1712692785.3696864,56945533.6343735,439.1,-1.8553090240206523e-08,478.7,ASK
1205,1712692786.6053216,56945579.55991464,439.1,-1.638401014640626e-09,478.7,ASK
1206,1712692786.606557,56945938.13233685,439.0,-1.279212842745692e-08,478.7,ASK
1207,1712692786.6182466,56946981.9312565,439.0,3.7237693156967094e-08,478.7,BID
1208,1712692800.7179153,56946981.9312565,439.0,0.0,478.7,BID
1209,1712692813.6977026,56946998.2576565,438.8,-5.82431631732672e-10,478.7,ASK
1210,1712692823.0678718,56947279.03994972,438.8,-1.0016690099146664e-08,478.7,ASK
1211,1712692823.0705738,56947285.4718565,438.8,-2.2945327559184528e-10,478.7,ASK
1212,1712692823.7876213,56947355.40192643,438.8,-2.494700898226025e-09,478.7,ASK
1213,1712692826.3376484,56947536.14524342,438.8,-6.447877368018398e-09,478.7,ASK
1214,1712692830.5385833,56947536.14524342,438.8,-0.0,478.7,ASK
1215,1712692830.797308,56947820.37558099,438.8,-1.0139608434474257e-08,478.7,ASK
1216,1712692834.947499,56947839.30992462,439.0,6.754621339882764e-10,478.7,BID
1217,1712692835.2676013,56948209.37357894,438.8,-1.3201618739246984e-08,478.7,ASK
1218,1712692836.9177177,56948551.71617368,438.8,-1.221270006137956e-08,478.7,ASK
1219,1712692837.0975451,56948807.79528425,438.8,-9.135344001809773e-09,478.7,ASK
1220,1712692839.3879075,56951713.73215668,438.8,-1.036661401942422e-07,478.7,ASK
1221,1712692839.3910754,56952457.65304611,438.8,-2.653856935046115e-08,478.7,ASK
1222,1712692844.8675208,56952941.29534845,438.9,-1.7253413587232734e-08,478.7,ASK
1223,1712692844.8703165,56958545.53186814,438.9,-1.9992504800894202e-07,478.7,ASK
1224,1712692844.9272718,56958801.61097871,438.8,-9.135344001809773e-09,478.7,ASK
1225,1712692844.929978,56958901.61097871,438.7,-3.567391335227092e-09,478.7,ASK
1226,1712692845.0472002,56959213.91588271,438.5,1.1141138084748581e-08,478.7,BID
1227,1712692845.668056,56960354.94737517,438.2,-4.0705058594381824e-08,478.7,ASK
1228,1712692845.670891,56962796.07398339,438.4,-8.708453910366043e-08,478.7,ASK
1229,1712692845.6732326,56965865.2682805,438.3,-1.0949017141621049e-07,478.7,ASK
1230,1712692845.675443,56966460.49888271,438.2,-2.1234204927939856e-08,478.7,ASK
1231,1712692848.698397,56966460.49888306,438.5,1.2492194232022269e-17,478.7,BID
1232,1712692848.7013366,56968668.26551899,438.8,7.875967567227386e-08,478.7,BID
1233,1712692860.877411,56968668.26551899,438.8,0.0,478.7,BID
1234,1712692865.1969218,56969138.53850799,438.8,1.6770931922832506e-08,478.7,BID
1235,1712692890.8665931,56969138.53850799,438.8,0.0,478.7,BID
1236,1712692899.7579634,56969167.02529012,438.8,1.0158915760403399e-09,478.7,BID
1237,1712692903.2686028,56970542.77259012,438.8,4.906170471093247e-08,478.7,BID
1238,1712692912.2566302,56972032.79498621,438.8,5.3136966948207344e-08,478.7,BID
1239,1712692912.2597475,56972713.83224862,438.8,2.4287054072605456e-08,478.7,BID
1240,1712692920.5559373,56972713.83224862,438.8,0.0,478.7,BID
1241,1712692922.635988,56973316.30997193,439.0,2.1484272957062428e-08,478.7,BID
1242,1712692938.7158737,56977156.30997193,439.3,1.369338731765137e-07,478.7,BID
1243,1712692950.2154698,56977277.11957156,439.6,4.308053748519017e-09,478.7,BID
1244,1712692950.56538,56977277.11957156,439.6,0.0,478.7,BID
1245,1712692962.035801,56979466.22086519,439.6,7.805747221560837e-08,478.7,BID
1246,1712692962.190321,56980307.5374358,439.6,-2.9999089135789766e-08,478.7,ASK
1247,1712692962.2554464,56980601.65692534,439.6,-1.0487510993611205e-08,478.7,ASK
1248,1712692962.523877,56980951.94136541,439.6,-1.2490202270633078e-08,478.7,ASK
1249,1712692962.6353726,56981334.90036049,439.6,-1.3655289138369529e-08,478.7,ASK
1250,1712692962.6574163,56981615.76032836,439.6,-1.001471206584596e-08,478.7,ASK
1251,1712692962.7156365,56981894.6013968,439.6,-9.942723534807867e-09,478.7,ASK
1252,1712692962.7376156,56982217.37546321,439.6,-1.1509256238665596e-08,478.7,ASK
1253,1712692962.8755157,56982498.2328722,439.6,-1.0014620823074192e-08,478.7,ASK
1254,1712692963.6355362,56983293.83214443,439.7,2.8368933071960004e-08,478.7,BID
1255,1712692964.2155612,56983645.18637591,439.6,-1.2528348158730616e-08,478.7,ASK
1256,1712692964.2576818,56983926.04890266,439.6,-1.0014803308617729e-08,478.7,ASK
1257,1712692964.525274,56984277.45383252,439.6,-1.2530155926951361e-08,478.7,ASK
1258,1712692964.645326,56984559.80157102,439.6,-1.0067761970169609e-08,478.7,ASK
1259,1712692964.9654028,56986189.13574207,439.6,-5.8097680156076745e-08,478.7,ASK
1260,1712692980.875913,56986189.13574207,439.6,-0.0,478.7,ASK
1261,1712692983.5651548,56987558.24220484,439.7,4.881184011848256e-08,478.7,BID
1262,1712692983.5751357,56989433.53646984,439.7,6.685861642435018e-08,478.7,BID
1263,1712692985.8557384,56990746.79884437,439.9,4.682086806413183e-08,478.7,BID
1264,1712692985.8589542,56997712.00960443,439.9,2.483260164619573e-07,478.7,BID
1265,1712692990.4758277,57002257.46414988,440.0,1.6205606106727444e-07,478.7,BID
1266,1712692993.3056588,57003321.5923512,439.7,-3.793865345093588e-08,478.7,ASK
1267,1712692997.1552217,57003410.72115853,440.2,3.177649957532959e-09,478.7,BID
1268,1712692997.165074,57008346.61548348,440.2,1.759761502724284e-07,478.7,BID
1269,1712692997.167851,57012890.00485195,440.2,1.6198243268929318e-07,478.7,BID
1270,1712692997.234882,57018185.70159109,440.2,-1.888039459136693e-07,478.7,ASK
1271,1712692997.2882285,57019165.53851128,440.2,-3.4933472590563736e-08,478.7,ASK
1272,1712692997.2948563,57019558.16585978,440.2,-1.3998081144281911e-08,478.7,ASK
1273,1712692997.3378558,57019873.28278092,440.2,-1.1234653543514905e-08,478.7,ASK
1274,1712692997.3619752,57025171.87876504,440.2,-1.889073107623709e-07,478.7,ASK
1275,1712692997.389205,57029879.8408695,440.2,-1.67849834747012e-07,478.7,ASK
1276,1712692997.4373353,57031881.42274804,440.2,-7.13610645307382e-08,478.7,ASK
1277,1712692997.475165,57033804.92406108,440.2,-6.857731017511168e-08,478.7,ASK
1278,1712692997.4849944,57033880.2444599,440.2,-2.685347972998877e-09,478.7,ASK
1279,1712692997.5667365,57034868.91665244,440.2,-3.524847066635304e-08,478.7,ASK
1280,1712692997.5685976,57035591.03468843,440.2,-2.5745192998342272e-08,478.7,ASK
1281,1712692997.5963175,57036088.43701809,440.2,-1.7733553708353115e-08,478.7,ASK
1282,1712692997.6256735,57037075.74583895,440.2,-3.519986328443851e-08,478.7,ASK
1283,1712692997.6287904,57037784.92406108,440.2,-2.5283858440294573e-08,478.7,ASK
1284,1712692997.745295,57038214.47775964,439.8,1.5314591689051245e-08,478.7,BID
1285,1712692997.7492127,57038910.57735612,439.8,2.4817574917778963e-08,478.7,BID
1286,1712692999.3550692,57039336.12109068,439.8,1.5171627115578776e-08,478.7,BID
1287,1712693003.6652057,57040373.93891386,439.8,-3.7000627076630454e-08,478.7,ASK
1288,1712693003.7047763,57041412.85423396,439.8,-3.703975540274228e-08,478.7,ASK
1289,1712693003.7856967,57041647.59172171,439.7,-8.368939183130365e-09,478.7,ASK
1290,1712693003.7895486,57041928.16529345,439.8,-1.0003102532477476e-08,478.7,ASK
1291,1712693004.445023,57042155.12852541,440.6,8.091768823503867e-09,478.7,BID
1292,1712693004.448984,57042470.04596455,440.6,1.1227541544422382e-08,478.7,BID
1293,1712693010.2489762,57043211.18702627,439.8,-2.642340825482983e-08,478.7,ASK
1294,1712693010.252004,57043751.47397488,439.8,-1.926249044248817e-08,478.7,ASK
1295,1712693010.3460934,57044710.15836588,439.8,-3.4179335566714536e-08,478.7,ASK
1296,1712693010.4448757,57045427.38614156,439.8,-2.5570843807223177e-08,478.7,ASK
1297,1712693010.864766,57045427.38614156,439.8,-0.0,478.7,ASK
1298,1712693013.6947162,57045681.543483,439.8,-9.052888506536334e-09,478.7,ASK
1299,1712693015.165204,57046131.62329257,439.8,-1.6031495734583403e-08,478.7,ASK
1300,1712693015.7450984,57046468.73350984,439.8,-1.2007605973857968e-08,478.7,ASK
1301,1712693017.314757,57046480.19515305,440.6,4.082548924604417e-10,478.7,BID
1302,1712693019.4948802,57046502.89147624,440.6,8.08425529445962e-10,478.7,BID
1303,1712693040.54427,57046502.89147624,440.6,0.0,478.7,BID
1304,1712693065.3543897,57046991.06918296,440.6,-1.7388220475235432e-08,478.7,ASK
1305,1712693065.5687854,57048162.66918296,440.6,-4.173078538436893e-08,478.7,ASK
1306,1712693067.7243524,57048445.87141613,440.6,-1.0087275189986826e-08,478.7,ASK
1307,1712693067.7282295,57049282.13843837,440.6,-2.97866845586896e-08,478.7,ASK
1308,1712693067.8843496,57051663.07520788,440.6,8.480570275031436e-08,478.7,BID
1309,1712693068.086346,57051663.07520789,440.6,2.6537946387741227e-19,478.7,BID
1310,1712693070.5747442,57051663.07520789,440.6,0.0,478.7,BID
1311,1712693092.154212,57054386.63399136,440.6,-9.700157369800488e-08,478.7,ASK
1312,1712693100.8635566,57054386.63399136,440.6,-0.0,478.7,ASK
1313,1712693111.1939294,57055169.13399136,440.6,-2.7869260606692933e-08,478.7,ASK
1314,1712693112.9235833,57065953.46078932,440.6,-3.840910083069017e-07,478.7,ASK
1315,1712693115.594443,57066634.35048518,440.6,-2.42503416975676e-08,478.7,ASK
1316,1712693116.5936923,57068080.55048518,440.6,-5.15073797946003e-08,478.7,ASK
1317,1712693118.1633525,57069171.81249948,440.6,-3.886602615552855e-08,478.7,ASK
1318,1712693118.2661054,57069616.27741321,440.6,-1.5829915030498056e-08,478.7,ASK
1319,1712693118.8034945,57070134.07741321,440.6,-1.8441793152795586e-08,478.7,ASK
1320,1712693124.0436623,57070698.97741321,440.6,-2.011929113952628e-08,478.7,ASK
1321,1712693126.573697,57070925.8376673,440.8,8.079779607215837e-09,478.7,BID
1322,1712693126.973796,57089989.61289652,440.9,6.789690990548594e-07,478.7,BID
1323,1712693127.6233582,57099286.98189652,440.9,3.311320122909451e-07,478.7,BID
1324,1712693127.7735133,57103546.98189652,440.9,1.517227478396318e-07,478.7,BID
1325,1712693129.5674329,57105191.50989652,440.9,5.857096409830515e-08,478.7,BID
1326,1712693130.903178,57105191.50989652,440.9,0.0,478.7,BID
1327,1712693131.1933537,57109451.50989652,440.9,1.5160182851774192e-07,478.7,BID
1328,1712693131.9959495,57113671.50989652,440.8,-1.501783371701575e-07,478.7,ASK
1329,1712693131.9975777,57115404.93449097,440.8,-6.168787279739965e-08,478.7,ASK
1330,1712693131.9991896,57115754.00989652,440.8,-1.2422645486214804e-08,478.7,ASK
1331,1712693132.093275,57118935.82489652,440.9,1.1323215305303925e-07,478.7,BID
1332,1712693133.783763,57121152.26202443,440.9,7.887697685113906e-08,478.7,BID
1333,1712693133.7876992,57130099.16646143,440.9,3.183960263432877e-07,478.7,BID
1334,1712693133.793218,57131831.45909519,440.9,6.164758939093322e-08,478.7,BID
1335,1712693140.2232003,57132258.94378616,440.9,-1.5213018970574507e-08,478.7,ASK
1336,1712693141.0832062,57133498.69837886,440.9,-4.4119498395976567e-08,478.7,ASK
1337,1712693145.337064,57134229.41552446,440.8,-2.6004238357309363e-08,478.7,ASK
1338,1712693147.9632635,57134485.24546745,440.8,-9.104292757352873e-09,478.7,ASK
1339,1712693160.5631158,57134485.24546745,440.8,-0.0,478.7,ASK
1340,1712693166.9933765,57135228.67546745,440.8,-2.6444500276466802e-08,478.7,ASK
1341,1712693168.2829185,57135623.28374339,440.8,-1.4036585370864544e-08,478.7,ASK
1342,1712693168.3633704,57135943.67153169,440.8,-1.1396493222447121e-08,478.7,ASK
1343,1712693168.9028592,57136576.74952548,440.8,-2.2519176226078984e-08,478.7,ASK
1344,1712693168.9631293,57137050.92271806,440.8,-1.6866783856395307e-08,478.7,ASK
1345,1712693169.0628593,57138553.96230259,440.8,-5.3464523503929056e-08,478.7,ASK
1346,1712693169.1628735,57139675.63165666,440.8,-3.989882778999808e-08,478.7,ASK
1347,1712693169.2227037,57140473.40276981,440.8,-2.8377464485232163e-08,478.7,ASK
1348,1712693169.2629764,57141407.28388443,440.8,-3.3219024512981743e-08,478.7,ASK
1349,1712693169.2860155,57142333.66372394,440.8,-3.2952197143023594e-08,478.7,ASK
1350,1712693169.6030376,57142476.42766979,440.8,-5.078247051691281e-09,478.7,ASK
1351,1712693169.606691,57142591.01293876,440.8,-4.07590516507835e-09,478.7,ASK
1352,1712693169.7028542,57143356.10192073,440.8,-2.7214930518361853e-08,478.7,ASK
1353,1712693174.3831952,57143372.14461073,440.9,5.70653484764143e-10,478.7,BID
1354,1712693174.9829955,57144007.50211073,441.0,2.2600260393395814e-08,478.7,BID
1355,1712693176.0033257,57144153.70027006,440.6,-5.2004052362857495e-09,478.7,ASK
1356,1712693183.2576785,57145811.92075171,441.0,5.8984453123529574e-08,478.7,BID
1357,1712693183.2629676,57145823.39917206,441.0,4.0829814513688287e-10,478.7,BID
1358,1712693188.772994,57145823.39917229,441.0,8.215747683458226e-18,478.7,BID
1359,1712693189.1328323,57145915.09010176,441.0,-3.261532100916804e-09,478.7,ASK
1360,1712693189.5528364,57146050.15654191,441.0,4.804439575610635e-09,478.7,BID
1361,1712693190.5429244,57146050.15654191,441.0,0.0,478.7,BID
1362,1712693192.8673537,57147157.26770431,441.0,-3.93738388140302e-08,478.7,ASK
1363,1712693192.9656825,57147430.583013,441.0,-9.720318316025404e-09,478.7,ASK
1364,1712693192.9830887,57147725.21853815,441.0,-1.0478560843934305e-08,478.7,ASK
1365,1712693193.083436,57150450.23749405,441.0,-9.691389697676945e-08,478.7,ASK
1366,1712693193.102607,57151267.74318082,440.8,-2.9074169092924842e-08,478.7,ASK
1367,1712693193.182835,57151853.94478316,440.8,-2.084795835043343e-08,478.7,ASK
1368,1712693193.2626631,57152471.06850508,440.8,-2.1947687621971143e-08,478.7,ASK
1369,1712693193.3041227,57153089.40574955,440.8,-2.1990845927152386e-08,478.7,ASK
1370,1712693193.586156,57153397.53571962,440.8,-1.0958483833584578e-08,478.7,ASK
1371,1712693193.6288276,57156748.53571962,440.8,-1.1917659070439189e-07,478.7,ASK
1372,1712693208.5826342,57156861.96584666,440.8,-4.03408410138461e-09,478.7,ASK
1373,1712693218.842687,57159130.56838749,440.8,-8.068168202928209e-08,478.7,ASK
1374,1712693218.85242,57159806.17145452,440.8,-2.402747543943148e-08,478.7,ASK
1375,1712693218.8554811,57160277.92208586,440.8,-1.6777568458886162e-08,478.7,ASK
1376,1712693220.8823268,57160277.92208586,440.8,-0.0,478.7,ASK
1377,1712693223.032872,57160289.45793747,441.5,4.101751258623001e-10,478.7,BID
1378,1712693250.8723888,57160289.45793747,441.5,0.0,478.7,BID
1379,1712693262.7867231,57160575.22441052,440.8,-1.0160869067866648e-08,478.7,ASK
1380,1712693264.2419846,57160983.83203139,440.8,-1.4528676130349894e-08,478.7,ASK
1381,1712693267.1155052,57160995.37049292,441.5,4.102678511851307e-10,478.7,BID
1382,1712693274.672359,57161006.80877151,441.5,4.067056919137331e-10,478.7,BID
1383,1712693280.5415623,57161006.80877151,441.5,0.0,478.7,BID
1384,1712693294.1520116,57161018.37077559,441.1,-4.1110032047378784e-10,478.7,ASK
1385,1712693294.1567044,57161092.73309875,441.0,-2.644037719362679e-09,478.7,ASK
1386,1712693299.581841,57161104.29510283,441.1,-4.1110032047378784e-10,478.7,ASK
1387,1712693306.2719967,57161115.85710691,441.1,-4.1110032073870174e-10,478.7,ASK
1388,1712693306.351656,57161136.794897,441.0,-7.44467149458439e-10,478.7,ASK
1389,1712693308.5316525,57161443.0203459,440.8,-1.0888197181814105e-08,478.7,ASK
1390,1712693310.57181,57161443.0203459,440.8,-0.0,478.7,ASK
1391,1712693322.1824968,57161454.56403082,441.2,4.104461554234071e-10,478.7,BID
1392,1712693323.955275,57161909.01987144,440.8,-1.6158588340897668e-08,478.7,ASK
1393,1712693324.231624,57162249.68266309,440.8,-1.2112573590684564e-08,478.7,ASK
1394,1712693324.23638,57162279.87127855,440.8,-1.0733835196573812e-09,478.7,ASK
1395,1712693328.5813496,57162494.50643262,440.8,-7.631546980294562e-09,478.7,ASK
1396,1712693328.5940957,57162577.7479442,440.8,-2.959727212613735e-09,478.7,ASK
1397,1712693328.68168,57162589.28640573,441.4,4.1026043294654896e-10,478.7,BID
1398,1712693332.261856,57166589.80940946,441.4,1.4224221274559232e-07,478.7,BID
1399,1712693332.266713,57167118.05962673,441.4,1.8782414128643733e-08,478.7,BID
1400,1712693340.8612306,57167118.05962673,441.4,0.0,478.7,BID
1401,1712693341.6515026,57167433.85012632,440.8,-1.1227217060988412e-08,478.7,ASK
1402,1712693346.4315047,57167862.35012632,440.8,-1.5234348458470027e-08,478.7,ASK
1403,1712693348.0985565,57168341.65012632,440.8,-1.704042757575913e-08,478.7,ASK
1404,1712693360.351561,57168652.01874009,440.8,-1.1034454171908702e-08,478.7,ASK
1405,1712693370.861048,57168652.01874009,440.8,-0.0,478.7,ASK
1406,1712693371.7115512,57168693.82917956,440.8,-1.486439888796903e-09,478.7,ASK
1407,1712693371.714784,57169241.36107979,440.8,-1.9465790532415962e-08,478.7,ASK
1408,1712693371.720842,57169275.61874009,440.8,-1.2179243606535902e-09,478.7,ASK
1409,1712693372.6809978,57169502.22195785,441.3,8.056171282484169e-09,478.7,BID
1410,1712693373.921097,57169529.86992368,440.8,-9.82937270577256e-10,478.7,ASK
1411,1712693374.1609378,57169784.23952093,440.7,-9.043318381642024e-09,478.7,ASK
1412,1712693374.2411113,57170040.40871722,440.7,-9.107297517869152e-09,478.7,ASK
1413,1712693374.2609348,57170417.35680995,440.7,-1.3401214818005222e-08,478.7,ASK
1414,1712693374.9910047,57170702.31463114,440.7,-1.0130787367027818e-08,478.7,ASK
1415,1712693375.041288,57170984.94733681,440.7,-1.004812512992418e-08,478.7,ASK
1416,1712693375.1510105,57171875.47934307,440.7,-3.1660090469893925e-08,478.7,ASK
1417,1712693375.2501512,57174029.51977079,440.7,-7.658019513932209e-08,478.7,ASK
1418,1712693375.321185,57174468.04772902,440.7,-1.5590495045050753e-08,478.7,ASK
1419,1712693375.3410184,57175924.41165926,440.7,-5.177648132148343e-08,478.7,ASK
1420,1712693375.3610463,57177310.96331909,440.7,-4.9294523591099423e-08,478.7,ASK
1421,1712693375.3812065,57177606.43712534,440.7,-1.0504650446552453e-08,478.7,ASK
1422,1712693375.4211352,57177658.28327098,440.7,-1.8432281488456141e-09,478.7,ASK
1423,1712693375.4508307,57178326.92103871,440.7,-2.3771332270025443e-08,478.7,ASK
1424,1712693375.4711192,57179529.86992368,440.7,-4.27670990609794e-08,478.7,ASK
1425,1712693375.5110905,57179949.65827405,440.6,-1.4924266682517008e-08,478.7,ASK
1426,1712693375.5146327,57180278.00520572,440.6,-1.167335198418368e-08,478.7,ASK
1427,1712693376.24114,57181153.80520572,440.6,-3.113633989391624e-08,478.7,ASK
1428,1712693376.3314898,57189042.85469129,440.5,-2.804705711618188e-07,478.7,ASK
1429,1712693376.3364346,57189633.13886226,440.6,-2.098571429709181e-08,478.7,ASK
1430,1712693376.3412318,57189812.1027751,440.5,-6.362504246247373e-09,478.7,ASK
1431,1712693378.8246574,57190428.0027751,440.5,-2.1896405276220435e-08,478.7,ASK
1432,1712693382.234534,57193267.65052765,440.6,-1.0095482713240633e-07,478.7,ASK
1433,1712693382.290966,57193846.34773435,440.6,-2.0573775888880217e-08,478.7,ASK
1434,1712693382.3537865,57195695.54773435,440.6,-6.57425436539377e-08,478.7,ASK
1435,1712693382.3713503,57196032.40142084,440.6,-1.1975783143504257e-08,478.7,ASK
1436,1712693382.4908895,57196369.20168008,440.6,-1.1973883704145409e-08,478.7,ASK
1437,1712693388.4713712,57198138.57504822,440.6,-6.290455650829363e-08,478.7,ASK
1438,1712693388.5542707,57198696.33114126,440.6,-1.9829279847977496e-08,478.7,ASK
1439,1712693388.771516,57198952.47376371,440.6,-9.106352767644234e-09,478.7,ASK
1440,1712693390.380756,57199903.55495193,440.6,-3.38127279551598e-08,478.7,ASK
1441,1712693390.4006977,57200855.46409741,440.6,-3.3842163395697856e-08,478.7,ASK
1442,1712693390.5611036,57201122.52091487,440.6,-9.494372961132084e-09,478.7,ASK
1443,1712693392.1511414,57201707.79028671,440.6,-2.0807428740947057e-08,478.7,ASK
1444,1712693392.2509434,57202146.39778349,440.6,-1.5593322790219257e-08,478.7,ASK
1445,1712693395.021072,57202593.70012186,440.6,-1.5902440788826273e-08,478.7,ASK
1446,1712693395.1409078,57202927.80620718,440.6,-1.1878100745914362e-08,478.7,ASK
1447,1712693400.6006768,57202927.80620718,440.6,-0.0,478.7,ASK
1448,1712693401.0810206,57203166.33738646,440.6,-8.493349661184997e-09,478.7,ASK
1449,1712693406.1314762,57203570.03455344,440.6,-1.4374394185061049e-08,478.7,ASK
1450,1712693406.9820917,57203836.12962181,440.6,-9.474813588888038e-09,478.7,ASK
1451,1712693409.751036,57204743.57063814,440.8,3.231113798999527e-08,478.7,BID
1452,1712693411.52076,57204766.23503714,440.8,8.070084008832459e-10,478.7,BID
1453,1712693412.2408595,57205075.77839833,440.6,-1.1021871479465706e-08,478.7,ASK
1454,1712693412.7607148,57205477.13363484,440.6,-1.4291005361963432e-08,478.7,ASK
1455,1712693415.2507474,57205773.73515462,440.6,-1.056105296225911e-08,478.7,ASK
