,time,acc_trade_volume,trade_price,dev,high,ask_bid
0,1712689619.1809835,4774720.35034364,908.3,0.0,937.7,ASK
1,1712689620.1358843,4774720.35034364,908.3,-0.0,937.7,ASK
2,1712689648.71489,4775103.34028864,907.3,-7.398570422128157e-08,937.7,ASK
3,1712689650.1360655,4775103.34028864,907.3,-0.0,937.7,ASK
4,1712689680.166084,4775103.34028864,907.3,-0.0,937.7,ASK
5,1712689710.1360984,4775103.34028864,907.3,-0.0,937.7,ASK
6,1712689740.1961205,4775103.34028864,907.3,-0.0,937.7,ASK
7,1712689770.1951022,4775103.34028864,907.3,-0.0,937.7,ASK
8,1712689800.1473627,4775103.34028864,907.3,-0.0,937.7,ASK
9,1712689830.145095,4775103.34028864,907.3,-0.0,937.7,ASK
10,1712689860.197425,4775103.34028864,907.3,-0.0,937.7,ASK
11,1712689890.2061503,4775103.34028864,907.3,-0.0,937.7,ASK
12,1712689920.1362948,4775103.34028864,907.3,-0.0,937.7,ASK
13,1712689950.139251,4775103.34028864,907.3,-0.0,937.7,ASK
14,1712689980.196519,4775103.34028864,907.3,-0.0,937.7,ASK
15,1712690010.2050502,4775103.34028864,907.3,-0.0,937.7,ASK
16,1712690027.3650331,4775387.68324049,907.3,-5.4961415439490094e-08,937.7,ASK
17,1712690040.125946,4775387.68324049,907.3,-0.0,937.7,ASK
18,1712690070.136357,4775387.68324049,907.3,-0.0,937.7,ASK
19,1712690100.1664877,4775387.68324049,907.3,-0.0,937.7,ASK
20,1712690111.6657343,4775394.68380942,907.3,-1.35352335852306e-09,937.7,ASK
21,1712690130.1275563,4775394.68380942,907.3,-0.0,937.7,ASK
22,1712690160.195057,4775394.68380942,907.3,-0.0,937.7,ASK
23,1712690190.2452204,4775394.68380942,907.3,-0.0,937.7,ASK
24,1712690220.13617,4775394.68380942,907.3,-0.0,937.7,ASK
25,1712690244.8365328,4775504.5618448,910.1,2.1244316900815496e-08,937.7,BID
26,1712690250.136534,4775504.5618448,910.1,0.0,937.7,BID
27,1712690280.2051358,4775504.5618448,910.1,0.0,937.7,BID
28,1712690310.2066138,4775504.5618448,910.1,0.0,937.7,BID
29,1712690328.85912,4775943.2830268,909.9,-8.482269990792855e-08,937.7,ASK
30,1712690328.8772614,4775943.28302712,909.9,-6.194154895136337e-17,937.7,ASK
31,1712690340.136606,4775943.28302712,909.9,-0.0,937.7,ASK
32,1712690342.8252666,4775998.22204481,910.1,1.0621133339830436e-08,937.7,BID
33,1712690370.136805,4775998.22204481,910.1,0.0,937.7,BID
34,1712690395.3351915,4776007.53574239,910.1,1.800561274050442e-09,937.7,BID
35,1712690395.3366528,4776009.66364463,910.1,4.1137457343700047e-10,937.7,BID
36,1712690400.1558845,4776009.66364463,910.1,0.0,937.7,BID
37,1712690430.1377616,4776009.66364463,910.1,0.0,937.7,BID
38,1712690460.1975696,4776009.66364463,910.1,0.0,937.7,BID
39,1712690490.205226,4776009.66364463,910.1,0.0,937.7,BID
40,1712690520.1351993,4776009.66364463,910.1,0.0,937.7,BID
41,1712690550.1463993,4776009.66364463,910.1,0.0,937.7,BID
42,1712690580.197025,4776009.66364463,910.1,0.0,937.7,BID
43,1712690610.196492,4776009.66364463,910.1,0.0,937.7,BID
44,1712690640.127091,4776009.66364463,910.1,0.0,937.7,BID
45,1712690670.127048,4776009.66364463,910.1,0.0,937.7,BID
46,1712690672.504985,4776678.06529298,910.0,1.2939306095282906e-07,937.7,BID
47,1712690700.1962607,4776678.06529298,910.0,0.0,937.7,BID
48,1712690730.2062871,4776678.06529298,910.0,0.0,937.7,BID
49,1712690760.1256623,4776678.06529298,910.0,0.0,937.7,BID
50,1712690784.5750406,4776721.01034792,910.0,8.317545231076457e-09,937.7,BID
51,1712690790.1367364,4776721.01034792,910.0,0.0,937.7,BID
52,1712690820.216375,4776721.01034792,910.0,0.0,937.7,BID
53,1712690850.216517,4776721.01034792,910.0,0.0,937.7,BID
54,1712690857.0452418,4777030.29464762,908.9,-5.990134800630308e-08,937.7,ASK
55,1712690869.2849665,4777071.34551364,908.2,-7.950620881176054e-09,937.7,ASK
56,1712690869.2869403,4777079.05221847,908.3,-1.492613781041848e-09,937.7,ASK
57,1712690880.1593883,4777079.05221847,908.3,-0.0,937.7,ASK
58,1712690892.4249914,4777089.68825335,908.2,-2.059828702950356e-09,937.7,ASK
59,1712690910.1349916,4777089.68825335,908.2,-0.0,937.7,ASK
60,1712690940.196468,4777089.68825335,908.2,-0.0,937.7,ASK
61,1712690970.196228,4777089.68825335,908.2,-0.0,937.7,ASK
62,1712691000.1646695,4777089.68825335,908.2,-0.0,937.7,ASK
63,1712691030.1345465,4777089.68825335,908.2,-0.0,937.7,ASK
64,1712691041.9747534,4777128.74989492,910.1,7.565011381824786e-09,937.7,BID
65,1712691060.1958363,4777128.74989492,910.1,0.0,937.7,BID
66,1712691090.187204,4777128.74989492,910.1,0.0,937.7,BID
67,1712691120.146014,4777128.74989492,910.1,0.0,937.7,BID
68,1712691150.136068,4777128.74989492,910.1,0.0,937.7,BID
69,1712691180.1876795,4777128.74989492,910.1,0.0,937.7,BID
70,1712691210.1966624,4777128.74989492,910.1,0.0,937.7,BID
71,1712691240.1348262,4777128.74989492,910.1,0.0,937.7,BID
72,1712691270.1360722,4777128.74989492,910.1,0.0,937.7,BID
73,1712691300.2062466,4777128.74989492,910.1,0.0,937.7,BID
74,1712691330.1999216,4777128.74989492,910.1,0.0,937.7,BID
75,1712691333.195012,4777218.87229186,908.5,-1.7456457891839932e-08,937.7,ASK
76,1712691360.1561267,4777218.87229186,908.5,-0.0,937.7,ASK
77,1712691387.4444296,4777257.36256765,910.1,7.455341243688051e-09,937.7,BID
78,1712691390.135271,4777257.36256765,910.1,0.0,937.7,BID
79,1712691420.197406,4777257.36256765,910.1,0.0,937.7,BID
80,1712691450.2045405,4777257.36256765,910.1,0.0,937.7,BID
81,1712691480.136166,4777257.36256765,910.1,0.0,937.7,BID
82,1712691510.13598,4777257.36256765,910.1,0.0,937.7,BID
83,1712691540.1945524,4777257.36256765,910.1,0.0,937.7,BID
84,1712691570.1945996,4777257.36256765,910.1,0.0,937.7,BID
85,1712691600.1479788,4777257.36256765,910.1,0.0,937.7,BID
86,1712691630.1353292,4777257.36256765,910.1,0.0,937.7,BID
87,1712691660.196018,4777257.36256765,910.1,0.0,937.7,BID
88,1712691660.6470058,4777268.35037118,910.1,2.128493623485213e-09,937.7,BID
89,1712691660.7255957,4777279.33817471,910.1,2.128493623485213e-09,937.7,BID
90,1712691683.544669,4777379.33817471,907.4,-1.93714204816628e-08,937.7,ASK
91,1712691683.546558,4777980.16935472,908.2,-1.1638953426467165e-07,937.7,ASK
92,1712691683.5483718,4778184.9675998,907.4,-3.967232919347732e-08,937.7,ASK
93,1712691690.206024,4778184.9675998,907.4,-0.0,937.7,ASK
94,1712691716.9368868,4778220.93068078,910.1,6.965423187270346e-09,937.7,BID
95,1712691720.1378095,4778220.93068078,910.1,0.0,937.7,BID
96,1712691745.074461,4778552.60749702,910.1,6.423962236633957e-08,937.7,BID
97,1712691750.129805,4778552.60749702,910.1,0.0,937.7,BID
98,1712691780.1958964,4778552.60749702,910.1,0.0,937.7,BID
99,1712691801.364273,4778695.28205915,910.1,2.7631790125508867e-08,937.7,BID
100,1712691801.3661172,4778778.18798268,910.1,1.6056394671573124e-08,937.7,BID
101,1712691810.2260242,4778778.18798268,910.1,0.0,937.7,BID
102,1712691811.6944358,4778981.19919023,910.1,3.931562827721164e-08,937.7,BID
103,1712691823.4744802,4779122.23750196,910.1,2.7313811408498323e-08,937.7,BID
104,1712691823.476739,4779163.89911331,910.1,8.068285711947881e-09,937.7,BID
105,1712691840.1282954,4779163.89911331,910.1,0.0,937.7,BID
106,1712691870.1299891,4779163.89911331,910.1,0.0,937.7,BID
107,1712691900.146174,4779163.89911331,910.1,0.0,937.7,BID
108,1712691930.1349435,4779163.89911331,910.1,0.0,937.7,BID
109,1712691960.1945205,4779163.89911331,910.1,0.0,937.7,BID
110,1712691990.199651,4779163.89911331,910.1,0.0,937.7,BID
111,1712692020.1342008,4779163.89911331,910.1,0.0,937.7,BID
112,1712692033.5143268,4779218.838131,907.5,-1.0639518305067398e-08,937.7,ASK
113,1712692046.4347048,4779254.70232174,910.1,6.945477547820288e-09,937.7,BID
114,1712692050.1259484,4779254.70232174,910.1,0.0,937.7,BID
115,1712692080.1942804,4779254.70232174,910.1,0.0,937.7,BID
116,1712692110.1969817,4779254.70232174,910.1,0.0,937.7,BID
117,1712692140.1364636,4779254.70232174,910.1,0.0,937.7,BID
118,1712692147.544443,4779506.07940162,907.5,-4.868103629200295e-08,937.7,ASK
119,1712692147.5466328,4779676.91889632,907.5,-3.308433547560975e-08,937.7,ASK
120,1712692147.66436,4780078.66913634,907.5,7.780191425589796e-08,937.7,BID
121,1712692147.6847675,4780876.87171829,907.5,1.5457785124590977e-07,937.7,BID
122,1712692170.134266,4780876.87171829,907.5,0.0,937.7,BID
123,1712692200.156086,4780876.87171829,907.5,0.0,937.7,BID
124,1712692230.1352663,4780876.87171829,907.5,0.0,937.7,BID
125,1712692260.1960022,4780876.87171829,907.5,0.0,937.7,BID
126,1712692260.6868622,4780887.85952182,907.4,-2.128052444973086e-09,937.7,ASK
127,1712692260.844262,4780898.84732535,907.4,-2.128052444973086e-09,937.7,ASK
128,1712692290.196372,4780898.84732535,907.4,-0.0,937.7,ASK
129,1712692320.1356316,4780898.84732535,907.4,-0.0,937.7,ASK
130,1712692350.13424,4780898.84732535,907.4,-0.0,937.7,ASK
131,1712692380.1954875,4780898.84732535,907.4,-0.0,937.7,ASK
132,1712692410.195834,4780898.84732535,907.4,-0.0,937.7,ASK
133,1712692440.125663,4780898.84732535,907.4,-0.0,937.7,ASK
134,1712692470.1363585,4780898.84732535,907.4,-0.0,937.7,ASK
135,1712692500.1942904,4780898.84732535,907.4,-0.0,937.7,ASK
136,1712692530.2045004,4780898.84732535,907.4,-0.0,937.7,ASK
137,1712692560.1387436,4780898.84732535,907.4,-0.0,937.7,ASK
138,1712692590.1290777,4780898.84732535,907.4,-0.0,937.7,ASK
139,1712692620.1965044,4780898.84732535,907.4,-0.0,937.7,ASK
140,1712692650.197675,4780898.84732535,907.4,-0.0,937.7,ASK
141,1712692680.1682563,4780898.84732535,907.4,-0.0,937.7,ASK
142,1712692710.1283605,4780898.84732535,907.4,-0.0,937.7,ASK
143,1712692740.1923127,4780898.84732535,907.4,-0.0,937.7,ASK
144,1712692770.1916254,4780898.84732535,907.4,-0.0,937.7,ASK
145,1712692800.1745954,4780898.84732535,907.4,-0.0,937.7,ASK
146,1712692830.133429,4780898.84732535,907.4,-0.0,937.7,ASK
147,1712692860.1921337,4780898.84732535,907.4,-0.0,937.7,ASK
148,1712692890.1915386,4780898.84732535,907.4,-0.0,937.7,ASK
149,1712692920.1313248,4780898.84732535,907.4,-0.0,937.7,ASK
150,1712692950.1302323,4780898.84732535,907.4,-0.0,937.7,ASK
151,1712692980.201583,4780898.84732535,907.4,-0.0,937.7,ASK
152,1712693010.194508,4780898.84732535,907.4,-0.0,937.7,ASK
153,1712693040.1184237,4780898.84732535,907.4,-0.0,937.7,ASK
154,1712693070.1351771,4780898.84732535,907.4,-0.0,937.7,ASK
155,1712693100.1889143,4780898.84732535,907.4,-0.0,937.7,ASK
156,1712693130.2083309,4780898.84732535,907.4,-0.0,937.7,ASK
157,1712693160.129912,4780898.84732535,907.4,-0.0,937.7,ASK
158,1712693190.1272025,4780898.84732535,907.4,-0.0,937.7,ASK
159,1712693220.2074313,4780898.84732535,907.4,-0.0,937.7,ASK
160,1712693250.1851296,4780898.84732535,907.4,-0.0,937.7,ASK
161,1712693280.1289632,4780898.84732535,907.4,-0.0,937.7,ASK
162,1712693310.1265008,4780898.84732535,907.4,-0.0,937.7,ASK
163,1712693340.1866262,4780898.84732535,907.4,-0.0,937.7,ASK
164,1712693370.1840725,4780898.84732535,907.4,-0.0,937.7,ASK
165,1712693400.1468024,4780898.84732535,907.4,-0.0,937.7,ASK
166,1712693430.1249006,4780898.84732535,907.4,-0.0,937.7,ASK
167,1712693460.1874363,4780898.84732535,907.4,-0.0,937.7,ASK
168,1712693490.1861377,4780898.84732535,907.4,-0.0,937.7,ASK
169,1712693520.1230865,4780898.84732535,907.4,-0.0,937.7,ASK
170,1712693550.1242294,4780898.84732535,907.4,-0.0,937.7,ASK
171,1712693580.1853924,4780898.84732535,907.4,-0.0,937.7,ASK
172,1712693610.185036,4780898.84732535,907.4,-0.0,937.7,ASK
173,1712693638.2822597,4780914.62675316,907.5,-3.061833729051035e-09,937.7,ASK
174,1712693640.1367233,4780914.62675316,907.5,-0.0,937.7,ASK
175,1712693670.1173863,4780914.62675316,907.5,-0.0,937.7,ASK
176,1712693700.141953,4780914.62675316,907.5,-0.0,937.7,ASK
177,1712693730.125574,4780914.62675316,907.5,-0.0,937.7,ASK
178,1712693754.251402,4780920.31303299,907.5,-1.1033946408520883e-09,937.7,ASK
179,1712693755.5514,4780929.07728079,907.5,-1.700659190377827e-09,937.7,ASK
180,1712693760.1833143,4780929.07728079,907.5,-0.0,937.7,ASK
181,1712693790.1834905,4780929.07728079,907.5,-0.0,937.7,ASK
182,1712693820.122916,4780929.07728079,907.5,-0.0,937.7,ASK
183,1712693850.123152,4780929.07728079,907.5,-0.0,937.7,ASK
184,1712693852.4108293,4781029.07728079,907.9,-1.9404458907411388e-08,937.7,ASK
185,1712693880.180863,4781029.07728079,907.9,-0.0,937.7,ASK
186,1712693910.1829484,4781029.07728079,907.9,-0.0,937.7,ASK
187,1712693940.125372,4781029.07728079,907.9,-0.0,937.7,ASK
188,1712693970.1364472,4781029.07728079,907.9,-0.0,937.7,ASK
189,1712694000.1515858,4781029.07728079,907.9,-0.0,937.7,ASK
190,1712694030.1161785,4781029.07728079,907.9,-0.0,937.7,ASK
191,1712694060.1825411,4781029.07728079,907.9,-0.0,937.7,ASK
192,1712694081.6999514,4781034.57118255,910.1,1.0660642034312422e-09,937.7,BID
193,1712694090.184138,4781034.57118255,910.1,0.0,937.7,BID
194,1712694120.1243188,4781034.57118255,910.1,0.0,937.7,BID
195,1712694150.1376462,4781034.57118255,910.1,0.0,937.7,BID
196,1712694180.1814198,4781034.57118255,910.1,0.0,937.7,BID
197,1712694210.1892383,4781034.57118255,910.1,0.0,937.7,BID
198,1712694240.1201715,4781034.57118255,910.1,0.0,937.7,BID
199,1712694270.1244838,4781034.57118255,910.1,0.0,937.7,BID
200,1712694300.1816175,4781034.57118255,910.1,0.0,937.7,BID
201,1712694330.1697366,4781034.57118255,910.1,0.0,937.7,BID
202,1712694360.1236691,4781034.57118255,910.1,0.0,937.7,BID
203,1712694390.120113,4781034.57118255,910.1,0.0,937.7,BID
204,1712694420.1983025,4781034.57118255,910.1,0.0,937.7,BID
205,1712694450.191142,4781034.57118255,910.1,0.0,937.7,BID
206,1712694480.1134095,4781034.57118255,910.1,0.0,937.7,BID
207,1712694510.1098864,4781034.57118255,910.1,0.0,937.7,BID
208,1712694540.137578,4781034.57118255,910.1,0.0,937.7,BID
209,1712694570.1194704,4781034.57118255,910.1,0.0,937.7,BID
210,1712694600.2810826,4781034.57118255,910.1,0.0,937.7,BID
211,1712694630.177311,4781034.57118255,910.1,0.0,937.7,BID
212,1712694660.1187584,4781034.57118255,910.1,0.0,937.7,BID
213,1712694661.807368,4781085.03490794,910.1,9.814356210990622e-09,937.7,BID
214,1712694690.1186934,4781085.03490794,910.1,0.0,937.7,BID
215,1712694720.1774924,4781085.03490794,910.1,0.0,937.7,BID
216,1712694750.1703696,4781085.03490794,910.1,0.0,937.7,BID
217,1712694780.1407342,4781085.03490794,910.1,0.0,937.7,BID
218,1712694810.114362,4781085.03490794,910.1,0.0,937.7,BID
219,1712694840.192935,4781085.03490794,910.1,0.0,937.7,BID
220,1712694870.1756816,4781085.03490794,910.1,0.0,937.7,BID
221,1712694874.6388347,4781117.99831855,910.1,6.410778465868069e-09,937.7,BID
222,1712694900.125378,4781117.99831855,910.1,0.0,937.7,BID
223,1712694930.1221654,4781117.99831855,910.1,0.0,937.7,BID
224,1712694941.21956,4781199.17036116,910.1,1.5786703752804174e-08,937.7,BID
225,1712694941.222979,4781471.89125451,910.1,5.303998534554152e-08,937.7,BID
226,1712694960.181984,4781471.89125451,910.1,0.0,937.7,BID
227,1712694972.489653,4786877.88109124,908.4,-1.0513153523586062e-06,937.7,ASK
228,1712694990.172032,4786877.88109124,908.4,-0.0,937.7,ASK
229,1712695020.111595,4786877.88109124,908.4,-0.0,937.7,ASK
230,1712695050.1218553,4786877.88109124,908.4,-0.0,937.7,ASK
231,1712695080.1919098,4786877.88109124,908.4,-0.0,937.7,ASK
232,1712695110.1830297,4786877.88109124,908.4,-0.0,937.7,ASK
233,1712695140.120397,4786877.88109124,908.4,-0.0,937.7,ASK
234,1712695170.1138382,4786877.88109124,908.4,-0.0,937.7,ASK
235,1712695200.1505558,4786877.88109124,908.4,-0.0,937.7,ASK
236,1712695230.120435,4786877.88109124,908.4,-0.0,937.7,ASK
237,1712695260.180553,4786877.88109124,908.4,-0.0,937.7,ASK
238,1712695290.1745226,4786877.88109124,908.4,-0.0,937.7,ASK
239,1712695320.118539,4786877.88109124,908.4,-0.0,937.7,ASK
240,1712695350.1241674,4786877.88109124,908.4,-0.0,937.7,ASK
241,1712695369.320779,4786988.88109124,909.8,2.1569704719563527e-08,937.7,BID
242,1712695380.1836014,4786988.88109124,909.8,0.0,937.7,BID
243,1712695410.184022,4786988.88109124,909.8,0.0,937.7,BID
244,1712695440.1210673,4786988.88109124,909.8,0.0,937.7,BID
245,1712695446.3210893,4787324.16695486,909.8,6.515202843031932e-08,937.7,BID
246,1712695470.1227882,4787324.16695486,909.8,0.0,937.7,BID
247,1712695500.1413698,4787324.16695486,909.8,0.0,937.7,BID
248,1712695507.3519394,4788088.02375995,909.8,-1.486739951364046e-07,937.7,ASK
249,1712695508.7209487,4788188.85494037,910.9,1.9625372618842723e-08,937.7,BID
250,1712695508.72323,4788197.8052947,910.1,1.7420607204080687e-09,937.7,BID
251,1712695509.180916,4788206.7555947,910.9,1.742050145726913e-09,937.7,BID
252,1712695510.6032264,4788329.59234955,910.9,2.3908448509546e-08,937.7,BID
253,1712695530.1255054,4788329.59234955,910.9,0.0,937.7,BID
254,1712695560.1827674,4788329.59234955,910.9,0.0,937.7,BID
255,1712695590.1779237,4788329.59234955,910.9,0.0,937.7,BID
256,1712695620.120833,4788329.59234955,910.9,0.0,937.7,BID
257,1712695650.123829,4788329.59234955,910.9,0.0,937.7,BID
258,1712695680.213133,4788329.59234955,910.9,0.0,937.7,BID
259,1712695710.172496,4788329.59234955,910.9,0.0,937.7,BID
260,1712695740.1126978,4788329.59234955,910.9,0.0,937.7,BID
261,1712695770.1175528,4788329.59234955,910.9,0.0,937.7,BID
262,1712695791.0812418,4789428.73501826,910.9,2.138945851508959e-07,937.7,BID
263,1712695800.1674073,4789428.73501826,910.9,0.0,937.7,BID
264,1712695830.1165376,4789428.73501826,910.9,0.0,937.7,BID
265,1712695860.18501,4789428.73501826,910.9,0.0,937.7,BID
266,1712695890.1906514,4789428.73501826,910.9,0.0,937.7,BID
267,1712695920.1146884,4789428.73501826,910.9,0.0,937.7,BID
268,1712695950.1208167,4789428.73501826,910.9,0.0,937.7,BID
269,1712695980.190929,4789428.73501826,910.9,0.0,937.7,BID
270,1712696010.1842475,4789428.73501826,910.9,0.0,937.7,BID
271,1712696040.162294,4789428.73501826,910.9,0.0,937.7,BID
272,1712696070.1220624,4789428.73501826,910.9,0.0,937.7,BID
273,1712696100.1925604,4789428.73501826,910.9,0.0,937.7,BID
274,1712696130.196843,4789428.73501826,910.9,0.0,937.7,BID
275,1712696160.1145887,4789428.73501826,910.9,0.0,937.7,BID
276,1712696190.1205554,4789428.73501826,910.9,0.0,937.7,BID
277,1712696220.1822643,4789428.73501826,910.9,0.0,937.7,BID
278,1712696250.1848905,4789428.73501826,910.9,0.0,937.7,BID
279,1712696280.1205883,4789428.73501826,910.9,0.0,937.7,BID
280,1712696310.1238966,4789428.73501826,910.9,0.0,937.7,BID
281,1712696340.192342,4789428.73501826,910.9,0.0,937.7,BID
282,1712696370.192398,4789428.73501826,910.9,0.0,937.7,BID
283,1712696400.2003417,4789428.73501826,910.9,0.0,937.7,BID
284,1712696430.1259546,4789428.73501826,910.9,0.0,937.7,BID
285,1712696460.1804883,4789428.73501826,910.9,0.0,937.7,BID
286,1712696490.1802504,4789428.73501826,910.9,0.0,937.7,BID
287,1712696520.1314433,4789428.73501826,910.9,0.0,937.7,BID
288,1712696550.1263275,4789428.73501826,910.9,0.0,937.7,BID
289,1712696580.1803963,4789428.73501826,910.9,0.0,937.7,BID
290,1712696606.144243,4789523.06833242,909.9,-1.844294097936393e-08,937.7,ASK
291,1712696610.1801412,4789523.06833242,909.9,-0.0,937.7,ASK
292,1712696640.116723,4789523.06833242,909.9,-0.0,937.7,ASK
293,1712696670.1121862,4789523.06833242,909.9,-0.0,937.7,ASK
294,1712696689.3300383,4789663.4187401,909.9,-2.7439201847985263e-08,937.7,ASK
295,1712696700.180919,4789663.4187401,909.9,-0.0,937.7,ASK
296,1712696730.1911588,4789663.4187401,909.9,-0.0,937.7,ASK
297,1712696760.1223354,4789663.4187401,909.9,-0.0,937.7,ASK
298,1712696790.1286142,4789663.4187401,909.9,-0.0,937.7,ASK
299,1712696820.1877208,4789663.4187401,909.9,-0.0,937.7,ASK
300,1712696824.9614117,4789883.11326694,909.9,-4.3067383225202586e-08,937.7,ASK
301,1712696824.9629595,4791411.3743741,909.9,-2.995896516719168e-07,937.7,ASK
302,1712696835.3627992,4791411.3743742,909.9,-1.9534988276886008e-17,937.7,ASK
303,1712696835.3730352,4795345.06921066,909.8,-7.71134108116431e-07,937.7,ASK
304,1712696835.3756993,4795495.0692101,909.8,-2.940495401771777e-08,937.7,ASK
305,1712696835.44279,4795495.06921066,909.8,-1.0972456032157468e-16,937.7,ASK
306,1712696850.1818898,4795495.06921066,909.8,-0.0,937.7,ASK
307,1712696880.1235883,4795495.06921066,909.8,-0.0,937.7,ASK
308,1712696910.13114,4795495.06921066,909.8,-0.0,937.7,ASK
309,1712696940.1870666,4795495.06921066,909.8,-0.0,937.7,ASK
310,1712696970.1872478,4795495.06921066,909.8,-0.0,937.7,ASK
311,1712696973.1190195,4795604.8507454,910.9,2.14984457845546e-08,937.7,BID
312,1712697000.1570013,4795604.8507454,910.9,0.0,937.7,BID
313,1712697030.1304164,4795604.8507454,910.9,0.0,937.7,BID
314,1712697060.207126,4795604.8507454,910.9,0.0,937.7,BID
315,1712697090.197621,4795604.8507454,910.9,0.0,937.7,BID
316,1712697120.1391408,4795604.8507454,910.9,0.0,937.7,BID
317,1712697150.1353858,4795604.8507454,910.9,0.0,937.7,BID
318,1712697180.2099922,4795604.8507454,910.9,0.0,937.7,BID
319,1712697210.199234,4795604.8507454,910.9,0.0,937.7,BID
320,1712697240.1319444,4795604.8507454,910.9,0.0,937.7,BID
321,1712697270.1315763,4795604.8507454,910.9,0.0,937.7,BID
322,1712697300.161308,4795604.8507454,910.9,0.0,937.7,BID
323,1712697330.1307693,4795604.8507454,910.9,0.0,937.7,BID
324,1712697338.4709785,4795704.8507454,910.9,1.9688805971548573e-08,937.7,BID
325,1712697360.2043436,4795704.8507454,910.9,0.0,937.7,BID
326,1712697390.1931655,4795704.8507454,910.9,0.0,937.7,BID
327,1712697420.132298,4795704.8507454,910.9,0.0,937.7,BID
328,1712697450.1380415,4795704.8507454,910.9,0.0,937.7,BID
329,1712697480.2055984,4795704.8507454,910.9,0.0,937.7,BID
330,1712697510.2106185,4795704.8507454,910.9,0.0,937.7,BID
331,1712697540.1445973,4795704.8507454,910.9,0.0,937.7,BID
332,1712697570.124771,4795704.8507454,910.9,0.0,937.7,BID
333,1712697600.1627965,4795704.8507454,910.9,0.0,937.7,BID
334,1712697630.1310277,4795704.8507454,910.9,0.0,937.7,BID
335,1712697660.1681192,4795704.8507454,910.9,0.0,937.7,BID
336,1712697690.1311157,4795704.8507454,910.9,0.0,937.7,BID
337,1712697720.19642,4795704.8507454,910.9,0.0,937.7,BID
338,1712697750.198116,4795704.8507454,910.9,0.0,937.7,BID
339,1712697759.0841837,4795715.82889887,910.9,2.166507850837425e-09,937.7,BID
340,1712697780.137638,4795715.82889887,910.9,0.0,937.7,BID
341,1712697810.1404562,4795715.82889887,910.9,0.0,937.7,BID
342,1712697840.1983504,4795715.82889887,910.9,0.0,937.7,BID
343,1712697870.1943986,4795715.82889887,910.9,0.0,937.7,BID
344,1712697898.924574,4795815.82889887,908.5,-1.973468107573051e-08,937.7,ASK
345,1712697899.0849242,4795836.90639776,908.4,-4.1595771845890335e-09,937.7,ASK
346,1712697899.0930135,4798977.62891187,908.4,-6.198115716332118e-07,937.7,ASK
347,1712697900.141906,4798977.62891187,908.4,-0.0,937.7,ASK
348,1712697900.4144185,4798977.6289124,908.4,-1.0493232389056291e-16,937.7,ASK
349,1712697900.42039,4798988.55369213,908.0,-2.1594691028340563e-09,937.7,ASK
350,1712697900.423469,4799489.54531987,907.9,-9.902954271194909e-08,937.7,ASK
351,1712697923.7750442,4799489.54532116,907.9,-2.54967137874438e-16,937.7,ASK
352,1712697923.7784655,4803160.02019887,907.6,-7.255319820717418e-07,937.7,ASK
353,1712697930.132097,4803160.02019887,907.6,-0.0,937.7,ASK
354,1712697960.1946976,4803160.02019887,907.6,-0.0,937.7,ASK
355,1712697990.1997836,4803160.02019887,907.6,-0.0,937.7,ASK
356,1712698020.1594656,4803160.02019887,907.6,-0.0,937.7,ASK
357,1712698050.1352346,4803160.02019887,907.6,-0.0,937.7,ASK
358,1712698073.375343,4803360.02019887,907.7,-3.9503770078821445e-08,937.7,ASK
359,1712698073.4788618,4803860.02019887,907.6,-9.875942519705361e-08,937.7,ASK
360,1712698073.480893,4807860.02019996,907.6,-7.900754017916548e-07,937.7,ASK
361,1712698073.482848,4808063.46338131,907.5,-4.0183863300751314e-08,937.7,ASK
362,1712698073.4848187,4808133.23342587,907.5,-1.3780898993360369e-08,937.7,ASK
363,1712698073.542591,4808133.23342651,907.5,-1.2656018982748107e-16,937.7,ASK
364,1712698073.545465,4808188.35414087,907.1,-1.0887380133272714e-08,937.7,ASK
365,1712698073.547078,4808616.1919525,907.3,-8.450603270814756e-08,937.7,ASK
366,1712698073.5486715,4808699.82894453,907.4,-1.6519882516340188e-08,937.7,ASK
367,1712698073.5502713,4809686.65266848,907.1,-1.949162874961355e-07,937.7,ASK
368,1712698073.551883,4809736.65266848,907.4,-9.87594251970536e-09,937.7,ASK
369,1712698073.5534945,4810344.21020599,907.1,-1.2000406635726168e-07,937.7,ASK
370,1712698073.555129,4810454.43948288,907.2,-2.177236005107372e-08,937.7,ASK
371,1712698073.6151917,4810465.4648412,907.0,-2.177716100591745e-09,937.7,ASK
372,1712698080.2001133,4810465.4648412,907.0,-0.0,937.7,ASK
373,1712698083.6754203,4811679.4588812,906.1,-2.3947313427969377e-07,937.7,ASK
374,1712698110.1953063,4811679.4588812,906.1,-0.0,937.7,ASK
375,1712698140.137189,4811679.4588812,906.1,-0.0,937.7,ASK
376,1712698170.1355653,4811679.4588812,906.1,-0.0,937.7,ASK
377,1712698191.075731,4811679.45888159,906.1,-7.677546045341168e-17,937.7,ASK
378,1712698200.1905563,4811679.45888159,906.1,-0.0,937.7,ASK
379,1712698230.1345954,4811679.45888159,906.1,-0.0,937.7,ASK
380,1712698230.655784,4812010.54816533,906.1,6.542188924098911e-08,937.7,BID
381,1712698231.8757968,4812178.54838605,906.1,3.319615696494298e-08,937.7,BID
382,1712698245.2867508,4813074.76410426,906.1,1.770885629109282e-07,937.7,BID
383,1712698260.1979814,4813074.76410426,906.1,0.0,937.7,BID
384,1712698290.1986573,4813074.76410426,906.1,0.0,937.7,BID
385,1712698320.137518,4813074.76410426,906.1,0.0,937.7,BID
386,1712698350.139242,4813074.76410426,906.1,0.0,937.7,BID
387,1712698353.586242,4813107.81467163,907.7,6.529025961589112e-09,937.7,BID
388,1712698354.459731,4813517.5547872,908.0,8.094275121268118e-08,937.7,BID
389,1712698354.4630947,4814209.13617163,907.7,1.3661952495267742e-07,937.7,BID
390,1712698380.1546595,4814209.13617163,907.7,0.0,937.7,BID
391,1712698410.1408484,4814209.13617163,907.7,0.0,937.7,BID
392,1712698440.1984882,4814209.13617163,907.7,0.0,937.7,BID
393,1712698470.20658,4814209.13617163,907.7,0.0,937.7,BID
394,1712698500.156568,4814209.13617163,907.7,0.0,937.7,BID
395,1712698530.1386838,4814209.13617163,907.7,0.0,937.7,BID
396,1712698560.198975,4814209.13617163,907.7,0.0,937.7,BID
397,1712698590.2009473,4814209.13617163,907.7,0.0,937.7,BID
398,1712698620.1393838,4814209.13617163,907.7,0.0,937.7,BID
399,1712698627.696709,4814603.11901914,907.7,-7.807005736495868e-08,937.7,ASK
400,1712698650.1554446,4814603.11901914,907.7,-0.0,937.7,ASK
401,1712698680.1993194,4814603.11901914,907.7,-0.0,937.7,ASK
402,1712698710.1926875,4814603.11901914,907.7,-0.0,937.7,ASK
403,1712698740.1425486,4814603.11901914,907.7,-0.0,937.7,ASK
404,1712698770.138702,4814603.11901914,907.7,-0.0,937.7,ASK
405,1712698800.1515653,4814603.11901914,907.7,-0.0,937.7,ASK
406,1712698830.1455002,4814603.11901914,907.7,-0.0,937.7,ASK
407,1712698860.202003,4814603.11901914,907.7,-0.0,937.7,ASK
408,1712698890.1988175,4814603.11901914,907.7,-0.0,937.7,ASK
409,1712698920.148035,4814603.11901914,907.7,-0.0,937.7,ASK
410,1712698950.1541345,4814603.11901914,907.7,-0.0,937.7,ASK
411,1712698980.1947238,4814603.11901914,907.7,-0.0,937.7,ASK
412,1712699010.192068,4814603.11901914,907.7,-0.0,937.7,ASK
413,1712699011.7820804,4814613.03101914,907.9,-1.967187004190372e-09,937.7,ASK
414,1712699011.902206,4814614.13344804,907.9,-2.187937656550524e-10,937.7,ASK
415,1712699011.906459,4814624.04541914,907.8,-1.967181268387066e-09,937.7,ASK
416,1712699012.2221255,4815164.97621914,907.8,-1.0735593622634329e-07,937.7,ASK
417,1712699012.58221,4815274.19806481,907.7,-2.1676734802736963e-08,937.7,ASK
418,1712699012.586311,4815274.19808317,907.8,-3.643839468097793e-15,937.7,ASK
419,1712699012.5903077,4815705.90701914,907.7,-8.567919777976685e-08,937.7,ASK
420,1712699012.942099,4816164.90701914,907.7,-9.109552410007496e-08,937.7,ASK
421,1712699013.0621295,4816375.8836621,907.7,-4.1871520399331e-08,937.7,ASK
422,1712699013.25458,4816681.65772276,906.2,-6.068550830508633e-08,937.7,ASK
423,1712699013.2580504,4816861.8836621,906.1,-3.576857603616952e-08,937.7,ASK
424,1712699013.2823017,4816889.07295036,906.1,-5.3961273725284055e-09,937.7,ASK
425,1712699013.286025,4816911.27085598,906.1,-4.405511647808449e-09,937.7,ASK
426,1712699013.29203,4817152.93562434,906.0,-4.796204516392842e-08,937.7,ASK
427,1712699013.2950482,4817418.2054621,906.1,-5.26468298447112e-08,937.7,ASK
428,1712699013.3821542,4818021.1834621,906.0,-1.1967014581879272e-07,937.7,ASK
429,1712699013.441859,4818133.2860621,906.1,2.2248464270084933e-08,937.7,BID
430,1712699013.4619036,4818219.1687621,906.1,1.704472672685339e-08,937.7,BID
431,1712699013.5018733,4818231.0580905,906.1,2.359617868771518e-09,937.7,BID
432,1712699040.134958,4818231.0580905,906.1,0.0,937.7,BID
433,1712699067.9617703,4818239.33856835,907.7,1.6423142565116535e-09,937.7,BID
434,1712699067.9661293,4818328.94938457,907.7,1.7773022725138295e-08,937.7,BID
435,1712699067.9701474,4819436.24647235,908.1,2.1961652772273042e-07,937.7,BID
436,1712699067.9732175,4819892.37902939,907.7,9.046736369482576e-08,937.7,BID
437,1712699067.975,4820710.54751033,908.5,1.6227200708733596e-07,937.7,BID
438,1712699070.1301928,4820710.54751033,908.5,0.0,937.7,BID
439,1712699100.1515777,4820710.54751033,908.5,0.0,937.7,BID
440,1712699130.1362352,4820710.54751033,908.5,0.0,937.7,BID
441,1712699160.192222,4820710.54751033,908.5,0.0,937.7,BID
442,1712699173.099624,4821040.76214984,908.5,-6.549399604398232e-08,937.7,ASK
443,1712699190.202179,4821040.76214984,908.5,-0.0,937.7,ASK
444,1712699193.293821,4822496.76214984,906.5,-2.887624386360331e-07,937.7,ASK
445,1712699193.369476,4823458.30840484,906.5,1.9069947902137802e-07,937.7,BID
446,1712699193.374354,4825020.08057519,906.5,3.0973979430229617e-07,937.7,BID
447,1712699220.1514444,4825020.08057519,906.5,0.0,937.7,BID
448,1712699250.1490512,4825020.08057519,906.5,0.0,937.7,BID
449,1712699280.1999764,4825020.08057519,906.5,0.0,937.7,BID
450,1712699310.1904645,4825020.08057519,906.5,0.0,937.7,BID
451,1712699328.7780063,4825412.44509131,906.3,-7.776039577874149e-08,937.7,ASK
452,1712699340.1314924,4825412.44509131,906.3,-0.0,937.7,ASK
453,1712699370.132438,4825412.44509131,906.3,-0.0,937.7,ASK
454,1712699400.153344,4825412.44509131,906.3,-0.0,937.7,ASK
455,1712699427.077387,4825511.64050131,907.3,-1.9752033133608146e-08,937.7,ASK
456,1712699427.156937,4825522.66221906,907.3,2.194671448787408e-09,937.7,BID
457,1712699430.1295335,4825522.66221906,907.3,0.0,937.7,BID
458,1712699439.1912131,4825550.1317279,910.1,5.469687005081423e-09,937.7,BID
459,1712699460.1907504,4825550.1317279,910.1,0.0,937.7,BID
460,1712699490.1907003,4825550.1317279,910.1,0.0,937.7,BID
461,1712699520.140625,4825550.1317279,910.1,0.0,937.7,BID
462,1712699550.1323235,4825550.1317279,910.1,0.0,937.7,BID
463,1712699580.1859093,4825550.1317279,910.1,0.0,937.7,BID
464,1712699588.0256915,4826648.9120817,910.1,2.187863911270061e-07,937.7,BID
465,1712699604.735531,4826725.37962078,906.7,-1.5226024797328592e-08,937.7,ASK
466,1712699610.1805243,4826725.37962078,906.7,-0.0,937.7,ASK
467,1712699640.1284788,4826725.37962078,906.7,-0.0,937.7,ASK
468,1712699670.1349237,4826725.37962078,906.7,-0.0,937.7,ASK
469,1712699700.160715,4826725.37962078,906.7,-0.0,937.7,ASK
470,1712699730.1477685,4826725.37962078,906.7,-0.0,937.7,ASK
471,1712699757.9347706,4826736.40862706,910.0,2.2029420197037363e-09,937.7,BID
472,1712699760.1494985,4826736.40862706,910.0,0.0,937.7,BID
473,1712699790.135497,4826736.40862706,910.0,0.0,937.7,BID
474,1712699820.1960387,4826736.40862706,910.0,0.0,937.7,BID
475,1712699821.68477,4826742.47044524,906.8,-1.2107897007861223e-09,937.7,ASK
476,1712699850.1843882,4826742.47044524,906.8,-0.0,937.7,ASK
477,1712699880.1318295,4826742.47044524,906.8,-0.0,937.7,ASK
478,1712699910.154074,4826742.47044524,906.8,-0.0,937.7,ASK
479,1712699940.1843424,4826742.47044524,906.8,-0.0,937.7,ASK
480,1712699960.6539583,4826754.42932978,907.9,2.3886691924566314e-09,937.7,BID
481,1712699970.1871052,4826754.42932978,907.9,0.0,937.7,BID
482,1712699989.3136911,4826775.42932978,908.1,-4.194533703282042e-09,937.7,ASK
483,1712700000.173056,4826775.42932978,908.1,-0.0,937.7,ASK
484,1712700030.1321726,4826775.42932978,908.1,-0.0,937.7,ASK
485,1712700041.6137094,4826785.42932978,909.0,2.010622010777864e-09,937.7,BID
486,1712700060.1836307,4826785.42932978,909.0,0.0,937.7,BID
487,1712700090.1847427,4826785.42932978,909.0,0.0,937.7,BID
488,1712700120.129109,4826785.42932978,909.0,0.0,937.7,BID
489,1712700150.1239023,4826785.42932978,909.0,0.0,937.7,BID
490,1712700180.1897702,4826785.42932978,909.0,0.0,937.7,BID
491,1712700187.2834015,4826787.38821432,909.0,3.9385691743773056e-10,937.7,BID
492,1712700187.2878976,4826793.36125268,909.0,1.200950044956612e-09,937.7,BID
493,1712700210.182933,4826793.36125268,909.0,0.0,937.7,BID
494,1712700240.1360023,4826793.36125268,909.0,0.0,937.7,BID
495,1712700242.59336,4826803.52002953,910.1,2.042539339529248e-09,937.7,BID
496,1712700242.597762,4829278.99372652,910.1,4.977225590221121e-07,937.7,BID
497,1712700252.602816,4830278.99372652,910.2,2.010615421312373e-07,937.7,BID
498,1712700252.6630485,4830283.13691967,910.2,8.330368040743491e-10,937.7,BID
499,1712700254.4344642,4830479.13691967,910.1,-3.94080622577225e-08,937.7,ASK
500,1712700255.7429762,4830552.13691967,910.1,-1.4677492575580321e-08,937.7,ASK
501,1712700270.1212478,4830552.13691967,910.1,-0.0,937.7,ASK
502,1712700278.4427395,4830607.20299897,910.1,-1.1064060697500456e-08,937.7,ASK
503,1712700280.6027515,4830703.20299897,910.1,-1.928864085593309e-08,937.7,ASK
504,1712700281.7928703,4830721.12559317,910.1,-3.601067528419552e-09,937.7,ASK
505,1712700281.797527,4830758.26907827,909.1,-7.462993169080905e-09,937.7,ASK
506,1712700281.8925886,4830773.26907827,909.1,-3.013850133739545e-09,937.7,ASK
507,1712700300.175549,4830773.26907827,909.1,-0.0,937.7,ASK
508,1712700330.1865911,4830773.26907827,909.1,-0.0,937.7,ASK
509,1712700339.2227557,4830827.49393389,910.9,1.0905496059973485e-08,937.7,BID
510,1712700339.2277474,4832102.81838945,911.0,2.5648838832617324e-07,937.7,BID
511,1712700360.124297,4832102.81838945,911.0,0.0,937.7,BID
512,1712700390.1304996,4832102.81838945,911.0,0.0,937.7,BID
513,1712700392.1029823,4832123.81838945,909.2,-4.22241131442959e-09,937.7,ASK
514,1712700420.1823802,4832123.81838945,909.2,-0.0,937.7,ASK
515,1712700450.199719,4832123.81838945,909.2,-0.0,937.7,ASK
516,1712700474.472375,4832131.67050728,909.6,-1.5787973278969802e-09,937.7,ASK
517,1712700474.4766843,4834857.99358223,909.4,-5.481720573898784e-07,937.7,ASK
518,1712700480.125609,4834857.99358223,909.4,-0.0,937.7,ASK
519,1712700510.1321137,4834857.99358223,909.4,-0.0,937.7,ASK
520,1712700540.188025,4834857.99358223,909.4,-0.0,937.7,ASK
521,1712700570.1921122,4834857.99358223,909.4,-0.0,937.7,ASK
522,1712700572.0019307,4835541.64533489,909.6,-1.373907320618786e-07,937.7,ASK
523,1712700600.1472716,4835541.64533489,909.6,-0.0,937.7,ASK
524,1712700627.9220414,4839209.35996608,909.7,-7.378474833878592e-07,937.7,ASK
525,1712700627.9267232,4840579.61690642,909.7,-2.7565956915714414e-07,937.7,ASK
526,1712700628.0822625,4842340.67370622,909.5,-3.542781973236997e-07,937.7,ASK
527,1712700628.0868728,4843730.14609481,909.5,-2.7952521072375445e-07,937.7,ASK
528,1712700628.1678922,4843753.19658281,909.2,-4.637150452460732e-09,937.7,ASK
529,1712700630.1258454,4843753.19658281,909.2,-0.0,937.7,ASK
530,1712700636.5122688,4848611.86015534,909.7,9.759684739099276e-07,937.7,BID
531,1712700658.3379474,4848728.14546705,909.7,-2.335843931435929e-08,937.7,ASK
532,1712700658.59178,4849271.41825142,909.7,1.0912817945990465e-07,937.7,BID
533,1712700660.1855702,4849271.41825142,909.7,0.0,937.7,BID
534,1712700690.187358,4849271.41825142,909.7,0.0,937.7,BID
535,1712700720.1266692,4849271.41825142,909.7,0.0,937.7,BID
536,1712700750.122089,4849271.41825142,909.7,0.0,937.7,BID
537,1712700780.1866722,4849271.41825142,909.7,0.0,937.7,BID
538,1712700810.188315,4849271.41825142,909.7,0.0,937.7,BID
539,1712700840.1395862,4849271.41825142,909.7,0.0,937.7,BID
540,1712700870.1216347,4849271.41825142,909.7,0.0,937.7,BID
541,1712700900.156973,4849271.41825142,909.7,0.0,937.7,BID
542,1712700930.1221397,4849271.41825142,909.7,0.0,937.7,BID
543,1712700960.1885045,4849271.41825142,909.7,0.0,937.7,BID
544,1712700990.1912673,4849271.41825142,909.7,0.0,937.7,BID
545,1712701020.1319685,4849271.41825142,909.7,0.0,937.7,BID
546,1712701023.762534,4849383.52085142,910.6,2.259620397359228e-08,937.7,BID
547,1712701023.8824327,4849469.40355142,910.7,1.7311132899720313e-08,937.7,BID
548,1712701050.1228182,4849469.40355142,910.7,0.0,937.7,BID
549,1712701080.2125912,4849469.40355142,910.7,0.0,937.7,BID
550,1712701110.188424,4849469.40355142,910.7,0.0,937.7,BID
551,1712701140.1375554,4849469.40355142,910.7,0.0,937.7,BID
552,1712701141.8330424,4849579.3178183,909.8,-2.2154302739449656e-08,937.7,ASK
553,1712701170.1281106,4849579.3178183,909.8,-0.0,937.7,ASK
554,1712701200.1563957,4849579.3178183,909.8,-0.0,937.7,ASK
555,1712701230.118789,4849579.3178183,909.8,-0.0,937.7,ASK
556,1712701251.293076,4851503.16414304,910.1,-3.902834805613348e-07,937.7,ASK
557,1712701256.4931035,4851514.14229651,910.9,2.227096775505904e-09,937.7,BID
558,1712701256.5929372,4851525.12044998,910.9,2.227096775505904e-09,937.7,BID
559,1712701260.1863267,4851525.12044998,910.9,0.0,937.7,BID
560,1712701290.1860592,4851525.12044998,910.9,0.0,937.7,BID
561,1712701291.933684,4851880.91375967,910.9,7.215253175449673e-08,937.7,BID
562,1712701291.938609,4851894.29112598,910.9,2.712841476172155e-09,937.7,BID
563,1712701310.403119,4851971.60772598,910.2,-1.567929549173199e-08,937.7,ASK
564,1712701313.6134005,4852218.35372598,910.2,-5.0038458046907376e-08,937.7,ASK
565,1712701320.132444,4852218.35372598,910.2,-0.0,937.7,ASK
566,1712701323.5932672,4852218.72883197,910.2,-7.605927926558107e-11,937.7,ASK
567,1712701323.598187,4852510.26282598,910.2,-5.911360002559736e-08,937.7,ASK
568,1712701334.6131835,4852510.70652917,910.2,-8.996855758750639e-11,937.7,ASK
569,1712701334.617741,4852912.75702598,910.2,-8.15227477648237e-08,937.7,ASK
570,1712701350.132615,4852912.75702598,910.2,-0.0,937.7,ASK
571,1712701360.343253,4852923.7351794,910.9,2.225726758698923e-09,937.7,BID
572,1712701360.3481886,4852967.64297308,911.0,8.901929821300174e-09,937.7,BID
573,1712701380.2131472,4852967.64297308,911.0,0.0,937.7,BID
574,1712701410.20322,4852967.64297308,911.0,0.0,937.7,BID
575,1712701440.1344495,4852967.64297308,911.0,0.0,937.7,BID
576,1712701447.4534223,4855129.42486215,911.0,4.382783550787861e-07,937.7,BID
577,1712701447.4585936,4855153.78629815,911.0,4.939022827169856e-09,937.7,BID
578,1712701447.5535634,4855264.02772687,911.1,2.2350280703690016e-08,937.7,BID
579,1712701447.5585382,4855321.2181864,911.2,1.1594759238054373e-08,937.7,BID
580,1712701447.561725,4855374.34750315,911.1,1.077140560265376e-08,937.7,BID
581,1712701447.5639706,4855574.34750315,911.2,4.054787925597518e-08,937.7,BID
582,1712701447.5740485,4855574.34750362,911.2,9.535196714227771e-17,937.7,BID
583,1712701470.1261218,4855574.34750362,911.2,0.0,937.7,BID
584,1712701500.1885922,4855574.34750362,911.2,0.0,937.7,BID
585,1712701530.183391,4855574.34750362,911.2,0.0,937.7,BID
586,1712701560.1296952,4855574.34750362,911.2,0.0,937.7,BID
587,1712701571.8037004,4856606.52050354,911.9,2.096856645678775e-07,937.7,BID
588,1712701571.86321,4856812.20119165,911.9,4.178397592121629e-08,937.7,BID
589,1712701572.424109,4856818.85086471,912.2,1.3508792760146683e-09,937.7,BID
590,1712701572.4293246,4856849.85086471,912.2,6.297641579572262e-09,937.7,BID
591,1712701572.433353,4856861.80974925,912.3,2.42944414595148e-09,937.7,BID
592,1712701572.4356267,4856869.27266433,912.2,1.516089171307583e-09,937.7,BID
593,1712701572.439234,4856905.95111504,912.2,7.451217298918403e-09,937.7,BID
594,1712701588.0751746,4856988.7294167,911.4,-1.6816389497426194e-08,937.7,ASK
595,1712701590.1250048,4856988.7294167,911.4,-0.0,937.7,ASK
596,1712701593.9141045,4857043.91759252,911.4,-1.1208526125664752e-08,937.7,ASK
597,1712701620.1916156,4857043.91759252,911.4,-0.0,937.7,ASK
598,1712701650.1134503,4857279.34422187,911.5,-4.7813839295210105e-08,937.7,ASK
599,1712701650.1838982,4857279.34422187,911.5,-0.0,937.7,ASK
600,1712701677.0739791,4858104.58001389,911.9,1.675934963964794e-07,937.7,BID
601,1712701680.136414,4858104.58001389,911.9,0.0,937.7,BID
602,1712701709.9738944,4858723.50685791,911.9,1.256759154357227e-07,937.7,BID
603,1712701710.1321597,4858723.50685791,911.9,0.0,937.7,BID
604,1712701730.9515538,4859342.43370191,912.0,1.256615141360733e-07,937.7,BID
605,1712701731.0235124,4859342.43370192,912.0,2.0799638375814212e-18,937.7,BID
606,1712701740.193708,4859342.43370192,912.0,0.0,937.7,BID
607,1712701743.183455,4859452.14297236,911.5,-2.2271862022348483e-08,937.7,ASK
608,1712701770.197456,4859452.14297236,911.5,-0.0,937.7,ASK
609,1712701771.0639942,4859847.90375488,911.6,-8.03409827851921e-08,937.7,ASK
610,1712701771.069068,4860478.80909852,911.7,-1.2807624603389257e-07,937.7,ASK
611,1712701800.1587343,4860478.80909852,911.7,-0.0,937.7,ASK
612,1712701815.4839652,4860490.76798306,913.4,2.4408212860861867e-09,937.7,BID
613,1712701815.4894998,4860497.40661993,913.7,1.3549529746824035e-09,937.7,BID
614,1712701815.4934745,4860550.33403009,912.9,1.0802541734068658e-08,937.7,BID
615,1712701815.495757,4860617.0655608,913.7,1.3619977688169337e-08,937.7,BID
616,1712701829.6937509,4860671.22687179,914.5,1.1054382229816533e-08,937.7,BID
617,1712701829.697835,4860720.90109944,914.5,1.0138563660409174e-08,937.7,BID
618,1712701829.7018542,4860732.85998398,914.5,2.4408212860861867e-09,937.7,BID
619,1712701830.1292152,4860732.85998398,914.5,0.0,937.7,BID
620,1712701860.2421403,4860732.85998398,914.5,0.0,937.7,BID
621,1712701890.1838603,4860732.85998398,914.5,0.0,937.7,BID
622,1712701917.4840884,4860848.7703175,914.5,2.3656303606848322e-08,937.7,BID
623,1712701917.489529,4862351.09608985,914.5,3.066117878156309e-07,937.7,BID
624,1712701917.494023,4862530.67356907,914.6,3.665022125590593e-08,937.7,BID
625,1712701917.4964066,4865102.25998343,915.0,5.248387017923095e-07,937.7,BID
626,1712701920.1273408,4865102.25998343,915.0,0.0,937.7,BID
627,1712701950.1288676,4865102.25998343,915.0,0.0,937.7,BID
628,1712701975.5540292,4866614.25998343,914.9,3.08334681983168e-07,937.7,BID
629,1712701975.5593088,4866623.26185019,914.9,1.835706167264609e-09,937.7,BID
630,1712701975.5643628,4869519.67543583,915.0,5.906512974999343e-07,937.7,BID
631,1712701975.6335196,4870605.86907193,915.0,-2.215020961368884e-07,937.7,ASK
632,1712701975.6535585,4871589.52127081,915.0,-2.0059132799186666e-07,937.7,ASK
633,1712701980.122075,4871589.52127081,915.0,-0.0,937.7,ASK
634,1712702007.6537642,4871762.38093208,912.1,-3.5207798998963416e-08,937.7,ASK
635,1712702010.1337657,4871762.38093208,912.1,-0.0,937.7,ASK
636,1712702040.1838467,4871762.38093208,912.1,-0.0,937.7,ASK
637,1712702070.19753,4871762.38093208,912.1,-0.0,937.7,ASK
638,1712702100.1577585,4871762.38093208,912.1,-0.0,937.7,ASK
639,1712702130.1272068,4871762.38093208,912.1,-0.0,937.7,ASK
640,1712702160.1938555,4871762.38093208,912.1,-0.0,937.7,ASK
641,1712702190.1825402,4871762.38093208,912.1,-0.0,937.7,ASK
642,1712702205.8037307,4871817.26687918,912.1,-1.1208498275166429e-08,937.7,ASK
643,1712702220.1459446,4871817.26687918,912.1,-0.0,937.7,ASK
644,1712702250.1235454,4871817.26687918,912.1,-0.0,937.7,ASK
645,1712702280.190739,4871817.26687918,912.1,-0.0,937.7,ASK
646,1712702293.1639438,4872380.79489719,912.1,-1.1507933412631529e-07,937.7,ASK
647,1712702310.188373,4872380.79489719,912.1,-0.0,937.7,ASK
648,1712702340.133232,4872380.79489719,912.1,-0.0,937.7,ASK
649,1712702347.033873,4872633.86418759,912.1,-5.167442957563004e-08,937.7,ASK
650,1712702370.1373065,4872633.86418759,912.1,-0.0,937.7,ASK
651,1712702400.1578417,4872633.86418759,912.1,-0.0,937.7,ASK
652,1712702430.1314857,4872633.86418759,912.1,-0.0,937.7,ASK
653,1712702460.188892,4872633.86418759,912.1,-0.0,937.7,ASK
654,1712702490.1789217,4872633.86418759,912.1,-0.0,937.7,ASK
655,1712702520.1318672,4872633.86418759,912.1,-0.0,937.7,ASK
656,1712702550.127709,4872633.86418759,912.1,-0.0,937.7,ASK
657,1712702580.1903934,4872633.86418759,912.1,-0.0,937.7,ASK
658,1712702610.1904216,4872633.86418759,912.1,-0.0,937.7,ASK
659,1712702640.118137,4872633.86418759,912.1,-0.0,937.7,ASK
660,1712702664.4840624,4872733.86418759,912.1,-2.0483805683884883e-08,937.7,ASK
661,1712702664.488457,4872953.11435202,912.2,-4.491077764355981e-08,937.7,ASK
662,1712702664.4927309,4873653.06227023,912.1,-1.4337597145437965e-07,937.7,ASK
663,1712702664.497026,4874501.22715829,912.1,-1.737364475492836e-07,937.7,ASK
664,1712702664.563687,4876466.98465118,912.1,4.026619450599229e-07,937.7,BID
665,1712702664.569062,4878121.36035418,912.1,3.388791042840193e-07,937.7,BID
666,1712702664.6436057,4879761.36035418,913.7,3.359344132157119e-07,937.7,BID
667,1712702670.137856,4879761.36035418,913.7,0.0,937.7,BID
668,1712702700.156947,4879761.36035418,913.7,0.0,937.7,BID
669,1712702730.129471,4879761.36035418,913.7,0.0,937.7,BID
670,1712702760.18914,4879761.36035418,913.7,0.0,937.7,BID
671,1712702790.18543,4879761.36035418,913.7,0.0,937.7,BID
672,1712702820.1225183,4879761.36035418,913.7,0.0,937.7,BID
673,1712702850.1256163,4879761.36035418,913.7,0.0,937.7,BID
674,1712702880.1929932,4879761.36035418,913.7,0.0,937.7,BID
675,1712702910.1929004,4879761.36035418,913.7,0.0,937.7,BID
676,1712702925.2046711,4879782.46293435,915.1,4.340944362428922e-09,937.7,BID
677,1712702925.2104895,4879788.44439712,915.1,1.2304276009339683e-09,937.7,BID
678,1712702940.154999,4879788.44439712,915.1,0.0,937.7,BID
679,1712702970.1397405,4879788.44439712,915.1,0.0,937.7,BID
680,1712703000.1560795,4879788.44439712,915.1,0.0,937.7,BID
681,1712703030.1386516,4879788.44439712,915.1,0.0,937.7,BID
682,1712703060.185912,4879788.44439712,915.1,0.0,937.7,BID
683,1712703068.0273256,4879799.38890844,913.7,-2.2601183686956903e-09,937.7,ASK
684,1712703068.0372002,4879941.96282132,912.8,-2.9442513234355744e-08,937.7,ASK
685,1712703090.19898,4879941.96282132,912.8,-0.0,937.7,ASK
686,1712703120.1325135,4879941.96282132,912.8,-0.0,937.7,ASK
687,1712703150.123839,4879941.96282132,912.8,-0.0,937.7,ASK
688,1712703180.1924927,4879941.96282132,912.8,-0.0,937.7,ASK
689,1712703210.193739,4879941.96282132,912.8,-0.0,937.7,ASK
690,1712703240.1425917,4879941.96282132,912.8,-0.0,937.7,ASK
691,1712703270.1485422,4879941.96282132,912.8,-0.0,937.7,ASK
692,1712703300.186507,4879941.96282132,912.8,-0.0,937.7,ASK
693,1712703330.1992323,4879941.96282132,912.8,-0.0,937.7,ASK
694,1712703360.145072,4879941.96282132,912.8,-0.0,937.7,ASK
695,1712703390.1347425,4879941.96282132,912.8,-0.0,937.7,ASK
696,1712703420.1328118,4879941.96282132,912.8,-0.0,937.7,ASK
697,1712703450.1299584,4879941.96282132,912.8,-0.0,937.7,ASK
698,1712703480.1885302,4879941.96282132,912.8,-0.0,937.7,ASK
699,1712703510.1963303,4879941.96282132,912.8,-0.0,937.7,ASK
700,1712703540.153727,4879941.96282132,912.8,-0.0,937.7,ASK
701,1712703570.1369717,4879941.96282132,912.8,-0.0,937.7,ASK
702,1712703600.210509,4879941.96282132,912.8,-0.0,937.7,ASK
703,1712703630.137241,4879941.96282132,912.8,-0.0,937.7,ASK
704,1712703660.183593,4879941.96282132,912.8,-0.0,937.7,ASK
705,1712703690.0537636,4879971.96282132,912.8,-6.271167353705043e-09,937.7,ASK
706,1712703690.20035,4879971.96282132,912.8,-0.0,937.7,ASK
707,1712703720.148969,4879971.96282132,912.8,-0.0,937.7,ASK
708,1712703750.1414251,4879971.96282132,912.8,-0.0,937.7,ASK
709,1712703770.134206,4882163.02329458,912.8,-4.580142751758289e-07,937.7,ASK
710,1712703770.1402383,4882920.93067917,912.8,-1.584312280011831e-07,937.7,ASK
711,1712703780.2000706,4882920.93067917,912.8,-0.0,937.7,ASK
712,1712703810.2041342,4882920.93067917,912.8,-0.0,937.7,ASK
713,1712703840.13917,4882920.93067917,912.8,-0.0,937.7,ASK
714,1712703870.1401963,4882920.93067917,912.8,-0.0,937.7,ASK
715,1712703871.9247437,4882930.08238746,915.0,1.911976338284473e-09,937.7,BID
716,1712703900.2102597,4882930.08238746,915.0,0.0,937.7,BID
717,1712703919.2951603,4882984.7271962,915.0,1.1449003868455878e-08,937.7,BID
718,1712703930.1990118,4882984.7271962,915.0,0.0,937.7,BID
719,1712703960.1393728,4882984.7271962,915.0,0.0,937.7,BID
720,1712703990.1405523,4882984.7271962,915.0,0.0,937.7,BID
721,1712704020.19096,4882984.7271962,915.0,0.0,937.7,BID
722,1712704050.2100313,4882984.7271962,915.0,0.0,937.7,BID
723,1712704080.1487226,4882984.7271962,915.0,0.0,937.7,BID
724,1712704089.765781,4882992.57931403,912.0,-1.645133137580164e-09,937.7,ASK
725,1712704110.1468303,4882992.57931403,912.0,-0.0,937.7,ASK
726,1712704130.8858516,4883589.45005406,912.0,-1.250529323794344e-07,937.7,ASK
727,1712704130.8957863,4884718.59197726,912.0,-2.3657133630251105e-07,937.7,ASK
728,1712704140.1700227,4884718.59197726,912.0,-0.0,937.7,ASK
729,1712704170.1391923,4884718.59197726,912.0,-0.0,937.7,ASK
730,1712704200.1749115,4884718.59197726,912.0,-0.0,937.7,ASK
731,1712704230.1472857,4884718.59197726,912.0,-0.0,937.7,ASK
732,1712704260.198084,4884718.59197726,912.0,-0.0,937.7,ASK
733,1712704290.2002103,4884718.59197726,912.0,-0.0,937.7,ASK
734,1712704294.7989795,4884773.236786,912.0,-1.1507820600576694e-08,937.7,ASK
735,1712704302.4064877,4884784.17367811,912.0,-2.303234199736711e-09,937.7,ASK
736,1712704320.1483102,4884784.17367811,912.0,-0.0,937.7,ASK
737,1712704350.1455584,4884784.17367811,912.0,-0.0,937.7,ASK
738,1712704380.205062,4884784.17367811,912.0,-0.0,937.7,ASK
739,1712704410.2077992,4884784.17367811,912.0,-0.0,937.7,ASK
740,1712704424.2270324,4885624.88009791,912.0,-1.770447554292237e-07,937.7,ASK
741,1712704424.232926,4886726.48382328,911.8,-2.319872401885258e-07,937.7,ASK
742,1712704440.1398058,4886726.48382328,911.8,-0.0,937.7,ASK
743,1712704470.1372528,4886726.48382328,911.8,-0.0,937.7,ASK
744,1712704500.175515,4886726.48382328,911.8,-0.0,937.7,ASK
745,1712704506.7669902,4887823.21556269,911.8,-2.311778675995289e-07,937.7,ASK
746,1712704506.777508,4888201.61183732,911.8,-7.976138624711263e-08,937.7,ASK
747,1712704506.8672898,4889282.85293994,911.5,-2.279126275665957e-07,937.7,ASK
748,1712704506.8731515,4889701.73104732,911.5,-8.829446998619665e-08,937.7,ASK
749,1712704506.9986377,4889756.56763429,911.8,1.1558893379848842e-08,937.7,BID
750,1712704507.8820653,4889783.44403734,911.8,5.6652226998422265e-09,937.7,BID
751,1712704530.1423028,4889783.44403734,911.8,0.0,937.7,BID
752,1712704539.6872728,4890461.65863334,911.5,-1.4287555335998676e-07,937.7,ASK
753,1712704560.21731,4890461.65863334,911.5,-0.0,937.7,ASK
754,1712704590.1996,4890461.65863334,911.5,-0.0,937.7,ASK
755,1712704620.139039,4890461.65863334,911.5,-0.0,937.7,ASK
756,1712704650.1502492,4890461.65863334,911.5,-0.0,937.7,ASK
757,1712704680.1993504,4890461.65863334,911.5,-0.0,937.7,ASK
758,1712704689.4880917,4890461.65863429,911.5,-2.0009421844548447e-16,937.7,ASK
759,1712704689.4971197,4890501.37357231,911.5,-8.365427265449741e-09,937.7,ASK
760,1712704689.567926,4891501.37357188,911.1,-2.1063679509124065e-07,937.7,ASK
761,1712704689.570796,4893609.68038631,911.3,-4.4408699065169523e-07,937.7,ASK
762,1712704689.575204,4893609.68038674,911.1,-9.043473990526308e-17,937.7,ASK
763,1712704689.6881156,4894996.39256667,910.4,-2.920926094201113e-07,937.7,ASK
764,1712704689.6916802,4896094.81084435,910.4,-2.3136730577969415e-07,937.7,ASK
765,1712704689.6951563,4897080.90426144,910.2,-2.077075571258548e-07,937.7,ASK
766,1712704689.6985805,4897343.66958774,910.2,-5.5348046216688526e-08,937.7,ASK
767,1712704689.7074273,4897343.66958845,910.2,-1.4967832222931826e-16,937.7,ASK
768,1712704689.7674737,4898592.52833284,909.8,-2.6305560355303455e-07,937.7,ASK
769,1712704689.7709472,4898922.27113345,909.8,-6.945596675481478e-08,937.7,ASK
770,1712704689.850567,4899289.41238906,909.8,-7.733345746067365e-08,937.7,ASK
771,1712704689.947996,4899300.40502399,909.7,-2.3154533923959703e-09,937.7,ASK
772,1712704689.9541335,4899500.40502306,909.5,-4.212735884039967e-08,937.7,ASK
773,1712704689.9574351,4899506.40502306,909.7,-1.263820771091229e-09,937.7,ASK
774,1712704710.2076154,4899506.40502306,909.7,-0.0,937.7,ASK
775,1712704740.1341448,4899506.40502306,909.7,-0.0,937.7,ASK
776,1712704770.158548,4899506.40502306,909.7,-0.0,937.7,ASK
777,1712704800.1554954,4899506.40502306,909.7,-0.0,937.7,ASK
778,1712704830.1399474,4899506.40502306,909.7,-0.0,937.7,ASK
779,1712704854.6683793,4899516.6228431,909.5,-2.1621219563546994e-09,937.7,ASK
780,1712704854.67455,4899598.64207006,909.5,-1.7355519157696533e-08,937.7,ASK
781,1712704854.7281508,4899631.61997486,909.7,6.978225469285699e-09,937.7,BID
782,1712704854.7479672,4899631.61997538,909.5,-1.0996545274498356e-16,937.7,ASK
783,1712704854.7527812,4899936.01523086,909.3,-6.441096659661111e-08,937.7,ASK
784,1712704854.7678862,4899936.01523183,909.3,-2.053476734055069e-16,937.7,ASK
785,1712704856.4579816,4900521.55863183,909.7,1.2390277344759473e-07,937.7,BID
786,1712704860.2205036,4900521.55863183,909.7,0.0,937.7,BID
787,1712704890.207709,4900521.55863183,909.7,0.0,937.7,BID
788,1712704890.5182052,4900531.44156548,909.7,2.0908504566634314e-09,937.7,BID
789,1712704920.1435802,4900531.44156548,909.7,0.0,937.7,BID
790,1712704950.1505616,4900531.44156548,909.7,0.0,937.7,BID
791,1712704980.2266445,4900531.44156548,909.7,0.0,937.7,BID
792,1712705008.456601,4900654.685154,908.0,-2.607357616006174e-08,937.7,ASK
793,1712705010.1995468,4900654.685154,908.0,-0.0,937.7,ASK
794,1712705040.1417663,4900654.685154,908.0,-0.0,937.7,ASK
795,1712705070.1286068,4900654.685154,908.0,-0.0,937.7,ASK
796,1712705100.2067175,4900654.685154,908.0,-0.0,937.7,ASK
797,1712705107.8114662,4900688.19246365,908.1,-7.134909276699118e-09,937.7,ASK
798,1712705130.2133632,4900688.19246365,908.1,-0.0,937.7,ASK
799,1712705153.1300128,4900898.56766365,909.5,4.4796143183561895e-08,937.7,BID
800,1712705160.142419,4900898.56766365,909.5,0.0,937.7,BID
801,1712705161.2527902,4901441.29985851,909.5,1.1556171363026897e-07,937.7,BID
802,1712705190.1468935,4901441.29985851,909.5,0.0,937.7,BID
803,1712705220.194517,4901441.29985851,909.5,0.0,937.7,BID
804,1712705246.122012,4901551.25038077,909.5,2.340884800405533e-08,937.7,BID
805,1712705250.1979444,4901551.25038077,909.5,0.0,937.7,BID
806,1712705280.1271048,4901551.25038077,909.5,0.0,937.7,BID
807,1712705288.8207142,4902618.94337945,908.1,-2.2731070757108082e-07,937.7,ASK
808,1712705288.8306067,4902736.81085184,908.0,-2.5093859922161386e-08,937.7,ASK
809,1712705288.8336568,4902765.24442116,908.1,-6.053476766066576e-09,937.7,ASK
810,1712705310.176951,4902765.24442116,908.1,-0.0,937.7,ASK
811,1712705340.1906905,4902765.24442116,908.1,-0.0,937.7,ASK
812,1712705345.2998304,4903189.96976199,908.0,-9.040235709064781e-08,937.7,ASK
813,1712705359.5919244,4903524.13336025,908.0,-7.112638223455612e-08,937.7,ASK
814,1712705359.5949986,4903534.14591899,908.0,-2.13116295063092e-09,937.7,ASK
815,1712705364.6900885,4903534.14591906,908.0,-1.5065560816839554e-17,937.7,ASK
816,1712705365.0097032,4903567.18556664,908.0,7.032455404825829e-09,937.7,BID
817,1712705370.1866837,4903567.18556664,908.0,0.0,937.7,BID
818,1712705384.6661334,4903600.22521422,908.0,7.031365622686231e-09,937.7,BID
819,1712705388.7196803,4905829.66499383,907.5,-4.7446045502233466e-07,937.7,ASK
820,1712705388.7256403,4905840.68549195,907.4,-2.3453383224412557e-09,937.7,ASK
821,1712705388.7307098,4913274.20929622,907.4,-1.581972798211016e-06,937.7,ASK
822,1712705389.9822557,4913313.20973703,907.4,8.299917791885431e-09,937.7,BID
823,1712705400.182473,4913313.20973703,907.4,0.0,937.7,BID
824,1712705408.6643069,4914420.89187003,907.3,-2.360014082370661e-07,937.7,ASK
825,1712705408.679418,4914420.89187083,907.3,-1.7044832501105342e-16,937.7,ASK
826,1712705408.7392633,4914426.95321594,907.2,-1.2914228180508163e-09,937.7,ASK
827,1712705430.1409652,4914426.95321594,907.2,-0.0,937.7,ASK
828,1712705460.1987605,4914426.95321594,907.2,-0.0,937.7,ASK
829,1712705469.7142415,4915460.89478154,907.0,-2.202429152774909e-07,937.7,ASK
830,1712705469.7173543,4916560.15827499,907.0,-2.3415733007587706e-07,937.7,ASK
831,1712705469.83273,4916593.23434996,907.0,7.0456314166031674e-09,937.7,BID
832,1712705478.3984103,4922101.76637234,906.8,-1.1733885084733407e-06,937.7,ASK
833,1712705478.4988885,4922107.12936539,906.8,-1.1423868266094743e-09,937.7,ASK
834,1712705478.5062654,4922217.40726569,906.8,-2.3490617904165937e-08,937.7,ASK
835,1712705478.5094645,4922317.40726569,906.8,-2.1301292317195453e-08,937.7,ASK
836,1712705490.193303,4922317.40726569,906.8,-0.0,937.7,ASK
837,1712705496.188568,4922804.46257391,906.5,-1.0359117989306236e-07,937.7,ASK
838,1712705496.258204,4922868.97924583,906.5,-1.3721969669958126e-08,937.7,ASK
839,1712705497.1284988,4922942.87327535,907.8,1.5716428043779127e-08,937.7,BID
840,1712705520.1376755,4922942.87327535,907.8,0.0,937.7,BID
841,1712705548.6979058,4923178.37539354,906.4,-5.0082608271869e-08,937.7,ASK
842,1712705548.704936,4923261.46971235,906.5,-1.7671094640518943e-08,937.7,ASK
843,1712705548.7680202,4924231.46284935,906.4,-2.062817382713415e-07,937.7,ASK
844,1712705548.7880292,4924231.46285011,906.4,-1.616152765622353e-16,937.7,ASK
845,1712705548.8558197,4924231.46285076,906.3,-1.382444400005395e-16,937.7,ASK
846,1712705548.8593154,4924783.15654976,906.3,-1.1732488703488049e-07,937.7,ASK
847,1712705548.8622513,4925486.16692274,906.2,-1.4950435856639456e-07,937.7,ASK
848,1712705548.947821,4927563.03040359,906.1,-4.416722063694101e-07,937.7,ASK
849,1712705548.9543433,4928452.10258105,906.1,-1.890728369299763e-07,937.7,ASK
850,1712705549.0280218,4929539.94546389,906.0,-2.313440294354424e-07,937.7,ASK
851,1712705549.0345242,4929548.94546389,905.9,-1.9139678144360184e-09,937.7,ASK
852,1712705550.1452413,4929548.94546389,905.9,-0.0,937.7,ASK
853,1712705552.6977973,4930652.94193089,905.8,-2.344807949010976e-07,937.7,ASK
854,1712705552.707703,4930660.34317089,905.9,-1.571969376921167e-09,937.7,ASK
855,1712705552.7127469,4930660.3431711,905.8,-4.470418311472278e-17,937.7,ASK
856,1712705559.2477255,4931101.99051569,905.7,-9.380267375934693e-08,937.7,ASK
857,1712705559.2541883,4931113.0316991,905.7,-2.3450668003426983e-09,937.7,ASK
858,1712705559.3079088,4931146.15890758,905.6,-7.035977387225679e-09,937.7,ASK
859,1712705559.314294,4931246.15890758,905.6,-2.1239270406209045e-08,937.7,ASK
1060,1712705559.3190732,4931246.15890778,905.7,-4.2528315794979636e-17,937.7,ASK
860,1712705559.3190732,4931246.15890778,905.7,-4.252831579497964e-17,937.7,ASK
861,1712705559.3220398,4931257.35706981,905.6,-2.3784079139703634e-09,937.7,ASK
862,1712705559.3678827,4931367.79329289,905.5,-2.3455848046446522e-08,937.7,ASK
863,1712705559.3731062,4931699.10196213,905.5,-7.036754413894396e-08,937.7,ASK
864,1712705563.877813,4932436.11720648,905.3,-1.565366606826421e-07,937.7,ASK
865,1712705563.8876398,4932466.11720648,905.3,-6.371781121862713e-09,937.7,ASK
866,1712705564.50747,4932576.49240648,905.3,2.3442887189321883e-08,937.7,BID
867,1712705564.602617,4932584.83648325,905.1,-1.7722210281579647e-09,937.7,ASK
868,1712705564.605811,4932634.83648325,905.1,-1.0619635203104524e-08,937.7,ASK
869,1712705568.7374496,4933480.75298325,905.1,1.7966649284560165e-07,937.7,BID
870,1712705568.8575482,4933714.70028282,905.1,4.968869956366335e-08,937.7,BID
871,1712705568.970575,4934006.1830781,905.1,6.190881907718182e-08,937.7,BID
872,1712705580.221259,4934006.1830781,905.1,0.0,937.7,BID
873,1712705610.1912997,4934006.1830781,905.1,0.0,937.7,BID
874,1712705611.5471587,4934381.83217765,905.3,-7.971679817446673e-08,937.7,ASK
875,1712705616.9212563,4937311.92444137,905.3,-6.217972408271752e-07,937.7,ASK
876,1712705616.9246564,4937629.37362439,905.0,-6.736614698062666e-08,937.7,ASK
877,1712705640.135472,4937629.37362439,905.0,-0.0,937.7,ASK
878,1712705652.016888,4938772.21777519,905.0,-2.423551877235236e-07,937.7,ASK
879,1712705670.1312609,4938772.21777519,905.0,-0.0,937.7,ASK
880,1712705700.1942496,4938772.21777519,905.0,-0.0,937.7,ASK
881,1712705712.126354,4940440.72606249,905.0,-3.5467264571184506e-07,937.7,ASK
882,1712705712.1364117,4940772.21777519,905.1,-7.046476404702754e-08,937.7,ASK
883,1712705717.426671,4940783.19592866,905.0,-2.3336118650797043e-09,937.7,ASK
884,1712705717.5463054,4940794.17408213,905.0,-2.3336118650797043e-09,937.7,ASK
885,1712705730.1899128,4940794.17408213,905.0,-0.0,937.7,ASK
886,1712705760.125451,4940794.17408213,905.0,-0.0,937.7,ASK
887,1712705790.1289918,4940794.17408213,905.0,-0.0,937.7,ASK
888,1712705802.0060768,4940823.71700727,905.0,-6.277459527624081e-09,937.7,ASK
889,1712705802.0130486,4941275.89244622,905.0,-9.60809738356165e-08,937.7,ASK
890,1712705802.0196774,4941496.88692134,905.0,-4.695824353288623e-08,937.7,ASK
891,1712705802.0227177,4942481.03102566,904.9,-2.091168953300651e-07,937.7,ASK
892,1712705802.1099625,4942514.18386023,904.9,7.044514930527777e-09,937.7,BID
893,1712705820.1967404,4942514.18386023,904.9,0.0,937.7,BID
894,1712705826.3461783,4943353.91341945,904.9,1.7837182479632672e-07,937.7,BID
895,1712705826.352847,4946432.44339694,904.9,6.539284031939395e-07,937.7,BID
896,1712705831.0469751,4947347.53345318,904.9,-1.943795849419975e-07,937.7,ASK
897,1712705842.5865736,4947514.18386018,904.9,-3.5399179263362924e-08,937.7,ASK
898,1712705842.5927005,4947514.18386023,904.9,-1.0682691927839205e-17,937.7,ASK
899,1712705850.2022014,4947514.18386023,904.9,-0.0,937.7,ASK
900,1712705857.2583814,4948075.50684023,904.5,-1.191193862825355e-07,937.7,ASK
901,1712705857.276837,4948217.81214558,904.5,-3.019887166922485e-08,937.7,ASK
902,1712705857.2833152,4948454.13199079,904.5,-5.014987080682917e-08,937.7,ASK
1103,1712705868.2762542,4948487.31416009,904.1,-7.04164943058337e-09,937.7,ASK
903,1712705868.2762542,4948487.31416009,904.1,-7.0416494305833705e-09,937.7,ASK
904,1712705868.2851472,4948818.80587279,904.1,-7.03464685777676e-08,937.7,ASK
905,1712705868.356689,4948878.33452145,904.0,-1.2632684474584173e-08,937.7,ASK
906,1712705868.3619168,4948933.64425596,904.0,-1.1737380910924644e-08,937.7,ASK
907,1712705868.3676178,4948933.64425677,904.1,-1.7174714704944592e-16,937.7,ASK
908,1712705868.370855,4949044.26372579,904.0,-2.3474761821849288e-08,937.7,ASK
909,1712705868.4759982,4950044.26372579,903.9,-2.122118468810913e-07,937.7,ASK
910,1712705868.4829323,4950094.26372579,903.9,-1.061059234405456e-08,937.7,ASK
1110,1712705868.4829323,4950094.26372579,903.9,-1.0610592344054561e-08,937.7,ASK
911,1712705868.488278,4950094.26372757,903.9,-3.776856133619e-16,937.7,ASK
1111,1712705868.488278,4950094.26372757,903.9,-3.7768561336190004e-16,937.7,ASK
912,1712705868.755663,4950882.15606248,903.8,-1.6720008753472966e-07,937.7,ASK
913,1712705868.7680633,4950915.34190319,904.0,-7.042428547384865e-09,937.7,ASK
914,1712705880.1283886,4950915.34190319,904.0,-0.0,937.7,ASK
915,1712705904.3253975,4950948.5277439,904.0,7.037836160530491e-09,937.7,BID
916,1712705906.3756208,4951014.8260439,904.0,1.4060110069157168e-08,937.7,BID
917,1712705908.1052558,4951968.5065439,904.0,2.022503261897287e-07,937.7,BID
918,1712705910.131052,4951968.5065439,904.0,0.0,937.7,BID
919,1712705916.8553672,4951975.14371204,904.0,1.4072830916315023e-09,937.7,BID
920,1712705920.825246,4962337.5533538,904.0,2.197148478007032e-06,937.7,BID
921,1712705940.195925,4962337.5533538,904.0,0.0,937.7,BID
922,1712705941.067504,4963037.09061469,904.0,-1.4802913480989078e-07,937.7,ASK
923,1712705941.1551068,4963587.5533538,904.0,1.1648346352825262e-07,937.7,BID
924,1712705959.804953,4967740.3145819,903.8,-8.787661301779912e-07,937.7,ASK
925,1712705970.1979983,4967740.3145819,903.8,-0.0,937.7,ASK
926,1712705990.5551538,4967954.60794952,903.8,-4.5299825886429584e-08,937.7,ASK
927,1712705993.744835,4969325.46640392,904.0,2.897880134545562e-07,937.7,BID
928,1712706000.1530058,4969325.46640392,904.0,0.0,937.7,BID
929,1712706017.1858509,4970539.99089964,904.0,-2.5759263884741735e-07,937.7,ASK
930,1712706019.6148036,4971910.84935405,904.0,-2.9075004086141564e-07,937.7,ASK
931,1712706028.2045596,4974009.51633603,904.0,-4.451134315160723e-07,937.7,ASK
932,1712706028.2678552,4974388.97005631,904.0,8.04796325408383e-08,937.7,BID
933,1712706030.1271455,4974388.97005631,904.0,0.0,937.7,BID
934,1712706060.194523,4974388.97005631,904.0,0.0,937.7,BID
935,1712706082.8744962,4974397.27451631,903.9,-1.759612920164571e-09,937.7,ASK
936,1712706090.1974835,4974397.27451631,903.9,-0.0,937.7,ASK
937,1712706098.7749743,4976957.01385364,903.8,-5.423764154067131e-07,937.7,ASK
938,1712706107.6243827,4978101.2107747,903.8,-2.4244086712789945e-07,937.7,ASK
939,1712706115.0743248,4978211.7935459,903.8,-2.3431091664047724e-08,937.7,ASK
940,1712706115.299829,4979923.93669749,903.8,-3.627814956310106e-07,937.7,ASK
941,1712706119.5643756,4980351.97248539,903.8,-9.069537390829533e-08,937.7,ASK
942,1712706120.1221836,4980351.97248539,903.8,-0.0,937.7,ASK
943,1712706125.1242027,4980672.99932631,903.8,-6.794405061729053e-08,937.7,ASK
944,1712706139.7542117,4982043.85778072,903.8,-2.9013672485604173e-07,937.7,ASK
945,1712706140.0342062,4983414.71623513,903.8,-2.9013672485604173e-07,937.7,ASK
946,1712706140.114189,4984344.63269452,903.8,-1.968131100984108e-07,937.7,ASK
947,1712706143.254301,4984444.63269452,903.9,2.116460119735087e-08,937.7,BID
948,1712706148.586427,4984544.63269452,903.9,2.116460119735087e-08,937.7,BID
949,1712706150.1341617,4984544.63269452,903.9,0.0,937.7,BID
950,1712706163.0941534,4985191.87851374,903.9,1.3687722086902448e-07,937.7,BID
951,1712706180.1878684,4985191.87851374,903.9,0.0,937.7,BID
952,1712706192.2280138,4985302.45563374,904.0,2.3381559287931168e-08,937.7,BID
953,1712706192.234318,4986516.98012946,904.0,2.568115040745496e-07,937.7,BID
954,1712706192.484314,4989243.44501529,904.5,5.765116723490908e-07,937.7,BID
955,1712706192.564129,4989748.34592006,904.5,1.0676142080257184e-07,937.7,BID
956,1712706200.174131,4990350.74210306,905.0,1.27376821422841e-07,937.7,BID
957,1712706210.179681,4990350.74210306,905.0,0.0,937.7,BID
958,1712706236.1842542,4990895.96120621,905.0,1.151730850542457e-07,937.7,BID
959,1712706240.1368032,4990895.96120621,905.0,0.0,937.7,BID
960,1712706270.126497,4990895.96120621,905.0,0.0,937.7,BID
961,1712706278.0338163,4991117.05340166,904.6,-4.669905404989792e-08,937.7,ASK
962,1712706285.323732,4991454.64864738,904.7,-7.1306807527738e-08,937.7,ASK
963,1712706296.3537388,4992117.05340166,904.7,-1.3991301393533837e-07,937.7,ASK
964,1712706296.363676,4994188.82384017,904.7,-4.375989821345602e-07,937.7,ASK
965,1712706300.150363,4994188.82384017,904.7,-0.0,937.7,ASK
966,1712706300.439502,4994456.78219714,904.7,-5.728671469013679e-08,937.7,ASK
967,1712706300.444161,4995456.78219714,904.8,-2.1378961767761789e-07,937.7,ASK
968,1712706300.555229,4995680.0253654,905.0,4.7727071591439294e-08,937.7,BID
969,1712706319.524035,4996038.3045776,905.0,-7.659637579809386e-08,937.7,ASK
970,1712706319.8078775,4996071.49041831,905.0,-7.094788197715393e-09,937.7,ASK
971,1712706330.1273065,4996071.49041831,905.0,-0.0,937.7,ASK
972,1712706360.2025702,4996071.49041831,905.0,-0.0,937.7,ASK
973,1712706369.5336182,4996700.79273932,905.1,-1.3448932191856777e-07,937.7,ASK
974,1712706377.432258,4997071.49041831,905.1,-7.922246243153659e-08,937.7,ASK
975,1712706377.438197,4997348.03855854,905.1,-5.9101596507182926e-08,937.7,ASK
976,1712706390.2035966,4997348.03855854,905.1,-0.0,937.7,ASK
977,1712706420.1382492,4997348.03855854,905.1,-0.0,937.7,ASK
978,1712706421.5334344,4997913.78441489,905.2,-1.2087670916237686e-07,937.7,ASK
979,1712706435.943614,5001015.78441489,905.3,-6.627703015636982e-07,937.7,ASK
980,1712706436.4133973,5001087.35961489,905.3,-1.5292687584906604e-08,937.7,ASK
981,1712706450.1352782,5001087.35961489,905.3,-0.0,937.7,ASK
982,1712706457.763517,5001559.79038108,905.3,-1.008661445431533e-07,937.7,ASK
983,1712706457.7712731,5001779.85049045,905.1,-4.6983846922098254e-08,937.7,ASK
984,1712706480.1932793,5001779.85049045,905.1,-0.0,937.7,ASK
985,1712706507.8831534,5001813.03633116,905.1,-7.084381673780302e-09,937.7,ASK
986,1712706510.1873372,5001813.03633116,905.1,-0.0,937.7,ASK
987,1712706540.1408224,5001813.03633116,905.1,-0.0,937.7,ASK
988,1712706559.663208,5002272.99275349,905.1,-9.818904345100305e-08,937.7,ASK
989,1712706560.6265154,5002807.29495481,905.1,-1.1405998376035476e-07,937.7,ASK
990,1712706565.7873518,5002859.67684601,905.7,1.1182206707690222e-08,937.7,BID
991,1712706570.128542,5002859.67684601,905.7,0.0,937.7,BID
992,1712706579.4838371,5003135.71195697,905.7,5.89145884566494e-08,937.7,BID
993,1712706587.0433807,5003168.85746575,905.1,-7.074295737658899e-09,937.7,ASK
994,1712706587.057094,5003519.06285029,905.1,-7.474486138263416e-08,937.7,ASK
995,1712706587.0605114,5003850.48132134,905.2,-7.07351422103981e-08,937.7,ASK
996,1712706587.0640392,5004350.23645269,905.1,-1.0666348853269026e-07,937.7,ASK
997,1712706600.1672678,5004350.23645269,905.1,-0.0,937.7,ASK
998,1712706619.7471385,5004782.93621578,905.1,-9.29544100432888e-08,937.7,ASK
999,1712706619.751284,5004810.19287502,905.1,-5.855391880407642e-09,937.7,ASK
1000,1712706630.1310394,5004810.19287502,905.1,-0.0,937.7,ASK
1201,1712706653.6633797,5005914.0608293,905.0,-2.371164197164773e-07,937.7,ASK
1202,1712706653.665986,5006522.59577763,905.0,-1.307163847457776e-07,937.7,ASK
1203,1712706653.6685123,5006555.72106209,905.2,-7.115478642964218e-09,937.7,ASK
1204,1712706653.6710367,5007069.57049326,905.1,-1.1037745676008976e-07,937.7,ASK
1205,1712706653.80289,5007080.63244016,904.0,-2.376162143092901e-09,937.7,ASK
1206,1712706653.8054674,5008186.27430926,904.0,-2.374974655918201e-07,937.7,ASK
1207,1712706653.9430325,5008197.33870403,903.8,-2.376687958070013e-09,937.7,ASK
1208,1712706653.9455705,5008883.43724687,903.8,-1.4737743714740169e-07,937.7,ASK
1209,1712706653.954889,5009110.20948933,903.8,-4.8711824647656827e-08,937.7,ASK
1210,1712706653.956056,5009110.20948956,904.0,-4.9413041467965065e-17,937.7,ASK
1211,1712706653.957199,5009663.42922785,903.8,-1.1883439785648828e-07,937.7,ASK
1212,1712706659.183886,5009668.9637564,903.6,-1.188844724995712e-09,937.7,ASK
1213,1712706659.186605,5010222.3671875,903.5,-1.1887385600098369e-07,937.7,ASK
1214,1712706659.189371,5010281.52440626,903.2,-1.2707269794667958e-08,937.7,ASK
1215,1712706659.192134,5010455.02053896,903.1,-3.7267846811668095e-08,937.7,ASK
1216,1712706659.1948144,5010515.88255068,903.7,-1.3073467945085613e-08,937.7,ASK
1217,1712706659.1969209,5010527.92579945,903.6,-2.586950748034268e-09,937.7,ASK
1218,1712706659.1981027,5011081.20675551,903.7,-1.188475477429069e-07,937.7,ASK
1219,1712706659.1993008,5011086.74189662,903.5,-1.18897630612361e-09,937.7,ASK
1220,1712706660.1875746,5011086.74189662,903.5,-0.0,937.7,ASK
1221,1712706690.2026603,5011086.74189662,903.5,-0.0,937.7,ASK
1222,1712706691.1730635,5011233.09361278,903.1,-3.1398810762933026e-08,937.7,ASK
1223,1712706720.1488647,5011233.09361278,903.1,-0.0,937.7,ASK
1224,1712706750.1226172,5011233.09361278,903.1,-0.0,937.7,ASK
1225,1712706768.1926389,5011298.54750406,903.3,-1.404230933882016e-08,937.7,ASK
1226,1712706768.2087033,5013401.35033437,903.3,-4.511299060187167e-07,937.7,ASK
1227,1712706775.324972,5015529.88592983,903.3,-4.566505472109999e-07,937.7,ASK
1228,1712706777.59324,5015573.53406977,903.2,-9.364159580270268e-09,937.7,ASK
1229,1712706777.596207,5015899.35193183,903.2,-6.990012538107046e-08,937.7,ASK
1230,1712706777.6126394,5016573.53406977,903.2,-1.4463730034243136e-07,937.7,ASK
1231,1712706777.6148,5016673.53406977,903.2,-2.1453742572350183e-08,937.7,ASK
1232,1712706777.692582,5016896.77724577,903.1,-4.789401628941999e-08,937.7,ASK
1233,1712706777.7730863,5018575.36896539,903.1,-3.6012074636804585e-07,937.7,ASK
1234,1712706777.7759938,5019419.11966677,903.1,-1.810161034264562e-07,937.7,ASK
1235,1712706777.8525023,5020526.41674457,903.1,-2.375566645823997e-07,937.7,ASK
1236,1712706780.197694,5020526.41674457,903.1,-0.0,937.7,ASK
1237,1712706783.5134082,5021353.55880257,903.1,-1.7713394880085988e-07,937.7,ASK
1238,1712706787.9728117,5023015.42233474,903.1,-3.5589104310952455e-07,937.7,ASK
1239,1712706787.975749,5023877.73861157,903.1,-1.8466657057608378e-07,937.7,ASK
1240,1712706800.2525928,5023888.81280869,903.0,-2.3715590891530584e-09,937.7,ASK
1241,1712706800.2650626,5024009.9931957,903.1,-2.5950996277884683e-08,937.7,ASK
1242,1712706800.2672498,5024337.6950339,903.0,-7.017793384853515e-08,937.7,ASK
1243,1712706800.3057363,5024348.61981363,903.0,-2.339561088235677e-09,937.7,ASK
1244,1712706800.572513,5024499.73956414,903.0,-3.2362564435857456e-08,937.7,ASK
1245,1712706800.5828571,5025268.53265828,903.0,-1.6463841399269557e-07,937.7,ASK
1246,1712706810.1866066,5025268.53265828,903.0,-0.0,937.7,ASK
1247,1712706816.3724964,5025288.53265828,903.3,4.2791113410022616e-09,937.7,BID
1248,1712706840.138916,5025288.53265828,903.3,0.0,937.7,BID
1249,1712706861.3925354,5025294.07086426,903.0,-1.1849254208429515e-09,937.7,ASK
1250,1712706861.394982,5027192.95111375,903.0,-4.062744301587015e-07,937.7,ASK
1251,1712706870.1293654,5027192.95111375,903.0,-0.0,937.7,ASK
1252,1712706871.7125862,5030825.88369664,903.0,7.769972612704744e-07,937.7,BID
1253,1712706871.7149196,5031344.06939939,903.3,1.108275099193739e-07,937.7,BID
1254,1712706871.7330103,5031349.60944591,902.7,-1.184883251980463e-09,937.7,ASK
1255,1712706871.7359416,5031903.50331984,902.7,-1.184646324308503e-07,937.7,ASK
1256,1712706871.738782,5031976.1224125,902.5,-1.5531484503327882e-08,937.7,ASK
1257,1712706871.7409456,5031998.28553306,902.4,-4.740160623322165e-09,937.7,ASK
1258,1712706871.742205,5032132.25867732,902.7,-2.8653646550873584e-08,937.7,ASK
1259,1712706871.743501,5032137.80179414,902.2,-1.1855399157039375e-09,937.7,ASK
1260,1712706871.7447662,5032479.81322749,902.1,-7.314805352779333e-08,937.7,ASK
1261,1712706871.746037,5032490.8935599,902.5,-2.369817699753155e-09,937.7,ASK
1262,1712706871.7473602,5032503.05200682,902.3,-2.600400569698753e-09,937.7,ASK
1263,1712706871.748648,5032508.59389511,902.4,-1.1852771625720075e-09,937.7,ASK
1264,1712706871.749936,5032558.59389511,902.2,-1.0693802369605774e-08,937.7,ASK
1265,1712706881.8222764,5034639.74688968,903.3,4.4510877649676614e-07,937.7,BID
1266,1712706900.1864705,5034639.74688968,903.3,0.0,937.7,BID
1267,1712706928.812181,5034659.74688968,903.3,4.32826129033728e-09,937.7,BID
1268,1712706930.2011218,5034659.74688968,903.3,0.0,937.7,BID
1269,1712706942.266868,5035874.2713854,903.3,2.628379404272113e-07,937.7,BID
1270,1712706942.269985,5036474.06647288,903.3,1.2980298547058065e-07,937.7,BID
1271,1712706959.5459776,5036738.82027228,903.3,-5.729595705964146e-08,937.7,ASK
1272,1712706960.1464195,5036738.82027228,903.3,-0.0,937.7,ASK
1273,1712706990.140881,5036738.82027228,903.3,-0.0,937.7,ASK
1274,1712707020.1955898,5036738.82027228,903.3,-0.0,937.7,ASK
1275,1712707050.2065003,5036738.82027228,903.3,-0.0,937.7,ASK
1276,1712707075.7755754,5036748.48760274,903.0,-2.091278476745755e-09,937.7,ASK
1277,1712707076.0025406,5036866.78319907,902.4,-2.5590211851257826e-08,937.7,ASK
1278,1712707076.0056682,5037857.11586861,903.0,-2.142330196803768e-07,937.7,ASK
1279,1712707076.0087094,5037877.11586861,902.4,-4.326485963142451e-09,937.7,ASK
1280,1712707080.1327994,5037877.11586861,902.4,-0.0,937.7,ASK
1281,1712707110.135883,5037877.11586861,902.4,-0.0,937.7,ASK
1282,1712707139.7524989,5037932.1903134,904.4,1.1911292286502832e-08,937.7,BID
1283,1712707139.7550652,5038564.58512999,904.4,1.3677195529936354e-07,937.7,BID
1284,1712707140.1896098,5038564.58512999,904.4,0.0,937.7,BID
1285,1712707170.167277,5038564.58512999,904.4,0.0,937.7,BID
1286,1712707182.502632,5038618.87924899,904.6,1.1740947585682364e-08,937.7,BID
1287,1712707182.505832,5038670.61549099,904.6,1.1187814017350429e-08,937.7,BID
1288,1712707200.1817248,5038670.61549099,904.6,0.0,937.7,BID
1289,1712707201.2683043,33.22070407,902.6,-7.324854766273877e-09,902.6,ASK
1290,1712707201.2699356,240.65651096,902.6,-4.573765672131597e-08,902.6,ASK
1291,1712707202.4561589,283.43978928,902.7,-9.433313016447277e-09,902.7,ASK
1292,1712707202.9267304,305.52459493,905.6,4.869493240924996e-09,905.6,BID
1293,1712707208.0318182,336.04415228,905.6,6.7292771594686e-09,905.6,BID
1294,1712707211.190817,431.25005973,905.7,2.0992012796993143e-08,905.7,BID
1295,1712707211.1923733,665.83506653,905.9,5.172380156467195e-08,905.9,BID
1296,1712707211.3572938,715.83506653,906.1,1.102453269930633e-08,906.1,BID
1297,1712707211.944699,753.54446653,905.9,-8.314570267424459e-09,906.1,ASK
1298,1712707215.7431924,773.28512722,905.9,-4.352631185656328e-09,906.1,ASK
1299,1712707215.744765,2038.15404994,905.6,-2.7889177597726025e-07,906.1,ASK
1300,1712707218.291829,2091.45503116,905.6,-1.1752368207300062e-08,906.1,ASK
1301,1712707220.1109743,2251.64298502,905.6,-3.53199467072909e-08,906.1,ASK
1302,1712707220.2801688,2411.9679102,905.6,-3.5350147603214976e-08,906.1,ASK
1303,1712707220.6647444,2422.63343921,905.6,-2.3516494665228555e-09,906.1,ASK
1304,1712707220.6959405,2433.30010587,905.6,-2.351900307715495e-09,906.1,ASK
1305,1712707220.748591,2443.96563488,905.6,-2.3516494665228555e-09,906.1,ASK
1306,1712707220.7676497,2454.63116389,905.6,-2.351649466522956e-09,906.1,ASK
1307,1712707220.7704518,2465.2966929,905.6,-2.3516494665228555e-09,906.1,ASK
1308,1712707220.8049884,2475.96222191,905.6,-2.351649466522956e-09,906.1,ASK
1309,1712707220.8666391,2529.30124473,905.6,-1.1760756024562649e-08,906.1,ASK
1310,1712707226.8840315,3621.24357959,905.6,-2.407630795284196e-07,906.1,ASK
1311,1712707230.208504,3621.24357959,905.6,-0.0,906.1,ASK
1312,1712707260.251929,3621.24357959,905.6,-0.0,906.1,ASK
1313,1712707260.281795,3621.24357959,905.6,-0.0,906.1,ASK
1314,1712707262.2927997,4621.24357959,905.6,-2.2033137268341002e-07,906.1,ASK
1315,1712707266.4238377,4981.84234301,905.6,-7.945122053226885e-08,906.1,ASK
1316,1712707290.243668,4981.84234301,905.6,-0.0,906.1,ASK
1317,1712707291.983673,5326.50172409,905.6,-7.591866390609944e-08,906.1,ASK
1318,1712707297.463378,5510.28332878,905.6,-4.048186309295688e-08,906.1,ASK
1319,1712707297.465004,6123.56903851,905.6,-1.350894077785116e-07,906.1,ASK
1320,1712707301.0013187,7176.99550548,905.6,-2.3203990457210895e-07,906.1,ASK
1321,1712707301.011088,7261.83238577,905.6,-1.868715304192895e-08,906.1,ASK
1322,1712707316.075878,7271.42931475,905.6,2.1139306392308787e-09,906.1,BID
1323,1712707320.1550436,7271.42931475,905.6,0.0,906.1,BID
1324,1712707320.303071,7271.42931475,905.6,0.0,906.1,BID
1325,1712707326.613825,11698.91182384,905.5,9.74803321043782e-07,906.1,BID
1326,1712707326.8532884,11712.84800364,905.6,3.06834286161744e-09,906.1,BID
1327,1712707326.8567383,11849.51093734,905.6,3.0089216921994544e-08,906.1,BID
1328,1712707326.860093,11959.03996253,905.7,-2.4115116725293483e-08,906.1,ASK
1329,1712707350.2925415,11959.03996253,905.7,-0.0,906.1,ASK
1330,1712707351.4034774,12195.35980774,906.6,5.1982200232392495e-08,906.6,BID
1331,1712707351.4051054,12460.03141224,908.0,5.8218607619354287e-08,908.0,BID
1332,1712707351.40669,12510.12581233,906.9,1.1019037075307633e-08,908.0,BID
1333,1712707366.263055,26892.70889723,905.7,-3.163671307900192e-06,908.0,ASK
1334,1712707366.2648993,28276.70889723,906.2,-3.044321777449554e-07,908.0,ASK
1335,1712707366.266503,28367.04785411,906.9,-1.9871448972677226e-08,908.0,ASK
1336,1712707377.8656704,29144.57882419,905.7,1.7102994688266106e-07,908.0,BID
1337,1712707377.9537735,29237.36211248,905.7,-2.0409117422299693e-08,908.0,ASK
1338,1712707377.9642763,29603.52061148,905.7,-8.054221766646912e-08,908.0,ASK
1339,1712707380.3197303,29603.52061148,905.7,-0.0,908.0,ASK
1340,1712707380.3321862,29603.52061148,905.7,-0.0,908.0,ASK
1341,1712707393.8141725,30259.78938,905.7,-1.4385073796696956e-07,908.0,ASK
1342,1712707393.8327186,30309.88378008,908.8,1.0980434793159207e-08,908.8,BID
1343,1712707393.8428483,31529.76700304,908.8,2.67392126936136e-07,908.8,BID
1344,1712707393.8455656,31537.0059742,905.7,1.586745238290263e-09,908.8,BID
1345,1712707410.2396855,31537.0059742,905.7,0.0,908.8,BID
1346,1712707422.6499543,31647.27171463,906.9,-2.4160388366197444e-08,908.8,ASK
1347,1712707422.652681,32134.16293991,905.7,-1.0668301005357733e-07,908.8,ASK
1348,1712707427.1949992,32143.80521002,908.7,2.1127232237407287e-09,908.8,BID
1349,1712707427.1967118,33695.80521002,908.7,3.400595923821287e-07,908.8,BID
1350,1712707427.198375,35149.86954667,908.8,3.186008541356892e-07,908.8,BID
1351,1712707430.0147376,46149.75954777,909.1,2.410192081199948e-06,909.1,BID
1352,1712707430.0176208,57997.89038782,909.2,2.5960506082200583e-06,909.2,BID
1353,1712707430.0202692,59381.89038782,908.8,3.032490179490117e-07,909.2,BID
1354,1712707430.021863,70841.15379795,909.3,2.510845647067171e-06,909.3,BID
1355,1712707430.0234685,79170.72736511,908.8,1.8250975463694475e-06,909.3,BID
1356,1712707430.0250845,90173.03785032,908.9,2.41072243483385e-06,909.3,BID
1357,1712707430.0266895,101174.13796034,909.0,2.410457228845612e-06,909.3,BID
1358,1712707430.0283222,101196.3010809,909.3,4.856173803833223e-09,909.3,BID
1359,1712707433.1533115,101248.90544391,909.7,1.1526171548133473e-08,909.7,BID
1360,1712707433.1551726,101719.78809895,910.0,1.0317536322984276e-07,910.0,BID
1361,1712707433.1568878,103796.6515798,909.8,4.550627246979266e-07,910.0,BID
1362,1712707433.158565,105252.6515798,909.7,3.190249784203475e-07,910.0,BID
1363,1712707434.7768996,105424.28924529,909.9,3.7607625363368265e-08,910.0,BID
1364,1712707435.12275,105595.92691078,906.0,-3.7607625363371455e-08,910.0,ASK
1365,1712707435.336714,105768.02807165,909.9,3.7709182096611204e-08,910.0,BID
1366,1712707435.7143457,106880.28924529,909.9,2.437081709603649e-07,910.0,BID
1367,1712707435.7173045,111409.40659025,910.0,9.923774472795925e-07,910.0,BID
1368,1712707435.720236,114982.40329716,911.0,7.828813168392403e-07,911.0,BID
1369,1712707435.723164,115154.50445803,911.0,-3.770918209661439e-08,911.0,ASK
1370,1712707435.9002128,115327.18247737,911.7,3.783557788022891e-08,911.7,BID
1371,1712707435.980652,115852.61257222,911.0,-1.151272834278287e-07,911.7,ASK
1372,1712707436.3297496,116025.29059156,911.0,-3.783557788022891e-08,911.7,ASK
1373,1712707436.4131346,116335.54599156,911.0,-6.79802350891446e-08,911.7,ASK
1374,1712707436.4929976,116349.80842156,911.6,3.1250490542393637e-09,911.7,BID
1375,1712707436.495956,116507.48260641,911.7,3.4548079271442456e-08,911.7,BID
1376,1712707436.6694808,117641.13040222,911.7,2.483942057654945e-07,911.7,BID
1377,1712707436.6712782,117695.13040222,911.8,1.18319703535019e-08,911.8,BID
1378,1712707436.6730392,117716.37952575,911.9,4.655907400830016e-09,911.9,BID
1379,1712707436.79865,117816.37952575,915.0,2.1911056210188703e-08,915.0,BID
1380,1712707436.8006413,118089.58069564,915.1,5.986126190149154e-08,915.1,BID
1381,1712707436.80233,118101.63467055,913.5,2.6411532180919115e-09,915.1,BID
1382,1712707436.8040867,118108.27698207,913.2,1.4554006108033431e-09,915.1,BID
1383,1712707436.805812,118158.46578223,913.9,1.0996896214277282e-08,915.1,BID
1384,1712707436.859728,118330.40239708,911.0,-3.767312832567863e-08,915.1,ASK
1385,1712707436.9570997,118562.44329708,911.6,-5.084261202962617e-08,915.1,ASK
1386,1712707437.052637,118734.19914488,915.1,3.7633520355743975e-08,915.1,BID
1387,1712707437.2728834,118993.37737676,915.1,5.6788688071802334e-08,915.1,BID
1388,1712707437.4348855,119165.13322456,911.7,-3.7633520355743975e-08,915.1,ASK
1389,1712707437.6628337,119336.40013122,915.1,3.7526388187722253e-08,915.1,BID
1390,1712707437.7446456,119444.49704613,915.1,2.3685175787409583e-08,915.1,BID
1391,1712707437.7552876,121044.49704613,914.6,3.5057689936301924e-07,915.1,BID
1392,1712707437.7570834,121389.21751563,915.8,7.55318958401738e-08,915.8,BID
1393,1712707437.7588556,121395.89842192,915.3,1.4638571325517699e-09,915.8,BID
1394,1712707437.760643,121461.50574796,915.1,1.4375258086623152e-08,915.8,BID
1395,1712707437.7624154,121589.24660817,915.8,2.7989371683992564e-08,915.8,BID
1396,1712707437.7642305,121598.66173121,915.3,2.062952901553281e-09,915.8,BID
1397,1712707437.7660103,121620.65722575,915.5,4.819445172367287e-09,915.8,BID
1398,1712707437.767831,122070.65722575,915.7,9.859975294584917e-08,915.8,BID
1399,1712707437.7696147,122077.77751816,915.3,1.5601312722864543e-09,915.8,BID
1400,1712707437.7714198,122084.40076576,915.9,1.451223504576076e-09,915.9,BID
1401,1712707437.773216,122095.44926868,916.0,2.420843685183729e-09,916.0,BID
1402,1712707437.775026,125328.43415496,916.6,7.083811356997191e-07,916.6,BID
1403,1712707437.7768345,125350.42909612,916.2,4.819323920964547e-09,916.6,BID
1404,1712707437.7786343,125404.99042306,916.4,1.1954963014846254e-08,916.6,BID
1405,1712707437.7804708,125760.22790566,915.8,7.783628449214563e-08,916.6,BID
1406,1712707437.78227,125812.54289499,916.4,1.1462766718450449e-08,916.6,BID
1407,1712707437.7841113,125878.71792167,916.2,1.4499647292963958e-08,916.6,BID
1408,1712707437.7859185,125890.67680621,916.6,2.620317913670839e-09,916.6,BID
1409,1712707437.8376694,126062.43265401,915.0,3.7633520355743975e-08,916.6,BID
1410,1712707437.9790893,127598.43265401,915.9,3.365538233884985e-07,916.6,BID
1411,1712707437.9834585,128572.87908647,916.6,2.135115055544886e-07,916.6,BID
1412,1712707437.985284,129391.12041311,916.6,1.7928531701508337e-07,916.6,BID
1413,1712707438.0244355,129562.38731977,913.2,-3.752638818772544e-08,916.6,ASK
1414,1712707438.2246096,130653.37575529,916.6,2.3904708935344656e-07,916.6,BID
1415,1712707438.254453,130826.13388567,916.6,3.785313105523204e-08,916.6,BID
1416,1712707438.6227238,130998.89201605,916.0,-3.785313105523204e-08,916.6,ASK
1417,1712707438.8102202,131004.64133605,916.5,1.2597367369041963e-09,916.6,BID
1418,1712707438.814463,131170.08658336,916.6,3.6250801135182016e-08,916.6,BID
1419,1712707438.865066,132105.62782334,916.6,2.0498696696151362e-07,916.6,BID
1420,1712707439.1360414,135098.07062494,916.6,6.55675824316322e-07,916.6,BID
1421,1712707439.1678605,135269.26519225,916.6,-3.751053787207984e-08,916.6,ASK
1422,1712707439.1956382,135368.91839225,916.6,-2.1835068667251923e-08,916.6,ASK
1423,1712707439.3868785,135379.93823725,917.0,2.4145644322262243e-09,917.0,BID
1424,1712707439.3888128,135539.13647133,917.0,3.488201455490028e-08,917.0,BID
1425,1712707439.5717804,136439.06774906,917.0,1.97184448116485e-07,917.0,BID
1426,1712707439.5736587,139829.48783559,917.0,7.428768509211186e-07,917.0,BID
1427,1712707439.608428,139963.11803559,916.6,-2.9279788235790692e-08,917.0,ASK
1428,1712707439.783877,140133.33611467,916.6,-3.729657898712013e-08,917.0,ASK
1429,1712707439.9630327,140168.96785867,917.3,7.807291456507009e-09,917.3,BID
1430,1712707439.966267,140214.00475441,917.2,9.868059540919985e-09,917.3,BID
1431,1712707439.9772065,140219.6529845,917.6,1.2375868698964502e-09,917.6,BID
1432,1712707439.9804208,140230.86007146,918.9,2.4555911233301723e-09,918.9,BID
1433,1712707439.982421,140293.08599302,917.1,1.3634356650324057e-08,918.9,BID
1434,1712707439.984281,140305.04487756,917.7,2.62031791366765e-09,918.9,BID
1435,1712707440.182535,140305.04487756,917.7,0.0,918.9,BID
1436,1712707440.4051752,140305.04487756,917.7,0.0,918.9,BID
1437,1712707440.5902774,140476.75364045,916.6,-3.6823968915750575e-08,918.9,ASK
1438,1712707440.7439606,140515.54655349,918.9,8.319371707612698e-09,918.9,BID
1439,1712707440.745989,140531.54655349,918.9,3.431295483908333e-09,918.9,BID
1440,1712707440.747951,140567.47672285,918.9,7.70543924131104e-09,918.9,BID
1441,1712707440.7498758,140575.65064285,918.9,1.752945923864484e-09,918.9,BID
1442,1712707440.7518516,140647.3261507,919.0,1.5371240399536765e-08,919.0,BID
1443,1712707440.8799524,141675.65064285,919.0,2.205303241191612e-07,919.0,BID
1444,1712707440.8819618,143909.86976124,919.1,4.79141623187079e-07,919.1,BID
1445,1712707441.052343,144080.44227149,919.0,-3.6580292756233326e-08,919.1,ASK
1446,1712707441.0567975,146871.04967182,919.0,-5.984624106320913e-07,919.1,ASK
1447,1712707441.112693,147041.79304467,919.1,3.66169352604684e-08,919.1,BID
1448,1712707441.492757,147212.53641752,917.9,-3.66169352604684e-08,919.1,ASK
1449,1712707441.6934614,147301.83771752,919.0,1.915119671231972e-08,919.1,BID
1450,1712707441.6963136,148383.89625304,919.1,2.3205391039089362e-07,919.1,BID
1451,1712707441.7050138,148464.0869509,919.1,1.719737371365512e-08,919.1,BID
1452,1712707441.8125618,149051.78853191,919.1,1.260361113003341e-07,919.1,BID
1453,1712707442.0931551,149221.28052977,917.2,-3.634857042598108e-08,919.1,ASK
1454,1712707442.3145142,149391.07742909,919.1,3.64139583636419e-08,919.1,BID
1455,1712707442.673665,149560.87432841,917.2,-3.641395836364814e-08,919.1,ASK
1456,1712707442.6799395,153092.3737294,919.1,7.573511216276226e-07,919.1,BID
1457,1712707442.8983903,153262.86469729,919.1,3.656280551051055e-08,919.1,BID
1458,1712707443.28462,153433.35566518,917.2,-3.6562805510504304e-08,919.1,ASK
1459,1712707443.5079348,153603.9873806,917.9,3.6592989658265926e-08,919.1,BID
1460,1712707443.5829935,153833.93131842,917.9,4.9312849712111175e-08,919.1,BID
1461,1712707443.8704708,154004.56303384,917.2,-3.6592989658265926e-08,919.1,ASK
1462,1712707444.0698855,154175.60479001,919.1,3.668092534411416e-08,919.1,BID
1463,1712707444.442732,154346.64654618,917.2,-3.66809253441204e-08,919.1,ASK
1464,1712707444.5636492,156364.82688044,919.1,4.328108166661821e-07,919.1,BID
1465,1712707444.627357,156536.26951811,919.1,3.67668967741501e-08,919.1,BID
1466,1712707444.8870254,157050.46313911,919.1,1.1027189059948865e-07,919.1,BID
1467,1712707444.8904636,158614.58081399,919.1,3.3543436963230745e-07,919.1,BID
1468,1712707445.0065193,158786.02345166,917.2,-3.67668967741501e-08,919.1,ASK
1469,1712707445.243248,158955.85443764,919.1,3.642126845130287e-08,919.1,BID
1470,1712707445.4934735,158971.85443764,919.3,3.431295483908333e-09,919.3,BID
1471,1712707445.4956193,158986.85443764,919.9,3.216839516164063e-09,919.9,BID
1472,1712707445.499288,159019.48796315,919.3,6.998454294154065e-09,919.9,BID
1473,1712707445.5012958,159055.78809429,919.6,7.784779752875827e-09,919.9,BID
1474,1712707445.503343,162605.22769114,919.1,7.611985036922989e-07,919.9,BID
1475,1712707445.5053704,162623.22769114,920.0,3.860207419396875e-09,920.0,BID
1476,1712707445.507385,162630.23087846,919.1,1.501875314003165e-09,920.0,BID
1477,1712707445.5094123,163448.47230846,920.6,1.7547675771911114e-07,920.6,BID
1478,1712707445.5114496,167534.47344399,920.8,8.762673277242713e-07,920.8,BID
1479,1712707445.513495,167643.16909617,920.0,2.331043127785701e-08,920.8,BID
1480,1712707445.5155268,167648.81921158,920.8,1.211700968120832e-09,920.8,BID
1481,1712707445.5175464,168355.80202647,919.4,1.5161668374580008e-07,920.8,BID
1482,1712707445.5195856,168369.80202647,920.6,3.0023835484197922e-09,920.8,BID
1483,1712707445.5216422,169760.84142277,920.0,2.983166999039249e-07,920.8,BID
1484,1712707445.52374,169797.0892888,920.9,7.773571188127615e-09,920.9,BID
1485,1712707445.52577,172307.53572126,920.8,5.383802191433642e-07,920.9,BID
1486,1712707445.537497,177130.49855373,920.9,-1.034313161632001e-06,920.9,ASK
1487,1712707445.5506098,177152.20936571,921.2,4.656013193687056e-09,921.2,BID
1488,1712707445.5699706,178221.48698925,921.2,2.2931296754356362e-07,921.2,BID
1489,1712707445.5720694,179817.57819446,921.0,-3.422912840214277e-07,921.2,ASK
1490,1712707445.580116,180710.71945973,920.9,-1.915394743758224e-07,921.2,ASK
1491,1712707445.5821707,181117.77705112,921.2,-8.729592968919661e-08,921.2,ASK
1492,1712707445.58647,181134.70422611,919.9,-3.63013369365861e-09,921.2,ASK
1493,1712707445.6163764,181304.53521209,919.9,-3.642126845130287e-08,921.2,ASK
1494,1712707445.8134282,181319.88935209,921.1,3.2927869525770022e-09,921.2,BID
1495,1712707445.822051,181413.11145209,921.1,1.9992035670656123e-08,921.2,BID
1496,1712707445.824162,181503.14783115,921.8,1.930883880350434e-08,921.8,BID
1497,1712707445.8262205,181553.14783115,921.4,1.0722798387213544e-08,921.8,BID
1498,1712707445.8283129,181567.14783115,921.5,3.0023835484197922e-09,921.8,BID
1499,1712707446.2130802,181736.53835021,917.4,-3.6326807691714686e-08,921.8,ASK
1500,1712707446.3326335,182838.22392914,917.4,-2.3626304697933786e-07,921.8,ASK
1501,1712707446.421404,183630.49888294,919.1,1.6990809193673093e-07,921.8,BID
1502,1712707446.432555,183801.64463259,919.1,3.6703227366508043e-08,921.8,BID
1503,1712707446.7933092,183972.79038224,917.4,-3.6703227366508043e-08,921.8,ASK
1504,1712707447.0129066,184144.11606373,919.1,3.674181482338653e-08,921.8,BID
1505,1712707447.372834,184315.44174522,917.4,-3.674181482338653e-08,921.8,ASK
1506,1712707447.583454,184485.96083533,919.1,3.656883648841248e-08,921.8,BID
1507,1712707447.9134328,185065.97995701,917.4,-1.2438856205006048e-07,921.8,ASK
1508,1712707447.9326584,185236.49904712,917.3,-3.656883648841872e-08,921.8,ASK
1509,1712707448.0342803,186811.31330313,917.4,3.377283152900974e-07,921.8,BID
1510,1712707448.1127172,186982.67636801,919.1,3.674983191446212e-08,921.8,BID
1511,1712707448.6592834,187154.03943289,917.2,-3.674983191446212e-08,921.8,ASK
1512,1712707448.7339256,187325.20108524,919.1,3.6706637795430376e-08,921.8,BID
1513,1712707449.1076388,187496.36273759,917.4,-3.6706637795430376e-08,921.8,ASK
1514,1712707449.322814,187667.65721796,919.1,3.673512355699592e-08,921.8,BID
1515,1712707449.7423766,187838.95169833,917.4,-3.673512355700216e-08,921.8,ASK
1516,1712707449.9052992,188009.42954802,919.1,3.6559992234233616e-08,921.8,BID
1517,1712707449.965979,188966.73020141,919.1,2.052988380449762e-07,921.8,BID
1518,1712707449.9682412,189618.86180792,919.1,1.398535147707273e-07,921.8,BID
1519,1712707449.970418,190206.56338893,919.1,1.260361113003341e-07,921.8,BID
1520,1712707450.2918038,190377.04123862,919.1,-3.6559992234233616e-08,921.8,ASK
1521,1712707450.5067484,190547.6846082,921.8,3.6595488962423856e-08,921.8,BID
1522,1712707450.8118052,191607.65314801,921.8,2.273165789834316e-07,921.8,BID
1523,1712707450.8837872,191778.29651759,919.2,-3.6595488962423856e-08,921.8,ASK
1524,1712707451.1063356,191948.79884726,921.8,3.6565242112034535e-08,921.8,BID
1525,1712707451.3258386,192042.02094726,920.6,1.9992035670649863e-08,921.8,BID
1526,1712707451.3328,195206.31666576,922.0,6.786021005399731e-07,922.0,BID
1527,1712707451.3351352,195589.75114364,921.8,8.22298120202716e-08,922.0,BID
1528,1712707451.3380466,196037.14071042,922.0,9.594536250249709e-08,922.0,BID
1529,1712707451.4887586,196207.64304009,919.1,-3.6565242112034535e-08,922.0,ASK
1530,1712707451.696779,202067.07389102,922.1,1.2565899135668271e-06,922.1,BID
1531,1712707451.701829,202072.69414418,922.2,1.205296830392318e-09,922.2,BID
1532,1712707451.7083046,202108.88989538,922.2,7.762394851831708e-09,922.2,BID
1533,1712707451.7105489,203215.05539175,922.3,2.3722379200934978e-07,922.3,BID
1534,1712707451.712822,207767.66582497,922.0,9.763344762188572e-07,922.3,BID
1535,1712707451.7150512,207811.06711803,922.2,9.307666304538164e-09,922.3,BID
1536,1712707451.7234674,207825.06711803,922.6,3.0023835484197922e-09,922.6,BID
1537,1712707451.7257266,207981.58144048,922.6,3.3565430486848685e-08,922.6,BID
1538,1712707451.7538924,208729.53948101,922.3,-1.6040406541397137e-07,922.6,ASK
1539,1712707451.778001,209836.83656879,922.3,-2.37466468540272e-07,922.6,ASK
1540,1712707451.8334217,213300.39417311,922.3,-7.427805978724736e-07,922.6,ASK
1541,1712707451.8527098,214716.39417311,921.3,-3.036696503258876e-07,922.6,ASK
1542,1712707451.9529655,215493.96082392,920.4,1.6675380858513248e-07,922.6,BID
1543,1712707452.126584,215664.47514637,919.1,-3.656781403527472e-08,922.6,ASK
1544,1712707452.2992277,215754.13946733,922.9,1.9229048723609853e-08,922.9,BID
1545,1712707452.3033657,215771.68919105,923.0,3.763642984017911e-09,923.0,BID
1546,1712707452.3060942,215834.18494306,922.6,1.3402586977210448e-08,923.0,BID
1547,1712707452.3084366,215835.36304705,922.8,2.526514312744872e-10,923.0,BID
1548,1712707452.395467,216913.10357524,923.0,2.3112788795021105e-07,923.0,BID
1549,1712707452.3993027,217319.65340457,923.0,8.718703708523425e-08,923.0,BID
1550,1712707452.5327675,218660.6961769,923.2,2.875946255264889e-07,923.2,BID
1551,1712707452.536659,222280.69022622,923.0,7.763293270754218e-07,923.2,BID
1552,1712707452.5389566,222302.51952113,923.2,4.681422565095928e-09,923.2,BID
1553,1712707452.7068925,222473.40742181,919.5,-3.6647930116118935e-08,923.2,ASK
1554,1712707452.903651,222642.60941732,923.2,3.6286377691358134e-08,923.2,BID
1555,1712707453.2432702,222811.81141283,919.8,-3.6286377691358134e-08,923.2,ASK
1556,1712707453.4278295,222848.77461748,922.6,7.926979824146275e-09,923.2,BID
1557,1712707453.4301722,222981.57857696,923.2,2.8480601650552628e-08,923.2,BID
1558,1712707453.572911,224258.79517116,919.9,-2.7390672072820255e-07,923.2,ASK
1559,1712707453.7008803,224399.38984187,923.2,3.0151366166801944e-08,923.2,BID
1560,1712707453.7553854,224569.157006,920.0,-3.64075814746989e-08,923.2,ASK
1561,1712707453.957997,224738.04545235,922.4,3.62191352028156e-08,923.2,BID
1562,1712707454.248654,224898.5738938,919.8,-3.442628226164048e-08,923.2,ASK
1563,1712707454.3534434,226914.08723236,919.7,4.322388635223722e-07,923.2,BID
1564,1712707454.3627362,227082.97567871,919.5,-3.62191352028156e-08,923.2,ASK
1565,1712707454.6042018,227253.14622994,922.3,3.64940902456048e-08,923.2,BID
1566,1712707454.6774738,227679.36329597,922.3,9.140479336458506e-08,923.2,BID
1567,1712707454.9626906,227849.5338472,920.0,-3.64940902456048e-08,923.2,ASK
1568,1712707455.2190845,228020.07645841,922.4,3.6573880728680834e-08,923.2,BID
1569,1712707455.2215564,228269.93635724,922.4,5.3583946404068585e-08,923.2,BID
1570,1712707455.5761409,228440.47896845,920.0,-3.6573880728680834e-08,923.2,ASK
1571,1712707455.612949,228672.85726184,921.8,4.9834911791709934e-08,923.2,BID
1572,1712707455.7689748,228843.57035932,921.8,3.661044252669745e-08,923.2,BID
1573,1712707455.842554,231635.60386702,920.0,-5.987682478682327e-07,923.2,ASK
1574,1712707455.8450077,232330.43647588,919.6,-1.49010999553351e-07,923.2,ASK
1575,1712707455.847344,233826.43647588,919.9,-3.208261277454292e-07,923.2,ASK
1576,1712707456.1287303,233997.14957336,919.6,-3.661044252669121e-08,923.2,ASK
1577,1712707456.3235788,234168.32716625,920.0,3.6710056339363407e-08,923.2,BID
1578,1712707456.7065516,234339.50475914,919.9,-3.6710056339357166e-08,923.2,ASK
1579,1712707456.9228225,234339.59407291,920.0,1.9153870979114728e-11,923.2,BID
1580,1712707456.9327984,234509.94770337,920.0,3.6533352679051974e-08,923.2,BID
1581,1712707457.3129385,235490.16292076,920.0,2.102130030430293e-07,923.2,BID
1582,1712707457.315378,235660.60586499,920.0,3.6552506550031086e-08,923.2,BID
1583,1712707457.3526645,235678.40062481,919.9,-3.816192437971231e-09,923.2,ASK
1584,1712707457.3728485,235725.89128146,919.9,-1.0184654730689642e-08,923.2,ASK
1585,1712707457.3768563,235896.16949804,919.9,-3.6517179722429705e-08,923.2,ASK
1586,1712707457.3791971,237184.19388902,919.9,-2.762245172458451e-07,923.2,ASK
1587,1712707457.532783,237354.34979309,920.0,3.6490949074728766e-08,923.2,BID
1588,1712707457.6245737,237381.98469495,919.9,-5.926469621904522e-09,923.2,ASK
1589,1712707457.6269286,237675.1806703,919.6,-6.287762663241229e-08,923.2,ASK
1590,1712707457.6292973,238431.76648193,919.6,-1.62254342414698e-07,923.2,ASK
1591,1712707457.9060864,238529.59256888,920.0,2.097938814749607e-08,923.2,BID
1592,1712707457.9157784,238699.74847295,919.6,-3.6490949074735e-08,923.2,ASK
1593,1712707458.0372057,239036.48361684,920.0,7.221486115643478e-08,923.2,BID
1594,1712707458.0412848,242595.99412512,920.0,7.633582707490858e-07,923.2,BID
