,time,acc_trade_volume,trade_price,dev,high,ask_bid
0,1712689619.1264806,8518432474791.122,0.002157,0.0,0.002257,ASK
1,1712689620.264125,8518432474791.122,0.002157,-0.0,0.002257,ASK
2,1712689622.3828263,8518440857225.723,0.002157,-0.0003754380029863,0.002257,ASK
3,1712689644.25227,8518464037568.792,0.002157,-0.0010382164759008,0.002257,ASK
4,1712689644.9222083,8518470747156.563,0.002159,0.0003005134371834,0.002257,BID
5,1712689644.9821134,8518493557375.542,0.002157,-0.0010216391142946,0.002257,ASK
6,1712689650.2838364,8518493557375.542,0.002157,-0.0,0.002257,ASK
7,1712689680.282121,8518493557375.542,0.002157,-0.0,0.002257,ASK
8,1712689710.2718894,8518493557375.542,0.002157,-0.0,0.002257,ASK
9,1712689740.4019256,8518493557375.542,0.002157,-0.0,0.002257,ASK
10,1712689770.4118946,8518493557375.542,0.002157,-0.0,0.002257,ASK
11,1712689800.2748072,8518493557375.542,0.002157,-0.0,0.002257,ASK
12,1712689807.8831856,8518498189149.511,0.002159,0.0002075338310596,0.002257,BID
13,1712689830.2741249,8518526519394.995,0.002159,0.0012693806778784,0.002257,BID
14,1712689830.282096,8518526519394.995,0.002159,0.0,0.002257,BID
15,1712689842.182274,8518530352419.544,0.002157,-0.0001717445449848,0.002257,ASK
16,1712689849.114051,8518532802141.637,0.002157,-0.0001097635563778,0.002257,ASK
17,1712689851.7823408,8519915346922.728,0.002157,-0.0619470398180131,0.002257,ASK
18,1712689860.412045,8519915346922.728,0.002157,-0.0,0.002257,ASK
19,1712689872.832038,8519917664957.034,0.002158,-0.0001038488591778,0.002257,ASK
20,1712689872.8428664,8519918858797.438,0.002157,-5.348452508725426e-05,0.002257,ASK
21,1712689890.4018583,8519918858797.438,0.002157,-0.0,0.002257,ASK
22,1712689916.362233,8520431992050.337,0.002157,-0.0229885660782403,0.002257,ASK
23,1712689920.2654605,8520431992050.337,0.002157,-0.0,0.002257,ASK
24,1712689950.2822068,8520431992050.337,0.002157,-0.0,0.002257,ASK
25,1712689980.402202,8520431992050.337,0.002157,-0.0,0.002257,ASK
26,1712690010.411989,8520431992050.337,0.002157,-0.0,0.002257,ASK
27,1712690040.2618637,8520431992050.337,0.002157,-0.0,0.002257,ASK
28,1712690070.256098,8520431992050.337,0.002157,-0.0,0.002257,ASK
29,1712690100.3019686,8520431992050.337,0.002157,-0.0,0.002257,ASK
30,1712690115.3423233,8520436496354.866,0.002158,0.0002022761926041,0.002257,BID
31,1712690130.253354,8520436496354.866,0.002158,0.0,0.002257,BID
32,1712690146.8721013,8520455161651.819,0.002158,-0.0008382078806787,0.002257,ASK
33,1712690147.1321695,8520473697275.951,0.002157,-0.0008323846258445,0.002257,ASK
34,1712690151.45266,8520496877619.02,0.002157,-0.0010409663604887,0.002257,ASK
35,1712690151.4549303,8520538650525.715,0.002157,-0.0018759079846841,0.002257,ASK
36,1712690151.4564888,8521205104044.327,0.002157,-0.0299286206273496,0.002257,ASK
37,1712690151.461912,8522473697275.951,0.002157,-0.0569690826132251,0.002257,ASK
38,1712690155.5720398,8522581142323.078,0.002157,-0.004825065760694,0.002257,ASK
39,1712690160.402005,8522581142323.078,0.002157,-0.0,0.002257,ASK
40,1712690190.4520752,8522581142323.078,0.002157,-0.0,0.002257,ASK
41,1712690197.5943773,8523245234531.078,0.002157,-0.0298163864534934,0.002257,ASK
42,1712690198.3926182,8524060236898.078,0.002157,-0.0365919449772913,0.002257,ASK
43,1712690200.8227932,8524106576101.043,0.002158,0.0020805357552797,0.002257,BID
44,1712690211.1867335,8524225066329.043,0.002157,-0.0053199697066925,0.002257,ASK
45,1712690212.014661,8524245066329.043,0.002157,-0.0008979592319954,0.002257,ASK
46,1712690212.016956,8524324897975.654,0.002157,-0.0035842782040021,0.002257,ASK
47,1712690212.0186956,8524378218823.043,0.002157,-0.002393997358524,0.002257,ASK
48,1712690220.272018,8524378218823.043,0.002157,-0.0,0.002257,ASK
49,1712690223.722216,8524398780808.353,0.002158,0.0009230305828044,0.002257,BID
50,1712690223.723822,8524433776308.435,0.002158,0.0015709532104965,0.002257,BID
51,1712690250.313538,8524433776308.435,0.002158,0.0,0.002257,BID
52,1712690264.582651,8524529197828.435,0.002157,-0.004283463190076,0.002257,ASK
53,1712690264.66243,8524539398506.907,0.002157,-0.0004579075113394,0.002257,ASK
54,1712690264.6722636,8524738017958.21,0.002157,-0.0089160087628909,0.002257,ASK
55,1712690278.1424909,8524853849727.21,0.002157,0.0051996773762658,0.002257,BID
56,1712690278.2826843,8525094568819.731,0.002157,-0.0108058577558217,0.002257,ASK
57,1712690280.3971972,8525094568819.731,0.002157,-0.0,0.002257,ASK
58,1712690283.0030956,8525275970025.731,0.002157,-0.0081425623420607,0.002257,ASK
59,1712690310.412029,8525275970025.731,0.002157,-0.0,0.002257,ASK
60,1712690340.2650812,8525275970025.731,0.002157,-0.0,0.002257,ASK
61,1712690370.282047,8525275970025.731,0.002157,-0.0,0.002257,ASK
62,1712690385.672203,8525438157236.111,0.002158,0.0072799751799952,0.002257,BID
63,1712690400.293204,8525438157236.111,0.002158,0.0,0.002257,BID
64,1712690419.0922868,8525440977420.088,0.002158,0.0001267644360945,0.002257,BID
65,1712690425.0124948,8525453170461.515,0.002157,-0.0005480649608625,0.002257,ASK
66,1712690425.014163,8525618771674.088,0.002157,-0.0074436081131132,0.002257,ASK
67,1712690430.272135,8525618771674.088,0.002157,-0.0,0.002257,ASK
68,1712690433.1724155,8525751301615.088,0.002157,-0.005956983368813,0.002257,ASK
69,1712690445.462314,8525757412726.199,0.002157,-0.0002746834940124,0.002257,ASK
70,1712690449.3727748,8525882816021.199,0.002157,-0.005636653401282,0.002257,ASK
71,1712690450.183497,8526032382887.199,0.002157,-0.0067227626192596,0.002257,ASK
72,1712690452.8422673,8526126196489.066,0.002157,-0.0042167533002318,0.002257,ASK
73,1712690452.8543396,8526140230373.199,0.002157,-0.0006307979445868,0.002257,ASK
74,1712690460.4028904,8526140230373.199,0.002157,-0.0,0.002257,ASK
75,1712690463.3035128,8526183494629.11,0.002155,-0.0019445524673986,0.002257,ASK
76,1712690463.3059776,8526228435963.547,0.002155,-0.0020199303310852,0.002257,ASK
77,1712690463.3079772,8526276831668.405,0.002154,-0.002175190242199,0.002257,ASK
78,1712690463.309897,8526416042805.296,0.002155,-0.0062569748174123,0.002257,ASK
79,1712690463.3118951,8526454504957.566,0.002155,-0.0017287174255973,0.002257,ASK
80,1712690463.31327,8526492571587.849,0.002157,-0.0017109403197157,0.002257,ASK
81,1712690474.3423755,8526538910790.814,0.002158,0.0020827588402205,0.002257,BID
82,1712690490.41211,8526538910790.814,0.002158,0.0,0.002257,BID
83,1712690492.0121942,8526562068813.286,0.002158,0.0010408187909889,0.002257,BID
84,1712690520.272019,8526562068813.286,0.002158,0.0,0.002257,BID
85,1712690550.2849324,8526562068813.286,0.002158,0.0,0.002257,BID
86,1712690580.4005167,8526562068813.286,0.002158,0.0,0.002257,BID
87,1712690585.922245,8526582418372.451,0.002155,-0.0009145926005013,0.002257,ASK
88,1712690585.9320345,8526662190996.864,0.002154,-0.0035853087243348,0.002257,ASK
89,1712690610.4021494,8526662190996.864,0.002154,-0.0,0.002257,ASK
90,1712690640.262087,8526662190996.864,0.002154,-0.0,0.002257,ASK
91,1712690670.265706,8526662190996.864,0.002154,-0.0,0.002257,ASK
92,1712690693.4920225,8526708451130.59,0.002157,0.0020790998729712,0.002257,BID
93,1712690700.4033484,8526708451130.59,0.002157,0.0,0.002257,BID
94,1712690721.4122884,8526893893875.143,0.002157,0.0083376489953402,0.002257,BID
95,1712690730.411882,8526893893875.143,0.002157,0.0,0.002257,BID
96,1712690760.2417614,8526893893875.143,0.002157,0.0,0.002257,BID
97,1712690778.0521798,8526903166012.37,0.002157,0.0004168749525547,0.002257,BID
98,1712690790.2675295,8526903166012.37,0.002157,0.0,0.002257,BID
99,1712690796.872214,8527248775635.203,0.002157,0.0155385821016679,0.002257,BID
100,1712690796.874109,8528293986596.515,0.002157,0.0469926045541556,0.002257,BID
101,1712690820.4117904,8528293986596.515,0.002157,0.0,0.002257,BID
102,1712690850.413325,8528293986596.515,0.002157,0.0,0.002257,BID
103,1712690880.2817852,8528293986596.515,0.002157,0.0,0.002257,BID
104,1712690882.2217307,8528336688471.017,0.002155,-0.0019196140812354,0.002257,ASK
105,1712690882.964825,8528433959120.082,0.002157,0.0043726911245633,0.002257,BID
106,1712690883.041708,8528883498342.379,0.002158,0.0202085231913937,0.002257,BID
107,1712690883.0820014,8528976854723.127,0.002158,0.0041967296552503,0.002257,BID
108,1712690889.951925,8529053413360.579,0.002158,0.0034416062575103,0.002257,BID
109,1712690910.2629895,8529053413360.579,0.002158,0.0,0.002257,BID
110,1712690940.4016056,8529053413360.579,0.002158,0.0,0.002257,BID
111,1712690970.4033194,8529053413360.579,0.002158,0.0,0.002257,BID
112,1712690977.553909,8529184004077.579,0.002158,-0.0058701243821409,0.002257,ASK
113,1712690994.5031571,8529232509169.487,0.002158,-0.0021803304952244,0.002257,ASK
114,1712690994.506165,8529536182020.119,0.002155,-0.0136502612562282,0.002257,ASK
115,1712691000.3361394,8529536182020.119,0.002155,-0.0,0.002257,ASK
116,1712691028.1623294,8529653612515.345,0.002155,-0.0052792459581029,0.002257,ASK
117,1712691028.164794,8529711220996.556,0.002155,-0.0025898668059012,0.002257,ASK
118,1712691028.1672237,8529739609863.347,0.002156,-0.001276259714086,0.002257,ASK
119,1712691028.1691742,8529768200581.604,0.002155,-0.0012853342183962,0.002257,ASK
120,1712691029.601802,8530000219143.089,0.002155,-0.0104307066965304,0.002257,ASK
121,1712691030.2616076,8530000219143.089,0.002155,-0.0,0.002257,ASK
122,1712691043.772993,8530034093922.567,0.002155,-0.0015228178399648,0.002257,ASK
123,1712691043.7760267,8530545236657.533,0.002155,-0.0229780765382706,0.002257,ASK
124,1712691060.3918269,8530545236657.533,0.002155,-0.0,0.002257,ASK
125,1712691090.4214346,8530545236657.533,0.002155,-0.0,0.002257,ASK
126,1712691120.2836378,8530545236657.533,0.002155,-0.0,0.002257,ASK
127,1712691150.2631528,8530545236657.533,0.002155,-0.0,0.002257,ASK
128,1712691180.38204,8530545236657.533,0.002155,-0.0,0.002257,ASK
129,1712691190.7116327,8530591595667.268,0.002156,-0.0020839279518419,0.002257,ASK
130,1712691190.7129056,8531705329464.958,0.002155,-0.0500645075297466,0.002257,ASK
131,1712691210.401463,8531705329464.958,0.002155,-0.0,0.002257,ASK
132,1712691240.2630415,8531705329464.958,0.002155,-0.0,0.002257,ASK
133,1712691270.266591,8531705329464.958,0.002155,-0.0,0.002257,ASK
134,1712691300.401477,8531705329464.958,0.002155,-0.0,0.002257,ASK
135,1712691305.182236,8532543889276.194,0.002155,-0.0376973168483878,0.002257,ASK
136,1712691305.1852114,8533187970858.784,0.002155,-0.0289545804243862,0.002257,ASK
137,1712691314.231867,8533232722176.427,0.002155,-0.0020117880417711,0.002257,ASK
138,1712691314.2344086,8533367066667.691,0.002155,-0.0060394342611914,0.002257,ASK
139,1712691318.0819528,8533692818872.795,0.002155,-0.0146441362026917,0.002257,ASK
140,1712691318.09143,8534063122352.146,0.002155,-0.016646931326932,0.002257,ASK
141,1712691330.4014928,8534063122352.146,0.002155,-0.0,0.002257,ASK
142,1712691360.2832446,8534063122352.146,0.002155,-0.0,0.002257,ASK
143,1712691390.2865098,8534063122352.146,0.002155,-0.0,0.002257,ASK
144,1712691420.3914022,8534063122352.146,0.002155,-0.0,0.002257,ASK
145,1712691450.4114025,8534063122352.146,0.002155,-0.0,0.002257,ASK
146,1712691480.256837,8534063122352.146,0.002155,-0.0,0.002257,ASK
147,1712691510.2629857,8534063122352.146,0.002155,-0.0,0.002257,ASK
148,1712691539.041403,8534151701915.146,0.002156,-0.0039811701536576,0.002257,ASK
149,1712691540.247339,8534277617301.146,0.002156,-0.0056592125728762,0.002257,ASK
150,1712691540.3938868,8534277617301.146,0.002156,-0.0,0.002257,ASK
151,1712691543.1834884,8534315402056.45,0.002156,-0.0016981841912826,0.002257,ASK
152,1712691543.186028,8535204005307.361,0.002155,-0.0399370587659051,0.002257,ASK
153,1712691543.187611,8535277617301.146,0.002155,-0.0033083904640893,0.002257,ASK
154,1712691570.3938622,8535277617301.146,0.002155,-0.0,0.002257,ASK
155,1712691587.3016338,8535329717815.562,0.002155,-0.0023413596480064,0.002257,ASK
156,1712691590.231388,8535468248139.562,0.002155,-0.0062254531319029,0.002257,ASK
157,1712691600.2649295,8535468248139.562,0.002155,-0.0,0.002257,ASK
158,1712691605.6617432,8535609710531.562,0.002155,-0.0063607236699196,0.002257,ASK
159,1712691630.2714472,8535609710531.562,0.002155,-0.0,0.002257,ASK
160,1712691660.4014874,8535609710531.562,0.002155,-0.0,0.002257,ASK
161,1712691678.6619215,8535655006511.031,0.002155,-0.0020366632816492,0.002257,ASK
162,1712691690.411631,8535655006511.031,0.002155,-0.0,0.002257,ASK
163,1712691691.6016457,8535701259980.042,0.002155,-0.0020797061821157,0.002257,ASK
164,1712691720.2731893,8535701259980.042,0.002155,-0.0,0.002257,ASK
165,1712691732.8315847,8535758921468.595,0.002159,0.002592636170465,0.002257,BID
166,1712691732.8340306,8535793617552.992,0.002159,0.001560041643741,0.002257,BID
167,1712691741.5816035,8535816747619.8545,0.002155,-0.0010399982636182,0.002257,ASK
168,1712691747.402064,8535966397369.8545,0.002157,-0.0067287086145238,0.002257,ASK
169,1712691748.201793,8536110883222.8545,0.002157,-0.0064965240754356,0.002257,ASK
170,1712691749.0077536,8536223458211.8545,0.002157,-0.0050617144249437,0.002257,ASK
171,1712691750.2615075,8536223458211.8545,0.002157,-0.0,0.002257,ASK
172,1712691750.3419943,8536366348384.8545,0.002157,-0.006424452032083,0.002257,ASK
173,1712691751.116325,8536505801382.8545,0.002157,-0.0062699140015819,0.002257,ASK
174,1712691751.9312284,8536682203488.8545,0.002157,-0.007931174303746,0.002257,ASK
175,1712691752.9211326,8536814487712.8545,0.002157,-0.0059476004111865,0.002257,ASK
176,1712691753.721258,8536989167984.8545,0.002157,-0.0078537593233595,0.002257,ASK
177,1712691754.5212927,8537129426831.8545,0.002157,-0.0063061455921588,0.002257,ASK
178,1712691780.401303,8537129426831.8545,0.002157,-0.0,0.002257,ASK
179,1712691810.443708,8537129426831.8545,0.002157,-0.0,0.002257,ASK
180,1712691822.0414972,8537207568204.0,0.002157,-0.0035129875115433,0.002257,ASK
181,1712691822.051271,8537259181752.8545,0.002157,-0.0023203809655995,0.002257,ASK
182,1712691822.832101,8537351820892.8545,0.002157,-0.0041647610345786,0.002257,ASK
183,1712691826.1014192,8537513337962.8545,0.002157,-0.0072612936557411,0.002257,ASK
184,1712691827.531421,8537559675480.234,0.002157,-0.0020831873743953,0.002257,ASK
185,1712691827.5334847,8537615224625.8545,0.002157,-0.0024973128764235,0.002257,ASK
186,1712691828.811402,8537636047520.206,0.002157,-0.0009361310891113,0.002257,ASK
187,1712691840.257299,8537636047520.206,0.002157,-0.0,0.002257,ASK
188,1712691842.631567,8537733197536.8545,0.002157,0.0043673411403618,0.002257,BID
189,1712691842.633895,8538906294825.381,0.00216,0.0527361314653006,0.002257,BID
190,1712691842.6363587,8539164891060.152,0.002159,0.0116250929626406,0.002257,BID
191,1712691860.8611968,8539654102668.152,0.002156,-0.0219923171983866,0.002257,ASK
192,1712691870.2567408,8539654102668.152,0.002156,-0.0,0.002257,ASK
193,1712691884.9116375,8539658734442.122,0.002159,0.0002081788232094,0.002257,BID
194,1712691900.3027642,8539658734442.122,0.002159,0.0,0.002257,BID
195,1712691914.6514783,8539750721797.209,0.00216,0.0041351218015476,0.002257,BID
196,1712691914.654426,8540121234673.488,0.002159,0.0166557226371932,0.002257,BID
197,1712691930.2711115,8540121234673.488,0.002159,0.0,0.002257,BID
198,1712691935.492181,8540132023065.488,0.002156,-0.000484950484104,0.002257,ASK
199,1712691935.4951696,8540287726236.488,0.002156,-0.0069990345320216,0.002257,ASK
200,1712691939.9414942,8540595844957.881,0.002156,-0.013850286780537,0.002257,ASK
201,1712691939.944765,8540791320315.821,0.002155,-0.0087868395460253,0.002257,ASK
202,1712691944.6218514,8540930328233.821,0.002156,-0.0062485639313436,0.002257,ASK
203,1712691960.3922467,8540930328233.821,0.002156,-0.0,0.002257,ASK
204,1712691985.4920747,8541090927458.679,0.002156,-0.0072185517534877,0.002257,ASK
205,1712691985.4957848,8541109480334.375,0.002156,-0.000833907470653,0.002257,ASK
206,1712691985.4982266,8541414746965.994,0.002155,-0.013721006318131,0.002257,ASK
207,1712691990.401231,8541414746965.994,0.002155,-0.0,0.002257,ASK
208,1712692020.264044,8541414746965.994,0.002155,-0.0,0.002257,ASK
209,1712692050.256437,8541414746965.994,0.002155,-0.0,0.002257,ASK
210,1712692063.6916904,8542119148311.137,0.002155,-0.0316596730391144,0.002257,ASK
211,1712692063.6943614,8542805567550.139,0.002155,-0.030851458226788,0.002257,ASK
212,1712692080.383361,8542805567550.139,0.002155,-0.0,0.002257,ASK
213,1712692110.4064412,8542805567550.139,0.002155,-0.0,0.002257,ASK
214,1712692116.6723142,8542962993029.139,0.002155,-0.0070746143666946,0.002257,ASK
215,1712692140.2757218,8542962993029.139,0.002155,-0.0,0.002257,ASK
216,1712692170.2610524,8542962993029.139,0.002155,-0.0,0.002257,ASK
217,1712692179.7529304,8542967622658.769,0.00216,0.0002080498351638,0.002257,BID
218,1712692179.756826,8543430800055.711,0.002159,0.0208146199133269,0.002257,BID
219,1712692179.7600403,8543572032182.626,0.002161,0.0063467972761481,0.002257,BID
220,1712692179.7632887,8543710728437.827,0.002163,0.0062328383346679,0.002257,BID
221,1712692179.7647705,8543849488844.857,0.002162,0.0062357212386012,0.002257,BID
222,1712692179.7662368,8544247237143.964,0.00216,0.0178743171012353,0.002257,BID
223,1712692179.7677386,8544272708608.41,0.002164,0.0011446561394948,0.002257,BID
224,1712692179.769214,8544722247830.707,0.002162,0.0202017371961827,0.002257,BID
225,1712692179.7707517,8544731494247.721,0.002163,0.0004155225556562,0.002257,BID
226,1712692179.8716323,8544837626131.107,0.002161,-0.0047694357020942,0.002257,ASK
227,1712692197.2314696,8544860787868.631,0.002164,0.0010408598654967,0.002257,BID
228,1712692200.2914526,8544860787868.631,0.002164,0.0,0.002257,BID
229,1712692230.272091,8544860787868.631,0.002164,0.0,0.002257,BID
230,1712692232.8072076,8544883893229.074,0.002164,0.0010393658511767,0.002257,BID
231,1712692252.7513628,8544941231330.336,0.002155,-0.0025792830442457,0.002257,ASK
232,1712692252.7536554,8545027905963.074,0.002155,-0.0038989503605577,0.002257,ASK
233,1712692252.8313637,8545126177836.201,0.002155,-0.004420637769738,0.002257,ASK
234,1712692252.8331058,8545291739144.308,0.002155,-0.0074475691623085,0.002257,ASK
235,1712692252.840993,8545295315478.414,0.002155,-0.0001608769338072,0.002257,ASK
236,1712692255.5814197,8545482404811.414,0.002156,-0.0084159805390751,0.002257,ASK
237,1712692258.7514286,8545786055833.414,0.002156,-0.013659362887473,0.002257,ASK
238,1712692258.8167317,8546127020035.414,0.002156,-0.0153378497990224,0.002257,ASK
239,1712692259.381845,8546394410485.564,0.002156,-0.0120282262420607,0.002257,ASK
240,1712692259.6212864,8546543241736.564,0.002156,-0.0066949883883663,0.002257,ASK
241,1712692260.391362,8546543241736.564,0.002156,-0.0,0.002257,ASK
242,1712692260.4213712,8546693898833.564,0.002156,-0.0067760162036497,0.002257,ASK
243,1712692268.1113822,8546706352475.367,0.002157,-0.0005601201691134,0.002257,ASK
244,1712692268.1142972,8546961208820.954,0.002157,-0.0114625249104586,0.002257,ASK
245,1712692269.8315406,8547088889547.954,0.002157,-0.0057426214381774,0.002257,ASK
246,1712692277.9214516,8547236319959.954,0.002157,-0.0066308914781675,0.002257,ASK
247,1712692278.750999,8547381410127.954,0.002157,-0.0065256356914819,0.002257,ASK
248,1712692290.4012344,8547381410127.954,0.002157,-0.0,0.002257,ASK
249,1712692320.272312,8547381410127.954,0.002157,-0.0,0.002257,ASK
250,1712692343.584296,8547845232020.348,0.002156,-0.0208593501644864,0.002257,ASK
251,1712692343.5881038,8549100994961.437,0.002156,-0.0564751240537656,0.002257,ASK
252,1712692343.5914168,8549521457120.149,0.002155,-0.0189093433132858,0.002257,ASK
253,1712692343.5946808,8549604937421.762,0.002155,-0.0037543394818683,0.002257,ASK
254,1712692343.5964956,8550068759314.155,0.002156,-0.0208593501644864,0.002257,ASK
255,1712692343.5980475,8555480847812.236,0.002155,-0.2433965514652166,0.002257,ASK
256,1712692347.6912615,8556313859181.1455,0.002155,0.0374628195004022,0.002257,BID
257,1712692350.2711835,8556313859181.1455,0.002155,0.0,0.002257,BID
258,1712692365.2916205,8556759761269.312,0.002155,0.0200360999119329,0.002257,BID
259,1712692378.4818566,8557492792109.047,0.002155,0.0329379016900806,0.002257,BID
260,1712692378.4852903,8558114440967.688,0.002155,0.0279330798675641,0.002257,BID
261,1712692378.5615122,8558134440967.688,0.002154,-0.0008986771061915,0.002257,ASK
262,1712692378.5652606,8558805977542.445,0.002154,-0.0301747272852112,0.002257,ASK
263,1712692378.5690289,8558997949374.94,0.002154,-0.0086260345448495,0.002257,ASK
264,1712692378.5815597,8559186233845.693,0.002154,-0.008460347165852,0.002257,ASK
265,1712692378.5852902,8559419969308.111,0.002154,-0.0105026354490056,0.002257,ASK
266,1712692378.681618,8559813747702.321,0.002153,-0.0176939813894671,0.002257,ASK
267,1712692380.39121,8559813747702.321,0.002153,-0.0,0.002257,ASK
268,1712692410.3933735,8559813747702.321,0.002153,-0.0,0.002257,ASK
269,1712692418.4016335,8559849653112.366,0.002153,0.001612822061549,0.002257,BID
270,1712692440.2409575,8559849653112.366,0.002153,0.0,0.002257,BID
271,1712692459.463349,8559854299952.515,0.002152,-0.0002087289986263,0.002257,ASK
272,1712692459.4724658,8559877534153.258,0.002152,-0.0010436449931756,0.002257,ASK
273,1712692459.4748762,8560385615686.078,0.002152,-0.0228222504279139,0.002257,ASK
274,1712692459.4772863,8560397606902.366,0.002152,-0.0005386272150906,0.002257,ASK
275,1712692466.9117446,8560516848789.62,0.002152,-0.0053561643882226,0.002257,ASK
276,1712692466.9212914,8560826464495.939,0.002152,-0.0139074670689405,0.002257,ASK
277,1712692470.2626462,8560826464495.939,0.002152,-0.0,0.002257,ASK
278,1712692479.2913542,8561023302415.2705,0.002152,0.0088408254647679,0.002257,BID
279,1712692481.571375,8561069641618.236,0.002151,-0.0020812900633655,0.002257,ASK
280,1712692497.421554,8561840594150.024,0.002152,0.0346267467077624,0.002257,BID
281,1712692500.3917303,8561840594150.024,0.002152,0.0,0.002257,BID
282,1712692502.0213969,8562290133372.321,0.002153,0.0201962593323317,0.002257,BID
283,1712692502.0414028,8562457630444.104,0.002153,0.007525070408397,0.002257,BID
284,1712692502.04439,8562708317072.588,0.002153,0.0112624925899675,0.002257,BID
285,1712692502.1213863,8562755110155.447,0.002153,0.0021022531283446,0.002257,BID
286,1712692502.1245637,8562843938139.414,0.002153,0.0039907374288619,0.002257,BID
287,1712692528.0713377,8562970371616.912,0.002153,-0.0056802236004954,0.002257,ASK
288,1712692528.0812542,8563022379983.375,0.002153,-0.0023365579785645,0.002257,ASK
289,1712692530.411137,8563022379983.375,0.002153,-0.0,0.002257,ASK
290,1712692545.6213784,8563565168449.931,0.002155,0.0243828416454355,0.002257,BID
291,1712692554.7515829,8564502585124.424,0.002155,0.0421101105463772,0.002257,BID
292,1712692560.2713027,8564502585124.424,0.002155,0.0,0.002257,BID
293,1712692574.4817147,8566824926044.07,0.002153,-0.1043079607904114,0.002257,ASK
294,1712692590.2511742,8566824926044.07,0.002153,-0.0,0.002257,ASK
295,1712692597.6415875,8566848087781.594,0.002153,-0.0010400760491019,0.002257,ASK
296,1712692610.8816645,8567018045281.594,0.002153,-0.0076319285172961,0.002257,ASK
297,1712692620.4012809,8567018045281.594,0.002153,-0.0,0.002257,ASK
298,1712692650.410889,8567018045281.594,0.002153,-0.0,0.002257,ASK
299,1712692680.3121696,8567018045281.594,0.002153,-0.0,0.002257,ASK
300,1712692688.3104973,8567059002992.993,0.002155,0.0018391685538825,0.002257,BID
301,1712692705.639999,8567087256450.07,0.002155,0.0012686956379966,0.002257,BID
302,1712692710.2696886,8567087256450.07,0.002155,0.0,0.002257,BID
303,1712692725.449587,8567110139234.293,0.002155,0.0010275236058726,0.002257,BID
304,1712692731.358184,8567130732598.562,0.002155,0.000924719986186,0.002257,BID
305,1712692736.309307,8567149265591.602,0.002155,0.0008322015210569,0.002257,BID
306,1712692740.3814223,8567149265591.602,0.002155,0.0,0.002257,BID
307,1712692767.538478,8567489180591.602,0.002154,-0.0152633782372276,0.002257,ASK
308,1712692767.6275191,8567529265591.602,0.002154,-0.001799957391228,0.002257,ASK
309,1712692767.6586628,8567890295330.125,0.002154,0.0162115042112605,0.002257,BID
310,1712692767.6694884,8567985831396.951,0.002154,0.004289905191783,0.002257,BID
311,1712692769.0285108,8568217849958.437,0.002155,0.0104184489122527,0.002257,BID
312,1712692770.3886936,8568217849958.437,0.002155,0.0,0.002257,BID
313,1712692778.1985085,8568264230480.473,0.002155,0.0020824332049799,0.002257,BID
314,1712692786.388278,8568276387278.616,0.002155,0.0005458265454764,0.002257,BID
315,1712692791.4080262,8568321283772.094,0.002153,-0.0020158019940344,0.002257,ASK
316,1712692800.3546848,8568321283772.094,0.002153,-0.0,0.002257,ASK
317,1712692803.2381086,8568374932682.886,0.002153,-0.0024123921963585,0.002257,ASK
318,1712692829.2476408,8568382109156.204,0.002155,0.000322699342354,0.002257,BID
319,1712692830.2591105,8568382109156.204,0.002155,0.0,0.002257,BID
320,1712692836.9573302,8568388567624.882,0.002155,0.0002904116309493,0.002257,BID
321,1712692860.389905,8568388567624.882,0.002155,0.0,0.002257,BID
322,1712692890.388758,8568388567624.882,0.002155,0.0,0.002257,BID
323,1712692893.3064682,8568435618345.461,0.002155,0.0021156823127977,0.002257,BID
324,1712692912.7361696,8568899655468.431,0.002155,0.0208658894372954,0.002257,BID
325,1712692920.2631245,8568899655468.431,0.002155,0.0,0.002257,BID
326,1712692944.4957318,8568901977974.231,0.002155,0.0001044286047913,0.002257,BID
327,1712692948.445601,8570578084700.45,0.002155,0.0753640687749788,0.002257,BID
328,1712692950.2617564,8570578084700.45,0.002155,0.0,0.002257,BID
329,1712692972.3257136,8571412649320.692,0.002155,0.0375190654747829,0.002257,BID
330,1712692980.3974087,8571412649320.692,0.002155,0.0,0.002257,BID
331,1712693010.3874547,8571412649320.692,0.002155,0.0,0.002257,BID
332,1712693019.0348556,8571459074576.031,0.002154,-0.0020869460920158,0.002257,ASK
333,1712693019.0386884,8571494782282.105,0.002154,-0.0016051620417056,0.002257,ASK
334,1712693040.2443209,8571494782282.105,0.002154,-0.0,0.002257,ASK
335,1712693042.414737,8571958819405.075,0.002155,0.0208596108232345,0.002257,BID
336,1712693070.2714696,8571958819405.075,0.002155,0.0,0.002257,BID
337,1712693085.4638326,8571963459776.306,0.002155,0.00020858673178,0.002257,BID
338,1712693094.174172,8572102601806.219,0.002155,0.0062544955632522,0.002257,BID
339,1712693096.5237749,8572107242177.448,0.002155,0.0002085867317361,0.002257,BID
340,1712693100.393476,8572107242177.448,0.002155,0.0,0.002257,BID
341,1712693127.3934524,8573107242177.448,0.002155,0.0450518178991363,0.002257,BID
342,1712693130.415373,8573107242177.448,0.002155,0.0,0.002257,BID
343,1712693160.2631598,8573107242177.448,0.002155,0.0,0.002257,BID
344,1712693181.744559,8573270347236.774,0.002154,-0.0073474660901927,0.002257,ASK
345,1712693182.263989,8573440304736.774,0.002154,-0.0076561510304024,0.002257,ASK
346,1712693188.0028849,8573535787024.763,0.002154,-0.0043012330586568,0.002257,ASK
347,1712693188.0128052,8573679879822.774,0.002154,-0.006491012305847,0.002257,ASK
348,1712693189.7526758,8573966444620.774,0.002154,-0.0129090118028611,0.002257,ASK
349,1712693190.2534325,8573966444620.774,0.002154,-0.0,0.002257,ASK
350,1712693191.2230797,8574000039578.151,0.002154,-0.0015132408149798,0.002257,ASK
351,1712693191.2274194,8574509233087.33,0.002154,-0.022935954112585,0.002257,ASK
352,1712693194.173787,8575589012776.33,0.002154,-0.0486372605938173,0.002257,ASK
353,1712693195.4128847,8576000039578.151,0.002154,-0.0185141634676787,0.002257,ASK
354,1712693220.41248,8576000039578.151,0.002154,-0.0,0.002257,ASK
355,1712693250.3952167,8576000039578.151,0.002154,-0.0,0.002257,ASK
356,1712693280.2616043,8576000039578.151,0.002154,-0.0,0.002257,ASK
357,1712693302.272054,8576002453387.369,0.002154,-0.0001087054235001,0.002257,ASK
358,1712693310.263718,8576002453387.369,0.002154,-0.0,0.002257,ASK
359,1712693312.061422,8576039912115.736,0.002154,-0.001686946071583,0.002257,ASK
360,1712693312.0716937,8576172410887.369,0.002154,-0.0059670547303294,0.002257,ASK
361,1712693340.3917103,8576172410887.369,0.002154,-0.0,0.002257,ASK
362,1712693370.38346,8576172410887.369,0.002154,-0.0,0.002257,ASK
363,1712693400.283628,8576172410887.369,0.002154,-0.0,0.002257,ASK
364,1712693420.3307407,8576450693950.014,0.002155,0.0125620642740163,0.002257,BID
365,1712693430.267062,8576450693950.014,0.002155,0.0,0.002257,BID
366,1712693436.090843,8576497097662.311,0.002155,0.0020946680360931,0.002257,BID
367,1712693453.2206938,8576729000272.49,0.002155,0.0104681061274202,0.002257,BID
368,1712693460.39019,8576729000272.49,0.002155,0.0,0.002257,BID
369,1712693474.8606403,8576752212900.16,0.002154,-0.0010477918789251,0.002257,ASK
370,1712693474.86457,8576817670412.565,0.002154,-0.0029546784141872,0.002257,ASK
371,1712693474.868389,8576961126549.186,0.002154,-0.0064754484959623,0.002257,ASK
372,1712693490.3923,8576961126549.186,0.002154,-0.0,0.002257,ASK
373,1712693492.5001657,8577049636032.958,0.002154,-0.0039951282806866,0.002257,ASK
374,1712693520.2487109,8577049636032.958,0.002154,-0.0,0.002257,ASK
375,1712693550.2599535,8577049636032.958,0.002154,-0.0,0.002257,ASK
376,1712693580.37947,8577049636032.958,0.002154,-0.0,0.002257,ASK
377,1712693582.1751883,8577072826288.179,0.002155,0.0010467493791996,0.002257,BID
378,1712693600.699368,8577172826288.179,0.002154,-0.0045137466976435,0.002257,ASK
379,1712693610.3893402,8577172826288.179,0.002154,-0.0,0.002257,ASK
380,1712693640.2817504,8577172826288.179,0.002154,-0.0,0.002257,ASK
381,1712693656.270512,8577182111339.247,0.002154,-0.0004190986658598,0.002257,ASK
382,1712693656.274658,8580127244299.149,0.002154,-0.1329342493851338,0.002257,ASK
383,1712693656.2785304,8580172826288.179,0.002154,-0.002057430879892,0.002257,ASK
384,1712693670.2534134,8580172826288.179,0.002154,-0.0,0.002257,ASK
385,1712693697.6268244,8580288756247.026,0.002154,-0.0052311962014631,0.002257,ASK
386,1712693700.2709992,8580288756247.026,0.002154,-0.0,0.002257,ASK
387,1712693702.188945,8580334756247.026,0.002155,0.0020790331081679,0.002257,BID
388,1712693713.6086955,8580338696272.374,0.002155,0.0001780748509738,0.002257,BID
389,1712693719.5588353,8580476945120.3,0.002155,0.0062483463479083,0.002257,BID
390,1712693719.5628247,8582570171791.433,0.002155,0.0946062511344653,0.002257,BID
391,1712693727.2186549,8582574812162.662,0.002155,-0.0002097279439196,0.002257,ASK
392,1712693730.2500012,8582574812162.662,0.002155,-0.0,0.002257,ASK
393,1712693756.8585312,8582796929161.048,0.002155,0.0100366477312734,0.002257,BID
394,1712693757.648527,8582874812162.662,0.002155,-0.0035192455198723,0.002257,ASK
395,1712693760.3782284,8582874812162.662,0.002155,-0.0,0.002257,ASK
396,1712693766.4584582,8583130163195.496,0.002155,0.0115380340822121,0.002257,BID
397,1712693778.358528,8583593504336.498,0.002156,0.0209360652167297,0.002257,BID
398,1712693787.568449,8584056382359.453,0.002156,0.0209151392320191,0.002257,BID
399,1712693790.3808477,8584056382359.453,0.002156,0.0,0.002257,BID
400,1712693793.7083116,8584437287109.453,0.002155,-0.0172091969396927,0.002257,ASK
401,1712693798.6120684,8584440403825.678,0.002156,0.0001408125871741,0.002257,BID
402,1712693806.3384478,8585511067945.496,0.002156,0.0483723810065822,0.002257,BID
403,1712693812.0382304,8586436355417.661,0.002157,0.0418042944707795,0.002257,BID
404,1712693820.252582,8586436355417.661,0.002157,0.0,0.002257,BID
405,1712693826.368511,8587511067945.496,0.002157,0.0485440321968926,0.002257,BID
406,1712693826.8481743,8588188418190.17,0.002157,-0.030595448768295,0.002257,ASK
407,1712693826.8518443,8588436260130.812,0.002156,-0.0111948514925042,0.002257,ASK
408,1712693830.8182046,8588482597648.191,0.002157,-0.0020930340694405,0.002257,ASK
409,1712693830.8225784,8588861686267.998,0.002157,-0.0171231745129476,0.002257,ASK
410,1712693850.265859,8588861686267.998,0.002157,-0.0,0.002257,ASK
411,1712693855.7097914,8589948908711.973,0.002156,-0.049097495366383,0.002257,ASK
412,1712693855.7183144,8590239959292.385,0.002157,-0.0131434506364001,0.002257,ASK
413,1712693855.7265005,8591240562693.891,0.002156,-0.045185896539649,0.002257,ASK
414,1712693862.8578112,8593107480626.341,0.002156,-0.0843074892777246,0.002257,ASK
415,1712693867.438223,8593107672034.724,0.002156,-8.643743734601445e-06,0.002257,ASK
416,1712693867.440195,8594550891883.566,0.002156,-0.0651738567704595,0.002257,ASK
417,1712693877.5381367,8594970037815.142,0.002158,0.0189280634771664,0.002257,BID
418,1712693880.3807812,8594970037815.142,0.002158,0.0,0.002257,BID
419,1712693898.5377097,8595011232254.437,0.002158,0.0018591793841676,0.002257,BID
420,1712693900.9532747,8595048305192.343,0.002158,0.0016731685889052,0.002257,BID
421,1712693910.38773,8595048305192.343,0.002158,0.0,0.002257,BID
422,1712693937.1346705,8595094644392.343,0.002158,0.0020913557769345,0.002257,BID
423,1712693940.259778,8595094644392.343,0.002158,0.0,0.002257,BID
424,1712693946.4175625,8595180649507.377,0.002156,-0.0038815189388034,0.002257,ASK
425,1712693946.4218433,8595458413349.921,0.002156,-0.0125358313272491,0.002257,ASK
426,1712693961.3275704,8595463047270.218,0.002158,0.0002091346472367,0.002257,BID
427,1712693970.257846,8595463047270.218,0.002158,0.0,0.002257,BID
428,1712693985.3174531,8595602011152.503,0.002158,0.0062713898559008,0.002257,BID
429,1712693987.7675886,8596554505939.342,0.002158,0.0429857459776637,0.002257,BID
430,1712694000.3049326,8596554505939.342,0.002158,0.0,0.002257,BID
431,1712694023.3775897,8596556826291.684,0.002157,-0.0001047570292331,0.002257,ASK
432,1712694030.2430034,8596556826291.684,0.002157,-0.0,0.002257,ASK
433,1712694042.4067006,8596560764284.266,0.002157,0.0001777886501927,0.002257,BID
434,1712694044.8768263,8596607124984.266,0.002157,0.0020930476894752,0.002257,BID
435,1712694057.436828,8596610076675.646,0.002157,0.0001332600850451,0.002257,BID
436,1712694059.6075215,8596970231577.449,0.002158,0.0162599224142731,0.002257,BID
437,1712694059.6104093,8600814519352.724,0.002158,0.1735581569242057,0.002257,BID
438,1712694059.6131985,8600853153892.765,0.002157,0.0017442345513934,0.002257,BID
439,1712694060.3816404,8600853153892.765,0.002157,0.0,0.002257,BID
440,1712694078.7768016,8600862000326.426,0.002158,0.0003992230581648,0.002257,BID
441,1712694090.3865752,8600862000326.426,0.002158,0.0,0.002257,BID
442,1712694090.7193904,8600909670652.523,0.002158,0.0021512710886327,0.002257,BID
443,1712694105.5267315,8601095030916.295,0.002157,-0.0083649559186159,0.002257,ASK
444,1712694105.5312047,8601154891077.07,0.002157,-0.0027013751274367,0.002257,ASK
445,1712694106.0265722,8601201251777.07,0.002157,0.0020921701553806,0.002257,BID
446,1712694108.49645,8601202962971.692,0.002157,7.722295647700152e-05,0.002257,BID
447,1712694113.2867005,8601288783005.442,0.002158,0.003872894786867,0.002257,BID
448,1712694113.2910645,8601292129266.833,0.002158,0.0001510104078145,0.002257,BID
449,1712694120.2574346,8601292129266.833,0.002158,0.0,0.002257,BID
450,1712694138.526459,8601301397107.426,0.002158,0.00041822249374,0.002257,BID
451,1712694147.5064805,8601903806745.98,0.002158,0.0271844620942031,0.002257,BID
452,1712694150.284118,8601903806745.98,0.002158,0.0,0.002257,BID
453,1712694157.4671478,8603282095289.834,0.002158,0.0621932296020672,0.002257,BID
454,1712694157.4725158,8603293982834.951,0.002158,0.000536407870598,0.002257,BID
455,1712694166.3362565,8603363982834.951,0.002158,0.0031586463455415,0.002257,BID
456,1712694175.466409,8603373834642.736,0.002158,0.0004445482379651,0.002257,BID
457,1712694175.471788,8603391031405.198,0.002158,0.0007759784415067,0.002257,BID
458,1712694180.3864665,8603391031405.198,0.002158,0.0,0.002257,BID
459,1712694210.397506,8603391031405.198,0.002158,0.0,0.002257,BID
460,1712694215.3162374,8603395665325.495,0.002158,0.0002090685141171,0.002257,BID
461,1712694218.5460691,8603410333536.802,0.002158,0.0006617854745373,0.002257,BID
462,1712694240.2465105,8603410333536.802,0.002158,0.0,0.002257,BID
463,1712694270.2482111,8603410333536.802,0.002158,0.0,0.002257,BID
464,1712694271.286011,8603452038819.471,0.002158,0.0018816130908013,0.002257,BID
465,1712694276.047197,8603641817813.06,0.002157,-0.0085622399812148,0.002257,ASK
466,1712694276.0525122,8603682038819.471,0.002157,-0.0018146471464811,0.002257,ASK
467,1712694300.378337,8603682038819.471,0.002157,-0.0,0.002257,ASK
468,1712694310.7456267,8603806391668.97,0.002158,0.0056141758241618,0.002257,BID
469,1712694310.7493744,8603811334889.011,0.002158,0.0002231722599006,0.002257,BID
470,1712694330.3755803,8603811334889.011,0.002158,0.0,0.002257,BID
471,1712694350.6957996,8603818640007.121,0.002159,0.0003298010542478,0.002257,BID
472,1712694360.2600863,8603818640007.121,0.002159,0.0,0.002257,BID
473,1712694365.5740037,8604812597540.156,0.002158,-0.0448737452164546,0.002257,ASK
474,1712694367.8755994,8605513916172.179,0.002159,0.0316621108678848,0.002257,BID
475,1712694368.675384,8605632415326.424,0.002158,-0.0053498270089298,0.002257,ASK
476,1712694390.2576492,8605632415326.424,0.002158,-0.0,0.002257,ASK
477,1712694420.4049757,8605632415326.424,0.002158,-0.0,0.002257,ASK
478,1712694450.397693,8605632415326.424,0.002158,-0.0,0.002257,ASK
479,1712694450.8004262,8605655573348.895,0.002158,-0.0010453198763939,0.002257,ASK
480,1712694450.8029246,8605661053770.582,0.002158,-0.0002473783643751,0.002257,ASK
481,1712694450.8053832,8605859477420.955,0.002158,-0.0089565586156587,0.002257,ASK
482,1712694480.2348082,8605859477420.955,0.002158,-0.0,0.002257,ASK
483,1712694510.2342153,8605859477420.955,0.002158,-0.0,0.002257,ASK
484,1712694540.2728407,8605859477420.955,0.002158,-0.0,0.002257,ASK
485,1712694570.2846956,8605859477420.955,0.002158,-0.0,0.002257,ASK
486,1712694600.4843516,8605859477420.955,0.002158,-0.0,0.002257,ASK
487,1712694620.1420622,8605984518875.332,0.002159,0.0056483576832391,0.002257,BID
488,1712694623.5551274,8606004884537.983,0.002158,-0.0009199552875027,0.002257,ASK
489,1712694623.5607262,8606189516549.982,0.002158,-0.0083401752542219,0.002257,ASK
490,1712694623.5662165,8607401393681.265,0.002158,-0.0547427694257644,0.002257,ASK
491,1712694630.3742402,8607401393681.265,0.002158,-0.0,0.002257,ASK
492,1712694660.2424834,8607401393681.265,0.002158,-0.0,0.002257,ASK
493,1712694690.3072028,8607401393681.265,0.002158,-0.0,0.002257,ASK
494,1712694710.8247137,8607405954885.371,0.002158,0.0002060072030308,0.002257,BID
495,1712694720.38437,8607405954885.371,0.002158,0.0,0.002257,BID
496,1712694727.654875,8607570168315.554,0.002156,-0.0074167113822037,0.002257,ASK
497,1712694727.6593282,8607802186877.039,0.002155,-0.0104791350131184,0.002257,ASK
498,1712694727.6647542,8607804508305.61,0.002156,-0.0001048474883479,0.002257,ASK
499,1712694727.6676347,8609516423756.7,0.002155,-0.0773187844462459,0.002257,ASK
500,1712694727.6697474,8609641455816.47,0.002157,-0.0056470819701031,0.002257,ASK
501,1712694750.376937,8609641455816.47,0.002157,-0.0,0.002257,ASK
502,1712694761.1949182,8609646032475.509,0.002156,-0.0002066601649763,0.002257,ASK
503,1712694766.4950106,8611131438019.434,0.002156,-0.0670738528136482,0.002257,ASK
504,1712694780.2771351,8611131438019.434,0.002156,-0.0,0.002257,ASK
505,1712694782.5253184,8611493889446.781,0.002156,-0.0163642096418615,0.002257,ASK
506,1712694802.9557395,8611540271636.02,0.002156,0.0020940954044903,0.002257,BID
507,1712694810.233786,8611540271636.02,0.002156,0.0,0.002257,BID
508,1712694840.3885412,8611540271636.02,0.002156,0.0,0.002257,BID
509,1712694861.7358449,8611542590745.482,0.002156,0.000104700603546,0.002257,BID
510,1712694870.3786623,8611542590745.482,0.002156,0.0,0.002257,BID
511,1712694890.3059666,8611632227281.574,0.002156,0.0040468108401934,0.002257,BID
512,1712694900.256005,8611632227281.574,0.002156,0.0,0.002257,BID
513,1712694906.2862186,8611639619790.851,0.002156,0.0003339439082145,0.002257,BID
514,1712694911.6962209,8612037191799.199,0.002156,0.0179596325552264,0.002257,BID
515,1712694915.3460388,8622037191799.199,0.002156,0.4517328226859873,0.002257,BID
516,1712694915.4664235,8622044590740.781,0.002156,0.0003342344765739,0.002257,BID
517,1712694925.356334,8622046911631.237,0.002157,0.0001048422396858,0.002257,BID
518,1712694930.2461865,8622046911631.237,0.002157,0.0,0.002257,BID
519,1712694945.4564974,8622146911631.237,0.002156,-0.0045127508368655,0.002257,ASK
520,1712694960.3790257,8622146911631.237,0.002156,-0.0,0.002257,ASK
521,1712694990.3865912,8622146911631.237,0.002156,-0.0,0.002257,ASK
522,1712695006.1472478,8622193229331.237,0.002159,0.0020901820579597,0.002257,BID
523,1712695012.3067625,8622429732573.479,0.002159,0.0106726982035795,0.002257,BID
524,1712695020.2265887,8622429732573.479,0.002159,0.0,0.002257,BID
525,1712695042.3872108,8622661321271.951,0.002159,0.010450631278488,0.002257,BID
526,1712695050.2654126,8622661321271.951,0.002159,0.0,0.002257,BID
527,1712695056.5271266,8622665953045.921,0.002159,0.0002090079097557,0.002257,BID
528,1712695072.7885416,8622902219812.954,0.002159,0.0106614924314332,0.002257,BID
529,1712695080.3900115,8622902219812.954,0.002159,0.0,0.002257,BID
530,1712695110.380587,8622902219812.954,0.002159,0.0,0.002257,BID
531,1712695132.2272985,8622948537552.648,0.002159,0.0020900300456523,0.002257,BID
532,1712695139.6973317,8622953169326.617,0.002159,0.0002090030045343,0.002257,BID
533,1712695140.2529137,8622953169326.617,0.002159,0.0,0.002257,BID
534,1712695166.9182272,8622957801100.587,0.002159,0.0002090019671737,0.002257,BID
535,1712695170.2432852,8622957801100.587,0.002159,0.0,0.002257,BID
536,1712695200.2806454,8622957801100.587,0.002159,0.0,0.002257,BID
537,1712695219.377627,8623004118840.281,0.002159,0.0020910327414026,0.002257,BID
538,1712695222.709314,8623242059471.079,0.002157,-0.0107419242128768,0.002257,ASK
539,1712695222.7133858,8623254118840.281,0.002157,-0.000544425008836,0.002257,ASK
540,1712695230.2506087,8623254118840.281,0.002157,-0.0,0.002257,ASK
541,1712695260.3776662,8623254118840.281,0.002157,-0.0,0.002257,ASK
542,1712695286.4779649,8623300436540.281,0.002159,0.0020909706056577,0.002257,BID
543,1712695290.3778136,8623300436540.281,0.002159,0.0,0.002257,BID
544,1712695291.51232,8623346754279.976,0.002159,0.0020909629581678,0.002257,BID
545,1712695310.9579284,8623563246426.728,0.002159,0.0097732977165966,0.002257,BID
546,1712695310.9626513,8623809931676.919,0.002159,0.0111363318650818,0.002257,BID
547,1712695314.74768,8623823833437.809,0.002158,-0.0006275795681177,0.002257,ASK
548,1712695314.7578645,8623826333437.809,0.002157,-0.000112859725667,0.002257,ASK
549,1712695314.762571,8624051999668.393,0.002157,-0.0101874515504084,0.002257,ASK
550,1712695314.7672014,8624120833819.93,0.002157,-0.0031074413836003,0.002257,ASK
551,1712695320.25058,8624120833819.93,0.002157,-0.0,0.002257,ASK
552,1712695325.8279912,8624256695194.403,0.002157,0.0061328207652469,0.002257,BID
553,1712695350.25964,8624256695194.403,0.002157,0.0,0.002257,BID
554,1712695380.3780324,8624256695194.403,0.002157,0.0,0.002257,BID
555,1712695391.998392,8624392584617.091,0.002157,-0.0061340057258719,0.002257,ASK
556,1712695392.0106127,8624720302055.785,0.002157,-0.0147930619297867,0.002257,ASK
557,1712695410.387956,8624720302055.785,0.002157,-0.0,0.002257,ASK
558,1712695440.2530663,8624720302055.785,0.002157,-0.0,0.002257,ASK
559,1712695470.2581358,8624720302055.785,0.002157,-0.0,0.002257,ASK
560,1712695500.3058493,8624720302055.785,0.002157,-0.0,0.002257,ASK
561,1712695507.208448,8624830302055.785,0.002157,-0.0049852550533915,0.002257,ASK
562,1712695507.2138398,8626533582893.595,0.002156,-0.0771935400366834,0.002257,ASK
563,1712695507.2183995,8626860809154.604,0.002157,-0.0148300579208772,0.002257,ASK
564,1712695508.8879917,8626907191354.604,0.002156,0.0021020645176128,0.002257,BID
565,1712695511.9045274,8626953573554.604,0.002156,0.0021020645176128,0.002257,BID
566,1712695514.971624,8626999955754.604,0.002156,0.0021020645176128,0.002257,BID
567,1712695519.868615,8627046337954.604,0.002156,0.0021020645176128,0.002257,BID
568,1712695530.2598948,8627046337954.604,0.002156,0.0,0.002257,BID
569,1712695536.528262,8627092720154.604,0.002156,0.0021015868288038,0.002257,BID
570,1712695539.5580888,8627139102354.604,0.002156,0.0021015868288038,0.002257,BID
571,1712695558.528252,8627185484554.604,0.002156,0.0021015868288038,0.002257,BID
572,1712695560.3803508,8627185484554.604,0.002156,0.0,0.002257,BID
573,1712695581.7080915,8627231866754.604,0.002156,0.0021015582621886,0.002257,BID
574,1712695586.1981628,8627278248954.604,0.002156,0.0021015582621886,0.002257,BID
575,1712695586.977985,8627288248954.604,0.002156,0.0004530958562096,0.002257,BID
576,1712695590.3790033,8627288248954.604,0.002156,0.0,0.002257,BID
577,1712695596.5184202,8627298248954.604,0.002156,0.0004530913077193,0.002257,BID
578,1712695599.9082384,8627529451071.542,0.002156,0.0104755669511146,0.002257,BID
579,1712695600.448195,8627539451071.542,0.002156,0.0004530913077193,0.002257,BID
580,1712695605.2281656,8627549451071.542,0.002156,0.0004530913077193,0.002257,BID
581,1712695607.939886,8627559451071.542,0.002156,0.0004530913077193,0.002257,BID
582,1712695620.2492151,8627559451071.542,0.002156,0.0,0.002257,BID
583,1712695630.458024,8627726298242.229,0.002156,0.0075595000033797,0.002257,BID
584,1712695633.0581186,8627757270227.5,0.002155,-0.0014032765542327,0.002257,ASK
585,1712695645.3521085,8627776668869.595,0.002155,-0.0008789123266355,0.002257,ASK
586,1712695650.2492957,8627776668869.595,0.002155,-0.0,0.002257,ASK
587,1712695680.4104087,8627776668869.595,0.002155,-0.0,0.002257,ASK
588,1712695682.6685553,8627785949612.055,0.002155,-0.000420482312676,0.002257,ASK
589,1712695682.6782537,8628115302023.518,0.002155,-0.0149219595581713,0.002257,ASK
590,1712695682.682976,8628709899571.317,0.002155,-0.0269394127774779,0.002257,ASK
591,1712695710.3783357,8628709899571.317,0.002155,-0.0,0.002257,ASK
592,1712695732.2882986,8628756281771.317,0.002156,0.0021012454462606,0.002257,BID
593,1712695740.248114,8628756281771.317,0.002156,0.0,0.002257,BID
594,1712695741.2385044,8628780342290.703,0.002155,-0.0010900049535621,0.002257,ASK
595,1712695744.7180946,8628826724490.703,0.002156,0.0021012359270626,0.002257,BID
596,1712695758.8580155,8628836000928.551,0.002156,0.0004202470879056,0.002257,BID
597,1712695761.7482002,8628863332630.861,0.002155,-0.0012381981631467,0.002257,ASK
598,1712695770.2580724,8628863332630.861,0.002155,-0.0,0.002257,ASK
599,1712695800.3009672,8628863332630.861,0.002155,-0.0,0.002257,ASK
600,1712695810.738117,8628872149336.198,0.002155,-0.0004000017822072,0.002257,ASK
601,1712695830.251264,8628872149336.198,0.002155,-0.0,0.002257,ASK
602,1712695860.3880906,8628872149336.198,0.002155,-0.0,0.002257,ASK
603,1712695890.3880038,8628872149336.198,0.002155,-0.0,0.002257,ASK
604,1712695901.098332,8629275602793.09,0.002155,-0.0183041120821812,0.002257,ASK
605,1712695920.2402456,8629275602793.09,0.002155,-0.0,0.002257,ASK
606,1712695950.2506464,8629275602793.09,0.002155,-0.0,0.002257,ASK
607,1712695971.5380986,8629553895928.525,0.002156,-0.0126252675062243,0.002257,ASK
608,1712695980.3981152,8629553895928.525,0.002156,-0.0,0.002257,ASK
609,1712696010.3902378,8629553895928.525,0.002156,-0.0,0.002257,ASK
610,1712696040.2989671,8629553895928.525,0.002156,-0.0,0.002257,ASK
611,1712696040.4635766,8629577075433.393,0.002156,0.0010515512122958,0.002257,BID
612,1712696056.8681817,8629623457633.393,0.002156,0.0021041544639717,0.002257,BID
613,1712696066.8685353,8629646648728.013,0.002156,0.0010520769879244,0.002257,BID
614,1712696070.257415,8629646648728.013,0.002156,0.0,0.002257,BID
615,1712696078.868214,8629660556430.933,0.002156,0.0006309250036211,0.002257,BID
616,1712696080.2179148,8629683747525.553,0.002156,0.0010520674435902,0.002257,BID
617,1712696097.9979494,8629776511904.031,0.002156,0.0042082697742725,0.002257,BID
618,1712696100.3793864,8629776511904.031,0.002156,0.0,0.002257,BID
619,1712696117.837929,8629822894104.031,0.002156,0.002104733846002,0.002257,BID
620,1712696121.2089825,8629869276304.031,0.002156,0.002104733846002,0.002257,BID
621,1712696121.2705035,8629998014304.477,0.002155,-0.0058418795745754,0.002257,ASK
622,1712696121.2750406,8630029873963.596,0.002155,-0.001445729242471,0.002257,ASK
623,1712696124.1977963,8630076256163.596,0.002156,0.002104733846002,0.002257,BID
624,1712696126.3478117,8630108276331.619,0.002156,0.001453012823747,0.002257,BID
625,1712696130.3786886,8630108276331.619,0.002156,0.0,0.002257,BID
626,1712696141.2381728,8630325423826.98,0.002156,0.0098534104085959,0.002257,BID
627,1712696156.677897,8631381728843.192,0.002156,0.0479315076790342,0.002257,BID
628,1712696160.2408042,8631381728843.192,0.002156,0.0,0.002257,BID
629,1712696190.28814,8631381728843.192,0.002156,0.0,0.002257,BID
630,1712696192.097758,8631781728843.192,0.002156,-0.0181483704705789,0.002257,ASK
631,1712696219.8776777,8631844409819.243,0.002156,-0.0028438939370676,0.002257,ASK
632,1712696220.377705,8631844409819.243,0.002156,-0.0,0.002257,ASK
633,1712696227.0976522,8631882337993.479,0.002158,0.0017207585128758,0.002257,BID
634,1712696247.777654,8631892030087.792,0.002156,-0.0004397193941902,0.002257,ASK
635,1712696250.3903613,8631892030087.792,0.002156,-0.0,0.002257,ASK
636,1712696261.0278509,8632170065305.587,0.002158,0.0126140856336994,0.002257,BID
637,1712696267.2679496,8632281002222.165,0.002158,0.0050330593971272,0.002257,BID
638,1712696280.2429206,8632281002222.165,0.002158,0.0,0.002257,BID
639,1712696287.8578568,8632484742335.426,0.002158,0.0092430641983258,0.002257,BID
640,1712696310.2414472,8632484742335.426,0.002158,0.0,0.002257,BID
641,1712696331.0776727,8632498637148.909,0.002158,0.0006303525079096,0.002257,BID
642,1712696340.3974729,8632498637148.909,0.002158,0.0,0.002257,BID
643,1712696355.068236,8632521783580.79,0.002158,0.0010500602656792,0.002257,BID
644,1712696370.3911438,8632521783580.79,0.002158,0.0,0.002257,BID
645,1712696383.387473,8632557353552.987,0.002158,0.0016136625295204,0.002257,BID
646,1712696400.3777273,8632557353552.987,0.002158,0.0,0.002257,BID
647,1712696405.2373571,8632589471159.318,0.002158,0.0014576375033751,0.002257,BID
648,1712696430.249598,8632589471159.318,0.002158,0.0,0.002257,BID
649,1712696447.9272983,8633052863188.976,0.002158,0.0210306916876305,0.002257,BID
650,1712696460.380874,8633052863188.976,0.002158,0.0,0.002257,BID
651,1712696490.3873432,8633052863188.976,0.002158,0.0,0.002257,BID
652,1712696520.2444746,8633052863188.976,0.002158,0.0,0.002257,BID
653,1712696550.2684214,8633052863188.976,0.002158,0.0,0.002257,BID
654,1712696552.407185,8633076054283.595,0.002156,-0.0010524622686865,0.002257,ASK
655,1712696552.4110918,8634052863188.976,0.002156,-0.0443297107581073,0.002257,ASK
656,1712696580.3687212,8634052863188.976,0.002156,-0.0,0.002257,ASK
657,1712696610.4178572,8634052863188.976,0.002156,-0.0,0.002257,ASK
658,1712696637.5473387,8634168332227.792,0.002156,-0.0052397232235078,0.002257,ASK
659,1712696640.236841,8634168332227.792,0.002156,-0.0,0.002257,ASK
660,1712696654.4271717,8634567153414.161,0.002156,-0.0180973969020257,0.002257,ASK
661,1712696654.4326117,8634768592623.89,0.002156,-0.0091407514311767,0.002257,ASK
662,1712696670.3376114,8634768592623.89,0.002156,-0.0,0.002257,ASK
663,1712696700.3868208,8634768592623.89,0.002156,-0.0,0.002257,ASK
664,1712696720.3470984,8634843592624.028,0.002156,-0.0034128613182327,0.002257,ASK
665,1712696730.3899689,8634843592624.028,0.002156,-0.0,0.002257,ASK
666,1712696732.3584497,8634918592624.166,0.002156,-0.0034128362060992,0.002257,ASK
667,1712696760.2504013,8634918592624.166,0.002156,-0.0,0.002257,ASK
668,1712696790.2607462,8634918592624.166,0.002156,-0.0,0.002257,ASK
669,1712696819.05922,8634961814168.535,0.002156,-0.0019667595449122,0.002257,ASK
670,1712696820.3791945,8634961814168.535,0.002156,-0.0,0.002257,ASK
671,1712696850.3700936,8634961814168.535,0.002156,-0.0,0.002257,ASK
672,1712696858.1706212,8635046258634.766,0.002156,-0.0038425571820252,0.002257,ASK
673,1712696862.5605028,8635050285023.623,0.002156,-0.000183216616936,0.002257,ASK
674,1712696862.5704548,8635231691672.307,0.002156,-0.0082547199583667,0.002257,ASK
675,1712696864.7503915,8635240963809.534,0.002157,0.0004219189141318,0.002257,BID
676,1712696865.120342,8635259516685.23,0.002156,-0.0008442292187557,0.002257,ASK
677,1712696880.2469783,8635259516685.23,0.002156,-0.0,0.002257,ASK
678,1712696910.264838,8635259516685.23,0.002156,-0.0,0.002257,ASK
679,1712696915.7415273,8635491419295.41,0.002156,-0.0105521777151278,0.002257,ASK
680,1712696916.8626006,8635630565863.128,0.002156,-0.0063315342154636,0.002257,ASK
681,1712696916.872511,8635885667903.944,0.002156,-0.0116078127283721,0.002257,ASK
682,1712696916.8800678,8636445985240.513,0.002156,-0.0254959101484675,0.002257,ASK
683,1712696938.7224886,8636636622139.637,0.002156,-0.0086744795026623,0.002257,ASK
684,1712696940.3756382,8636636622139.637,0.002156,-0.0,0.002257,ASK
685,1712696943.7422192,8636715559864.509,0.002156,-0.0035913885705545,0.002257,ASK
686,1712696943.7518723,8637359846022.913,0.002156,-0.0293127519093014,0.002257,ASK
687,1712696943.8651342,8637376754042.222,0.002155,-0.0007692553515319,0.002257,ASK
688,1712696943.869908,8637701580028.301,0.002155,-0.0147784387720092,0.002257,ASK
689,1712696943.878081,8637803543183.071,0.002155,-0.0046389645667385,0.002257,ASK
690,1712696961.622877,8637993839823.621,0.002155,-0.0086578271795024,0.002257,ASK
691,1712696961.6292112,8638026337502.358,0.002154,-0.0014785299699967,0.002257,ASK
692,1712696961.635215,8638091271957.114,0.002155,-0.0029542890807066,0.002257,ASK
693,1712696961.6397796,8638093982053.114,0.002154,-0.000123299826734,0.002257,ASK
694,1712696966.7225046,8638140385765.411,0.002154,0.0021112055388521,0.002257,BID
695,1712696970.3927915,8638140385765.411,0.002154,0.0,0.002257,BID
696,1712696971.9927151,8638390394963.981,0.002153,-0.0113728612377486,0.002257,ASK
697,1712696985.3132768,8638518236396.511,0.002154,0.0058154775140475,0.002257,BID
698,1712697000.2867618,8638518236396.511,0.002154,0.0,0.002257,BID
699,1712697030.2667394,8638518236396.511,0.002154,0.0,0.002257,BID
700,1712697034.36913,8638605473111.768,0.002154,-0.0039712050339483,0.002257,ASK
701,1712697045.9074154,8639047450384.495,0.002154,-0.0201197668341695,0.002257,ASK
702,1712697054.7443614,8639244288303.825,0.002154,-0.0089604902455824,0.002257,ASK
703,1712697060.4044034,8639244288303.825,0.002154,-0.0,0.002257,ASK
704,1712697078.2245755,8640189582111.7,0.002154,-0.0430287669770326,0.002257,ASK
705,1712697084.2750242,8640238035475.97,0.002155,0.0022055455172119,0.002257,BID
706,1712697090.398615,8640238035475.97,0.002155,0.0,0.002257,BID
707,1712697120.268558,8640238035475.97,0.002155,0.0,0.002257,BID
708,1712697145.9656742,8640284439188.267,0.002155,0.0021120417523736,0.002257,BID
709,1712697150.265984,8640284439188.267,0.002155,0.0,0.002257,BID
710,1712697178.8466337,8640482455725.241,0.002155,0.0090125826050324,0.002257,BID
711,1712697180.409903,8640482455725.241,0.002155,0.0,0.002257,BID
712,1712697180.7510223,8640487104444.966,0.002155,0.0002115790804838,0.002257,BID
713,1712697181.386384,8640987635400.579,0.002154,-0.0227808699203243,0.002257,ASK
714,1712697199.7269154,8641082320559.267,0.002154,-0.0043094443195871,0.002257,ASK
715,1712697210.4064343,8641082320559.267,0.002154,-0.0,0.002257,ASK
716,1712697211.881023,8641459077772.051,0.002154,-0.017146496624339,0.002257,ASK
717,1712697240.2489798,8641459077772.051,0.002154,-0.0,0.002257,ASK
718,1712697270.2624676,8641459077772.051,0.002154,-0.0,0.002257,ASK
719,1712697300.2687583,8641459077772.051,0.002154,-0.0,0.002257,ASK
720,1712697330.2541597,8641459077772.051,0.002154,-0.0,0.002257,ASK
721,1712697360.401234,8641459077772.051,0.002154,-0.0,0.002257,ASK
722,1712697369.6490865,8641587075054.747,0.002154,-0.0058317471332908,0.002257,ASK
723,1712697369.6547058,8641912623307.492,0.002154,-0.0148324640156537,0.002257,ASK
724,1712697369.6606405,8641968305772.666,0.002154,-0.0025369761748969,0.002257,ASK
725,1712697387.2310202,8642281169858.533,0.002154,-0.0142545544517134,0.002257,ASK
726,1712697387.237042,8642293352367.815,0.002154,-0.0005550532955569,0.002257,ASK
727,1712697387.2400236,8642433761271.999,0.002154,-0.0063972391226779,0.002257,ASK
728,1712697387.8182986,8642585149739.52,0.002154,-0.0068974844065756,0.002257,ASK
729,1712697387.8245437,8642873761271.999,0.002154,-0.0131495719417725,0.002257,ASK
730,1712697390.4080703,8642873761271.999,0.002154,-0.0,0.002257,ASK
731,1712697395.6792276,8642901078161.372,0.002154,-0.0012444254570789,0.002257,ASK
732,1712697395.6921458,8643163603776.901,0.002153,-0.0119593982549974,0.002257,ASK
733,1712697395.695326,8643571255069.371,0.002154,-0.0185706227027809,0.002257,ASK
734,1712697395.6981823,8643785714054.731,0.002153,-0.0097697148909299,0.002257,ASK
735,1712697404.1784346,8643867152586.842,0.002153,-0.003709945929834,0.002257,ASK
736,1712697420.26942,8643867152586.842,0.002153,-0.0,0.002257,ASK
737,1712697443.4488077,8643883838320.978,0.002154,0.0007600473368673,0.002257,BID
738,1712697450.3712404,8643883838320.978,0.002154,0.0,0.002257,BID
739,1712697475.199286,8643892272558.9795,0.002154,0.0003841850520323,0.002257,BID
740,1712697475.203987,8644833926035.142,0.002154,0.0428929311281059,0.002257,BID
741,1712697480.3934724,8644833926035.142,0.002154,0.0,0.002257,BID
742,1712697510.3894627,8644833926035.142,0.002154,0.0,0.002257,BID
743,1712697521.3993702,8644926776545.819,0.002155,0.0042290072076961,0.002257,BID
744,1712697523.7895944,8645065987682.71,0.002155,0.0063405671870278,0.002257,BID
745,1712697524.3894124,8645467593305.98,0.002155,0.0182916934227433,0.002257,BID
746,1712697524.6694117,8645505807072.969,0.002156,0.0017404998082085,0.002257,BID
747,1712697540.2647617,8645505807072.969,0.002156,0.0,0.002257,BID
748,1712697562.0296495,8645529136317.437,0.002156,0.0010624932083156,0.002257,BID
749,1712697570.2604125,8645529136317.437,0.002156,0.0,0.002257,BID
750,1712697573.7001638,8645579048603.274,0.002154,-0.0022731701964671,0.002257,ASK
751,1712697573.7070494,8647318045083.091,0.002154,-0.0791996379928627,0.002257,ASK
752,1712697592.910173,8647534795207.069,0.002156,0.0098715158732344,0.002257,BID
753,1712697592.9169977,8648071632281.606,0.002156,0.0244493318174947,0.002257,BID
754,1712697600.2945285,8648071632281.606,0.002156,0.0,0.002257,BID
755,1712697630.2708275,8648071632281.606,0.002156,0.0,0.002257,BID
756,1712697660.3026955,8648071632281.606,0.002156,0.0,0.002257,BID
757,1712697664.4804688,8648085553395.296,0.002155,0.0006348466047552,0.002257,BID
758,1712697690.2603376,8648085553395.296,0.002155,0.0,0.002257,BID
759,1712697712.8734064,8648302755408.87,0.002155,0.0099050819706921,0.002257,BID
760,1712697720.39303,8648302755408.87,0.002155,0.0,0.002257,BID
761,1712697721.920849,8649690283885.468,0.002156,0.0632742289745959,0.002257,BID
762,1712697750.5418174,8649690283885.468,0.002156,0.0,0.002257,BID
763,1712697775.251048,8649736666074.707,0.002156,-0.0021148372833887,0.002257,ASK
764,1712697775.2577066,8649829280190.357,0.002155,-0.0042228231991202,0.002257,ASK
765,1712697780.2709465,8649829280190.357,0.002155,-0.0,0.002257,ASK
766,1712697794.2326252,8649983501184.103,0.002155,-0.0070317476966288,0.002257,ASK
767,1712697794.2393184,8650123005565.275,0.002154,-0.0063607397874966,0.002257,ASK
768,1712697794.2441704,8650355131841.971,0.002154,-0.0105838600299576,0.002257,ASK
769,1712697794.247106,8650375090308.213,0.002155,-0.0009100116373176,0.002257,ASK
770,1712697794.2500331,8650429690160.461,0.002153,-0.002489494951096,0.002257,ASK
771,1712697794.253023,8650582867388.873,0.002154,-0.0069841569354882,0.002257,ASK
772,1712697810.2708845,8650582867388.873,0.002154,-0.0,0.002257,ASK
773,1712697823.651153,8650589733946.274,0.002155,-0.000313059360192,0.002257,ASK
774,1712697840.4012833,8650589733946.274,0.002155,-0.0,0.002257,ASK
775,1712697848.7416244,8650599014688.734,0.002155,-0.0004231263450767,0.002257,ASK
776,1712697848.7483084,8650637788884.042,0.002155,-0.0017677878267375,0.002257,ASK
777,1712697870.4018035,8650637788884.042,0.002155,-0.0,0.002257,ASK
778,1712697885.111946,8650645249191.012,0.002155,0.0003401276924834,0.002257,BID
779,1712697889.331506,8650691652891.012,0.002155,0.0021156211758766,0.002257,BID
780,1712697900.2624724,8650691652891.012,0.002155,0.0,0.002257,BID
781,1712697930.0418556,8650834186505.86,0.002155,0.0065050130418251,0.002257,BID
782,1712697930.2651703,8650834186505.86,0.002155,0.0,0.002257,BID
783,1712697960.3953748,8650834186505.86,0.002155,0.0,0.002257,BID
784,1712697964.611899,8650843467248.32,0.002155,0.0004235527493773,0.002257,BID
785,1712697977.631754,8651053771069.244,0.002155,0.0095978055571679,0.002257,BID
786,1712697977.6419437,8651543401853.458,0.002157,0.0223456760844608,0.002257,BID
787,1712697977.6485949,8651566274551.536,0.002155,0.0010438598203175,0.002257,BID
788,1712697982.4049163,8651610161273.913,0.002154,-0.0020028938421806,0.002257,ASK
789,1712697982.410329,8651908299549.92,0.002153,-0.0136063776192601,0.002257,ASK
790,1712697982.4156914,8651917584600.987,0.002154,-0.0004237493847788,0.002257,ASK
791,1712697982.4187498,8651926873964.666,0.002153,-0.0004239462029098,0.002257,ASK
792,1712697982.4218433,8652109234038.111,0.002154,-0.0083225141541908,0.002257,ASK
793,1712697982.4249835,8652113424702.301,0.002153,-0.0001912527307828,0.002257,ASK
794,1712697982.4281034,8654488173483.862,0.002153,-0.1083783307047201,0.002257,ASK
795,1712697982.4312248,8654512596277.108,0.002154,-0.0011146027671262,0.002257,ASK
796,1712697982.434352,8654967005284.866,0.002153,-0.0207382313869834,0.002257,ASK
797,1712697990.401901,8654967005284.866,0.002153,-0.0,0.002257,ASK
798,1712698020.2961004,8654967005284.866,0.002153,-0.0,0.002257,ASK
799,1712698032.182284,8655059898921.652,0.002153,-0.004237740630331,0.002257,ASK
800,1712698047.2620804,8655311522783.652,0.002153,-0.0114788988831729,0.002257,ASK
801,1712698050.262245,8655311522783.652,0.002153,-0.0,0.002257,ASK
802,1712698068.242138,8655395127056.76,0.002153,-0.0038138375149461,0.002257,ASK
803,1712698080.404416,8655395127056.76,0.002153,-0.0,0.002257,ASK
804,1712698090.12211,8655462936401.69,0.002153,-0.003093283278928,0.002257,ASK
805,1712698095.812206,8655469903424.45,0.002153,-0.0003178171832913,0.002257,ASK
806,1712698107.7826903,8655517742328.813,0.002154,0.002182284508138,0.002257,BID
807,1712698110.398474,8655517742328.813,0.002154,0.0,0.002257,BID
808,1712698125.9424655,8655973151148.45,0.002154,0.0207742977162775,0.002257,BID
809,1712698126.7921803,8656017742328.813,0.002154,-0.0020341074139187,0.002257,ASK
810,1712698136.952672,8656087380211.822,0.002154,0.0031766580961473,0.002257,BID
811,1712698137.8335123,8656124352897.008,0.002153,-0.0016865759649263,0.002257,ASK
812,1712698140.271292,8656124352897.008,0.002153,-0.0,0.002257,ASK
813,1712698166.15252,8656183627688.094,0.002153,-0.0027037657455763,0.002257,ASK
814,1712698170.2662077,8656183627688.094,0.002153,-0.0,0.002257,ASK
815,1712698200.3673089,8656183627688.094,0.002153,-0.0,0.002257,ASK
816,1712698215.4927752,8657016960507.219,0.002154,0.0380451569328335,0.002257,BID
817,1712698215.5028412,8657112132794.872,0.002154,0.004345016224405,0.002257,BID
818,1712698230.2662032,8657112132794.872,0.002154,0.0,0.002257,BID
819,1712698239.2830503,8657432132794.872,0.002154,0.014608015441908,0.002257,BID
820,1712698243.122787,8657488736327.635,0.002154,-0.002583954002075,0.002257,ASK
821,1712698245.232854,8657612132794.872,0.002154,-0.0056330546839982,0.002257,ASK
822,1712698245.2384665,8657639036296.692,0.002154,-0.0012281461563516,0.002257,ASK
823,1712698249.203242,8658103073419.662,0.002154,-0.0211833170561261,0.002257,ASK
824,1712698259.6832306,8658149412622.628,0.002154,-0.0021153868515325,0.002257,ASK
825,1712698260.392727,8658149412622.628,0.002154,-0.0,0.002257,ASK
826,1712698290.382984,8658149412622.628,0.002154,-0.0,0.002257,ASK
827,1712698320.266235,8658149412622.628,0.002154,-0.0,0.002257,ASK
828,1712698334.2530384,8659092721002.856,0.002154,-0.0430576813691291,0.002257,ASK
829,1712698339.932992,8659324524433.548,0.002154,0.0105807586025724,0.002257,BID
830,1712698350.2728546,8659324524433.548,0.002154,0.0,0.002257,BID
831,1712698378.9631474,8659328323272.916,0.002154,0.0001733794826474,0.002257,BID
832,1712698380.2782252,8659328323272.916,0.002154,0.0,0.002257,BID
833,1712698382.8931289,8659336870162.424,0.002154,0.0003900809126376,0.002257,BID
834,1712698387.7330327,8661189061522.64,0.002154,0.0845342034095628,0.002257,BID
835,1712698389.7231555,8661776910186.64,0.002154,0.0268294732412667,0.002257,BID
836,1712698389.7432735,8662190849704.245,0.002154,0.0188922419854283,0.002257,BID
837,1712698390.8953393,8662602168941.245,0.002154,0.0187726521101862,0.002257,BID
838,1712698391.0730066,8662973758478.245,0.002154,0.0169593845324724,0.002257,BID
839,1712698391.1530302,8663427728714.245,0.002154,0.0207192480735033,0.002257,BID
840,1712698391.2530105,8663863020880.245,0.002154,0.0198667790454143,0.002257,BID
841,1712698391.353034,8664239726688.245,0.002154,0.0171928916649979,0.002257,BID
842,1712698392.072975,8666084005912.245,0.002154,0.0841730927021927,0.002257,BID
843,1712698392.173231,8666927705575.094,0.002154,0.0385065390368279,0.002257,BID
844,1712698392.180519,8666977109902.234,0.002154,0.0022548185514327,0.002257,BID
845,1712698410.2837398,8666977109902.234,0.002154,0.0,0.002257,BID
846,1712698440.4114673,8666977109902.234,0.002154,0.0,0.002257,BID
847,1712698443.143337,8667204355785.963,0.002153,-0.0103637324763948,0.002257,ASK
848,1712698468.6334772,8667208641078.963,0.002157,0.0001954342560854,0.002257,BID
849,1712698470.3976614,8667208641078.963,0.002157,0.0,0.002257,BID
850,1712698500.2935064,8667208641078.963,0.002157,0.0,0.002257,BID
851,1712698505.8938632,8667255001778.963,0.002157,0.0021206547176149,0.002257,BID
852,1712698507.373362,8667486805209.653,0.002157,0.0106032704176813,0.002257,BID
853,1712698510.973431,8667533165909.653,0.002157,0.0021206547176149,0.002257,BID
854,1712698515.7835624,8667987689017.081,0.002157,0.0207910271422056,0.002257,BID
855,1712698527.1336808,8668040511540.018,0.002158,0.0024162347087439,0.002257,BID
856,1712698530.2750225,8668040511540.018,0.002158,0.0,0.002257,BID
857,1712698533.6953487,8668065871595.625,0.002158,0.0011599373533261,0.002257,BID
858,1712698546.0252829,8668104738138.721,0.002158,0.0017777072664688,0.002257,BID
859,1712698552.2841816,8668153420007.239,0.002158,0.0022266480246935,0.002257,BID
860,1712698560.393589,8668153420007.239,0.002158,0.0,0.002257,BID
861,1712698590.3943355,8668153420007.239,0.002158,0.0,0.002257,BID
862,1712698604.4636774,8668156200359.417,0.002158,0.0001271684279855,0.002257,BID
863,1712698612.4939466,8668286497076.98,0.002157,-0.0059595431387833,0.002257,ASK
864,1712698612.5015435,8668295580830.935,0.002157,-0.0004154749602589,0.002257,ASK
865,1712698617.8935578,8668400116184.573,0.002157,-0.004781263574304,0.002257,ASK
866,1712698620.2698815,8668400116184.573,0.002157,-0.0,0.002257,ASK
867,1712698632.694151,8668845695414.443,0.002157,-0.0203795157980267,0.002257,ASK
868,1712698632.893607,8668892056114.443,0.002157,0.0021204054289805,0.002257,BID
869,1712698644.1944046,8668938416800.581,0.002157,0.0021204047949585,0.002257,BID
870,1712698648.5836723,8668984777500.581,0.002157,0.0021204054289805,0.002257,BID
871,1712698650.282208,8668984777500.581,0.002157,0.0,0.002257,BID
872,1712698661.7337613,8668996900716.333,0.002156,-0.0005544491316819,0.002257,ASK
873,1712698680.4138591,8668996900716.333,0.002156,-0.0,0.002257,ASK
874,1712698708.8240378,8669228811662.529,0.002157,0.0106063169764689,0.002257,BID
875,1712698710.3938353,8669228811662.529,0.002157,0.0,0.002257,BID
876,1712698724.8015232,8669367893720.944,0.002157,0.006360694370266,0.002257,BID
877,1712698728.8039143,8669412239400.325,0.002157,0.0020280783617806,0.002257,BID
878,1712698728.813677,8669552896259.082,0.002157,0.0064327153324412,0.002257,BID
879,1712698734.2039645,8669577525576.319,0.002157,0.0011263822327631,0.002257,BID
880,1712698740.2500024,8669577525576.319,0.002157,0.0,0.002257,BID
881,1712698742.1542296,8669827819410.348,0.002157,0.0114463924066402,0.002257,BID
882,1712698770.2731848,8669827819410.348,0.002157,0.0,0.002257,BID
883,1712698776.4338691,8669859969747.084,0.002157,0.0014702570917833,0.002257,BID
884,1712698797.6559424,8669920540782.624,0.002157,-0.0027699552664024,0.002257,ASK
885,1712698797.6604514,8669927414225.216,0.002157,-0.0003143272743434,0.002257,ASK
886,1712698800.2775238,8669927414225.216,0.002157,-0.0,0.002257,ASK
887,1712698814.0834048,8670489284039.261,0.002157,-0.0257462272974363,0.002257,ASK
888,1712698821.3429716,8671078717194.961,0.002158,0.0270092459569097,0.002257,BID
889,1712698826.8939674,8671122011421.506,0.002158,0.0019838456692801,0.002257,BID
890,1712698826.9031732,8671307013959.644,0.002158,0.0084772615976748,0.002257,BID
891,1712698826.910878,8671986038789.029,0.002159,0.0311145520919024,0.002257,BID
892,1712698826.9151917,8672078717194.961,0.002158,0.0042467476362581,0.002257,BID
893,1712698830.276802,8672078717194.961,0.002158,0.0,0.002257,BID
894,1712698860.4020395,8672078717194.961,0.002158,0.0,0.002257,BID
895,1712698890.3922117,8672078717194.961,0.002158,0.0,0.002257,BID
896,1712698894.551433,8672171395600.892,0.002158,-0.0042458443904189,0.002257,ASK
897,1712698894.5592592,8672217734803.857,0.002158,-0.0021229221952318,0.002257,ASK
898,1712698920.2747607,8672217734803.857,0.002158,-0.0,0.002257,ASK
899,1712698948.420371,8672240903942.18,0.002158,-0.0010614252909792,0.002257,ASK
900,1712698948.429485,8672662956768.871,0.002158,-0.019335097324229,0.002257,ASK
901,1712698950.275686,8672662956768.871,0.002158,-0.0,0.002257,ASK
902,1712698965.621122,8672673377878.983,0.002158,0.0004773912103736,0.002257,BID
903,1712698980.3994842,8672673377878.983,0.002158,0.0,0.002257,BID
904,1712698991.0495276,8672681126833.515,0.002158,0.0003549793574679,0.002257,BID
905,1712698995.1995533,8672719708282.162,0.002158,-0.0017674149197581,0.002257,ASK
906,1712699010.382031,8672719708282.162,0.002158,-0.0,0.002257,ASK
907,1712699027.3086538,8672920999890.105,0.002158,-0.0092211198420001,0.002257,ASK
908,1712699027.3187494,8673485509277.992,0.002158,-0.0258600384329101,0.002257,ASK
909,1712699040.2545333,8673485509277.992,0.002158,-0.0,0.002257,ASK
910,1712699066.6784997,8673565645130.043,0.002158,-0.0036707260946224,0.002257,ASK
911,1712699066.6862972,8673616950029.331,0.002158,-0.0023500871055743,0.002257,ASK
912,1712699070.2884717,8673616950029.331,0.002158,-0.0,0.002257,ASK
913,1712699091.6924267,8673862806882.304,0.002158,-0.011261644033833,0.002257,ASK
914,1712699091.767722,8673866257257.089,0.002158,-0.0001580468152257,0.002257,ASK
915,1712699099.107638,8673870895309.292,0.002158,-0.0002124492048539,0.002257,ASK
916,1712699100.2923036,8673870895309.292,0.002158,-0.0,0.002257,ASK
917,1712699107.2573206,8673880167446.52,0.002158,-0.0004262494899556,0.002257,ASK
918,1712699114.2675557,8673889303194.731,0.002158,-0.0004199795494073,0.002257,ASK
919,1712699114.275193,8673899984030.566,0.002158,-0.0004910087841399,0.002257,ASK
920,1712699126.617319,8673935619239.675,0.002158,-0.0016381864647347,0.002257,ASK
921,1712699130.2533395,8673935619239.675,0.002158,-0.0,0.002257,ASK
922,1712699133.3372722,8673992662436.498,0.002158,0.002622316390459,0.002257,BID
923,1712699139.0369303,8673997298505.112,0.002158,-0.0002131233765199,0.002257,ASK
924,1712699160.4047248,8673997298505.112,0.002158,-0.0,0.002257,ASK
925,1712699166.2166224,8674417347396.831,0.002159,0.0193098286032377,0.002257,BID
926,1712699185.9664228,8674422347396.831,0.002159,0.0002298521551173,0.002257,BID
927,1712699190.406125,8674422347396.831,0.002159,0.0,0.002257,BID
928,1712699220.2788794,8674422347396.831,0.002159,0.0,0.002257,BID
929,1712699231.2264285,8674445506266.679,0.002159,0.0010645783184302,0.002257,BID
930,1712699246.0158143,8674451789075.4,0.002159,0.0002888112411332,0.002257,BID
931,1712699246.025524,8676101897560.637,0.002159,0.075852998354242,0.002257,BID
932,1712699250.2655382,8676101897560.637,0.002159,0.0,0.002257,BID
933,1712699280.3956814,8676101897560.637,0.002159,0.0,0.002257,BID
934,1712699308.6754365,8676299847506.748,0.002159,-0.0090979439489527,0.002257,ASK
935,1712699310.3948138,8676299847506.748,0.002159,-0.0,0.002257,ASK
936,1712699332.86478,8676322995654.896,0.00216,0.001063887219379,0.002257,BID
937,1712699340.2806344,8676322995654.896,0.00216,0.0,0.002257,BID
938,1712699345.6646638,8676797932228.971,0.00216,0.0218280005297448,0.002257,BID
939,1712699348.2148125,8676807364173.415,0.00216,0.0004334904902382,0.002257,BID
940,1712699363.3870945,8677138656322.559,0.00216,0.0152261282911342,0.002257,BID
941,1712699370.278366,8677138656322.559,0.00216,0.0,0.002257,BID
942,1712699373.2444503,8677776030228.198,0.00216,0.0292912196115844,0.002257,BID
943,1712699382.7143848,8677962204996.717,0.00216,0.0085558664742324,0.002257,BID
944,1712699389.2343335,8677972204996.717,0.00216,0.0004595610104588,0.002257,BID
945,1712699392.4941456,8678299847506.748,0.00216,0.0150571722979226,0.002257,BID
946,1712699392.498806,8678435167959.68,0.00216,0.006218800408501,0.002257,BID
947,1712699400.3341768,8678435167959.68,0.00216,0.0,0.002257,BID
948,1712699413.9240794,8678438736395.638,0.00216,0.0001644742470026,0.002257,BID
949,1712699413.9324234,8678445862693.267,0.00216,0.0003284611101962,0.002257,BID
950,1712699423.3939583,8679751439856.617,0.002161,0.0601758931287879,0.002257,BID
951,1712699425.503904,8679792059361.566,0.00216,-0.0018722102816929,0.002257,ASK
952,1712699426.4643517,8679796688991.196,0.00216,-0.0002133861602777,0.002257,ASK
953,1712699430.2638392,8679796688991.196,0.00216,-0.0,0.002257,ASK
954,1712699430.523733,8680028647885.193,0.002161,0.0106898629801215,0.002257,BID
955,1712699430.5276134,8680775708658.018,0.002161,0.0344284160081202,0.002257,BID
956,1712699439.3742282,8680778081854.853,0.00216,-0.0001093691582738,0.002257,ASK
957,1712699441.5670123,8680864268536.911,0.002161,0.003971927120541,0.002257,BID
958,1712699441.5756671,8680978081854.853,0.002161,0.0052451050836705,0.002257,BID
959,1712699441.643615,8681016439437.764,0.002161,0.0017677153848381,0.002257,BID
960,1712699441.745186,8681177637831.655,0.002162,0.0074288539388304,0.002257,BID
961,1712699460.3887334,8681177637831.655,0.002162,0.0,0.002257,BID
962,1712699463.6237178,8681409596725.652,0.002162,0.0106883929406684,0.002257,BID
963,1712699463.6318457,8683387158738.792,0.002162,0.0911237310057306,0.002257,BID
964,1712699487.333475,8683849693428.894,0.002162,-0.0213130543576321,0.002257,ASK
965,1712699487.393566,8683902917882.957,0.002163,0.0024525202258042,0.002257,BID
966,1712699487.4017024,8686160142457.73,0.002163,0.1040102528287463,0.002257,BID
967,1712699488.4182396,8686195937639.822,0.002163,0.0016493998785178,0.002257,BID
968,1712699488.4223485,8686566592789.021,0.002163,0.0170793532071823,0.002257,BID
969,1712699490.3860393,8686566592789.021,0.002163,0.0,0.002257,BID
970,1712699493.653426,8686633486389.2705,0.002164,0.0030807240951527,0.002257,BID
971,1712699493.6619954,8688865445283.268,0.002164,0.1027908427492314,0.002257,BID
972,1712699501.6235564,8689004013412.598,0.002165,0.0063816295319468,0.002257,BID
973,1712699501.6294422,8689099852857.416,0.002165,0.0044137987164518,0.002257,BID
974,1712699501.63408,8689102246668.949,0.002165,0.0001102448192673,0.002257,BID
975,1712699501.7232606,8689403239194.533,0.002165,0.0138619378023536,0.002257,BID
976,1712699503.9664743,8689635198088.531,0.002165,0.010682656504726,0.002257,BID
977,1712699503.9735308,8689776976986.84,0.002166,0.0065294985854775,0.002257,BID
978,1712699503.977781,8693338856080.413,0.002166,0.1640391114657073,0.002257,BID
979,1712699503.982563,8695034402862.897,0.002165,0.0780868694137095,0.002257,BID
980,1712699503.9874582,8695126738966.314,0.002166,0.0042524555053141,0.002257,BID
981,1712699504.0232618,8695177735177.09,0.002166,0.002348584239933,0.002257,BID
982,1712699504.0933657,8695340597396.183,0.002166,0.0075004718041989,0.002257,BID
983,1712699509.3235085,8695349921478.461,0.002167,0.0004294121535255,0.002257,BID
984,1712699509.330024,8695489391512.504,0.002167,0.0064231659355817,0.002257,BID
985,1712699509.3368547,8697721350406.502,0.002167,0.1027908427492764,0.002257,BID
986,1712699509.3418255,8698979787758.155,0.002168,0.0579561909815914,0.002257,BID
987,1712699509.3455355,8699072081251.464,0.002167,0.004250493135414,0.002257,BID
988,1712699509.349255,8699563753345.883,0.002168,0.0226435124219941,0.002257,BID
989,1712699520.278804,8699563753345.883,0.002168,0.0,0.002257,BID
990,1712699546.012967,8699882717132.687,0.002166,-0.0146705681687225,0.002257,ASK
991,1712699546.0228322,8700983557467.883,0.002166,-0.050632560335921,0.002257,ASK
992,1712699546.583265,8701029704214.537,0.002167,0.0021224948428743,0.002257,BID
993,1712699546.682973,8702447776904.081,0.002167,-0.0652234921981821,0.002257,ASK
994,1712699550.2616005,8702447776904.081,0.002167,-0.0,0.002257,ASK
995,1712699560.5734246,8703034432079.081,0.002166,-0.0269751376252802,0.002257,ASK
996,1712699560.693108,8703552068998.054,0.002166,-0.0238015920156392,0.002257,ASK
997,1712699579.0928018,8703685936967.116,0.002165,0.0061554164063714,0.002257,BID
998,1712699580.3770611,8703685936967.116,0.002165,0.0,0.002257,BID
999,1712699585.1828578,8703710364014.562,0.002165,0.0011230476669915,0.002257,BID
1000,1712699610.3825889,8703710364014.562,0.002165,0.0,0.002257,BID
1201,1712699615.1524804,8703728839765.141,0.002165,0.0008494312781348,0.002257,BID
1202,1712699615.172511,8703733458702.784,0.002165,0.0002123578194888,0.002257,BID
1203,1712699628.323483,8703833458702.784,0.002165,0.0045975467927162,0.002257,BID
1204,1712699640.2507825,8703833458702.784,0.002165,0.0,0.002257,BID
1205,1712699641.4925635,8703846725551.469,0.002164,-0.0006099421028994,0.002257,ASK
1206,1712699645.402472,8705219780329.402,0.002164,-0.0631260624554282,0.002257,ASK
1207,1712699645.405285,8705346725551.469,0.002164,-0.005836294476643,0.002257,ASK
1208,1712699645.482453,8705738710790.234,0.002164,-0.0180214839652388,0.002257,ASK
1209,1712699646.2825365,8707034282371.234,0.002163,-0.0595637798666466,0.002257,ASK
1210,1712699646.3625095,8707043042608.322,0.002163,-0.0004027510645764,0.002257,ASK
1211,1712699646.3652103,8707088385979.981,0.002163,-0.0020846571872426,0.002257,ASK
1212,1712699649.752382,8707134596700.868,0.002163,-0.0021245334852521,0.002257,ASK
1213,1712699663.152269,8707274203033.658,0.002163,-0.0064183878345628,0.002257,ASK
1214,1712699670.2547913,8707274203033.658,0.002163,-0.0,0.002257,ASK
1215,1712699675.1634011,8707788225072.901,0.002162,-0.0236240289507107,0.002257,ASK
1216,1712699675.1650162,8707888257191.602,0.002162,-0.0045973936675046,0.002257,ASK
1217,1712699679.802448,8709254363881.388,0.002162,-0.0627851366777682,0.002257,ASK
1218,1712699679.805386,8709257458921.439,0.002162,-0.0001422454879444,0.002257,ASK
1219,1712699685.3027456,8709308331665.539,0.002161,-0.0023380693582337,0.002257,ASK
1220,1712699685.3057485,8709705601217.448,0.00216,-0.018258180932002,0.002257,ASK
1221,1712699685.313789,8709909542421.151,0.00216,-0.0093729695085043,0.002257,ASK
1222,1712699685.3160784,8710029742848.472,0.002161,-0.0055243124965689,0.002257,ASK
1223,1712699685.942042,8710035862953.367,0.00216,-0.0002812749730454,0.002257,ASK
1224,1712699688.7319973,8710190455935.452,0.00216,-0.0071049659460693,0.002257,ASK
1225,1712699700.2784884,8710190455935.452,0.00216,-0.0,0.002257,ASK
1226,1712699704.4822786,8710324323723.78,0.00216,0.0061668409548497,0.002257,BID
1227,1712699708.5061636,8710388975510.901,0.002159,-0.0029782914441324,0.002257,ASK
1228,1712699708.507915,8710402132817.11,0.002159,-0.0006061130597465,0.002257,ASK
1229,1712699718.2527895,8710425280965.259,0.002159,-0.0010663577087029,0.002257,ASK
1230,1712699725.966056,8710439176287.167,0.002159,-0.0006401109728823,0.002257,ASK
1231,1712699725.9721746,8710703975230.958,0.002159,-0.0121984010624632,0.002257,ASK
1232,1712699730.2822487,8710703975230.958,0.002159,-0.0,0.002257,ASK
1233,1712699760.3369646,8710703975230.958,0.002159,-0.0,0.002257,ASK
1234,1712699772.3415902,8710848513124.566,0.002158,-0.006658036901776,0.002257,ASK
1235,1712699775.8915384,8710928788251.939,0.002159,0.0036978175549769,0.002257,BID
1236,1712699779.1021545,8711079873476.836,0.002158,-0.0069596351348479,0.002257,ASK
1237,1712699779.105874,8711864899994.72,0.002158,-0.0361616970778889,0.002257,ASK
1238,1712699790.2713394,8711864899994.72,0.002158,-0.0,0.002257,ASK
1239,1712699798.5113509,8711961593323.53,0.002158,-0.0044535965342093,0.002257,ASK
1240,1712699801.3214946,8711970593323.53,0.002158,-0.0004145308606183,0.002257,ASK
1241,1712699820.3853097,8711970593323.53,0.002158,-0.0,0.002257,ASK
1242,1712699835.8846347,8712012405503.647,0.002158,-0.0019258063250761,0.002257,ASK
1243,1712699850.3851063,8712012405503.647,0.002158,-0.0,0.002257,ASK
1244,1712699872.9012403,8712148172392.623,0.002158,-0.0062531933564514,0.002257,ASK
1245,1712699875.6511042,8714742487714.622,0.002158,0.1194897773564055,0.002257,BID
1246,1712699880.2632508,8714742487714.622,0.002158,0.0,0.002257,BID
1247,1712699903.7710042,8714746111192.369,0.002159,-0.0001668459843708,0.002257,ASK
1248,1712699903.871125,8714947112717.368,0.002158,0.0092552789445498,0.002257,BID
1249,1712699908.311282,8715420073461.361,0.002162,0.0217778627077572,0.002257,BID
1250,1712699908.314382,8716631612690.948,0.00216,0.0557863106866796,0.002257,BID
1251,1712699908.317419,8716887463492.972,0.002164,0.011780858582666,0.002257,BID
1252,1712699908.3204129,8719622463492.972,0.002163,0.125935302796667,0.002257,BID
1253,1712699908.6711094,8719664735264.844,0.002158,0.0019464381683586,0.002257,BID
1254,1712699910.282635,8719664735264.844,0.002158,0.0,0.002257,BID
1255,1712699920.6711469,8719755768878.289,0.002158,-0.0041896639157152,0.002257,ASK
1256,1712699921.610916,8719896414605.896,0.002158,-0.0064729752841276,0.002257,ASK
1257,1712699921.620808,8720218663590.488,0.002158,-0.014830949706629,0.002257,ASK
1258,1712699928.342449,8720272134645.577,0.002158,-0.0024609124208348,0.002257,ASK
1259,1712699936.7980523,8720516910645.975,0.002158,-0.0112653901947375,0.002257,ASK
1260,1712699940.380775,8720516910645.975,0.002158,-0.0,0.002257,ASK
1261,1712699970.4071054,8720516910645.975,0.002158,-0.0,0.002257,ASK
1262,1712699975.530637,8720563119614.999,0.002163,0.0021265075451644,0.002257,BID
1263,1712699981.9508126,8720616266633.029,0.002163,0.0024457921747757,0.002257,BID
1264,1712699990.180734,8720620749128.138,0.002162,-0.0002062815914403,0.002257,ASK
1265,1712699992.7308726,8722521393141.082,0.002163,0.0874664360518927,0.002257,BID
1266,1712699992.7339993,8723726540025.589,0.002163,0.0554600978347132,0.002257,BID
1267,1712699992.7370105,8726584428563.835,0.002164,0.1315182240185553,0.002257,BID
1268,1712700000.3418603,8726584428563.835,0.002164,0.0,0.002257,BID
1269,1712700017.16073,8727374834672.589,0.002164,0.0364405312947832,0.002257,BID
1270,1712700017.1640542,8727899939423.354,0.002164,0.0242091956165179,0.002257,BID
1271,1712700027.9806106,8727949939423.354,0.002163,-0.0023051777365582,0.002257,ASK
1272,1712700030.2998235,8727949939423.354,0.002163,-0.0,0.002257,ASK
1273,1712700044.9004495,8727952144269.17,0.002164,0.0001016373834503,0.002257,BID
1274,1712700047.6903212,8727954349114.984,0.002164,0.0001016373834053,0.002257,BID
1275,1712700052.4706187,8727956520481.579,0.002164,0.0001000940826134,0.002257,BID
1276,1712700060.382455,8727956520481.579,0.002164,0.0,0.002257,BID
1277,1712700065.3706486,8727969302756.824,0.002163,-0.0005892276677496,0.002257,ASK
1278,1712700078.880842,8728427331598.226,0.002164,0.0211138675083761,0.002257,BID
1279,1712700088.900545,8728876870173.651,0.002163,-0.0207224896414913,0.002257,ASK
1280,1712700088.904587,8728881496982.825,0.002163,-0.0002132831539251,0.002257,ASK
1281,1712700090.3901367,8728881496982.825,0.002163,-0.0,0.002257,ASK
1282,1712700097.7902722,8729021042418.748,0.002163,-0.0064320667325241,0.002257,ASK
1283,1712700097.8903494,8729118066953.176,0.002163,-0.0044721511384743,0.002257,ASK
1284,1712700097.8937342,8729214315715.62,0.002163,-0.0044363934862555,0.002257,ASK
1285,1712700108.4203749,8729222446875.347,0.002163,-0.0003747894843581,0.002257,ASK
1286,1712700114.390364,8729268172505.398,0.002163,-0.0021076311234014,0.002257,ASK
1287,1712700114.3938923,8729268678960.414,0.002163,-2.334402724086609e-05,0.002257,ASK
1288,1712700120.2467077,8729268678960.414,0.002163,-0.0,0.002257,ASK
1289,1712700127.830171,8729269185415.43,0.002163,-2.334312615625004e-05,0.002257,ASK
1290,1712700146.2398672,8729271685415.43,0.002163,0.0001152280332708,0.002257,BID
1291,1712700150.2529411,8729271685415.43,0.002163,0.0,0.002257,BID
1292,1712700160.240029,8729384750935.374,0.002163,0.0052113254355851,0.002257,BID
1293,1712700180.3799798,8729384750935.374,0.002163,0.0,0.002257,BID
1294,1712700210.3839536,8729384750935.374,0.002163,0.0,0.002257,BID
1295,1712700215.7901173,8729389369522.982,0.002163,0.000212873843302,0.002257,BID
1296,1712700240.264778,8729389369522.982,0.002163,0.0,0.002257,BID
1297,1712700250.9799032,8729430978399.543,0.002163,0.0019177805297979,0.002257,BID
1298,1712700259.5796833,8729435178399.543,0.002163,0.0001935807666768,0.002257,BID
1299,1712700268.6498334,8729437692868.488,0.002162,-0.000115893530052,0.002257,ASK
1300,1712700268.653335,8729555378826.863,0.002162,-0.005424223345078,0.002257,ASK
1301,1712700268.709583,8729670532045.569,0.002162,-0.0053074877053382,0.002257,ASK
1302,1712700270.2460225,8729670532045.569,0.002162,-0.0,0.002257,ASK
1303,1712700297.0896893,8729684408086.272,0.002162,0.0006395379371405,0.002257,BID
1304,1712700300.3796954,8729684408086.272,0.002162,0.0,0.002257,BID
1305,1712700322.6594918,8729693658780.074,0.002162,0.0004277663724198,0.002257,BID
1306,1712700330.3804631,8729693658780.074,0.002162,0.0,0.002257,BID
1307,1712700360.26596,8729693658780.074,0.002162,0.0,0.002257,BID
1308,1712700390.255046,8729693658780.074,0.002162,0.0,0.002257,BID
1309,1712700395.9994316,8729783816753.816,0.002162,0.0041690401316265,0.002257,BID
1310,1712700403.18928,8730199624555.505,0.002162,0.0192275773326469,0.002257,BID
1311,1712700404.9295945,8730332135081.001,0.002162,0.0061274857422581,0.002257,BID
1312,1712700408.0192852,8730668538572.133,0.002162,0.0155558027397374,0.002257,BID
1313,1712700416.8393474,8730721115041.359,0.002161,-0.0024312149118564,0.002257,ASK
1314,1712700416.8428335,8730882662176.168,0.002161,-0.0074701821725964,0.002257,ASK
1315,1712700420.3791187,8730882662176.168,0.002161,-0.0,0.002257,ASK
1316,1712700439.8595247,8730934670542.63,0.00216,-0.0024046591696658,0.002257,ASK
1317,1712700441.7592633,8731027220288.118,0.002161,0.0042791306337532,0.002257,BID
1318,1712700450.394031,8731027220288.118,0.002161,0.0,0.002257,BID
1319,1712700462.419021,8731142373506.825,0.002161,0.0053241480809311,0.002257,BID
1320,1712700473.8190594,8731152037551.249,0.002161,0.0004468203681224,0.002257,BID
1321,1712700477.639126,8731199043664.111,0.002161,0.0021733435539009,0.002257,BID
1322,1712700480.2418706,8731199043664.111,0.002161,0.0,0.002257,BID
1323,1712700481.5604742,8731410837149.5,0.00216,-0.0097921754440426,0.002257,ASK
1324,1712700481.5621953,8732046902882.144,0.00216,-0.0294082097783086,0.002257,ASK
1325,1712700481.5638986,8733429256080.451,0.00216,-0.0639124712387666,0.002257,ASK
1326,1712700482.9393363,8733880590879.156,0.00216,0.0208672590887829,0.002257,BID
1327,1712700488.5993905,8734446435212.889,0.00216,0.0261615553460344,0.002257,BID
1328,1712700510.2691193,8734446435212.889,0.00216,0.0,0.002257,BID
1329,1712700511.0990884,8734451064842.519,0.00216,0.0002139794249298,0.002257,BID
1330,1712700512.5790577,8735828673293.74,0.00216,0.0636724506574494,0.002257,BID
1331,1712700527.1498866,8735921308773.129,0.00216,-0.0042815707070275,0.002257,ASK
1332,1712700527.1537166,8739163550551.73,0.002159,-0.1498549747458752,0.002257,ASK
1333,1712700527.1573248,8739332409315.218,0.002159,-0.0078045770383367,0.002257,ASK
1334,1712700527.1609547,8739738707797.445,0.00216,-0.0187789353635917,0.002257,ASK
1335,1712700527.1641994,8739746977932.909,0.002159,-0.0003822419873996,0.002257,ASK
1336,1712700540.3931055,8739746977932.909,0.002159,-0.0,0.002257,ASK
1337,1712700545.8989224,8739971597906.387,0.002159,0.0103763461240932,0.002257,BID
1338,1712700554.9691353,8739983214145.512,0.002159,0.0005366135342068,0.002257,BID
1339,1712700557.5190735,8740122097922.706,0.002159,0.0064157524412403,0.002257,BID
1340,1712700561.54894,8740354294469.176,0.002159,0.0107263468056187,0.002257,BID
1341,1712700565.5691402,8740585303732.724,0.002159,0.0106715001312386,0.002257,BID
1342,1712700567.679061,8740631644631.288,0.002159,0.0021407232658868,0.002257,BID
1343,1712700569.979739,8741500562650.277,0.002159,0.0401397702034521,0.002257,BID
1344,1712700570.398677,8741500562650.277,0.002159,0.0,0.002257,BID
1345,1712700571.069101,8741888012841.035,0.002159,0.0178951774216176,0.002257,BID
1346,1712700571.072055,8741963740047.221,0.002159,0.0034976154939638,0.002257,BID
1347,1712700579.638867,8742009316703.08,0.002159,0.0021050508229,0.002257,BID
1348,1712700588.5562837,8742053124298.605,0.002159,-0.0020233431626605,0.002257,ASK
1349,1712700600.2720213,8742053124298.605,0.002159,-0.0,0.002257,ASK
1350,1712700606.4001744,8742056375526.609,0.002159,-0.0001508316773096,0.002257,ASK
1351,1712700606.403677,8743569607500.659,0.002158,-0.0702021871521662,0.002257,ASK
1352,1712700606.407074,8743592766370.506,0.002159,-0.0010743913313291,0.002257,ASK
1353,1712700606.41054,8743816921947.825,0.002158,-0.0103990743389195,0.002257,ASK
1354,1712700607.4386222,8743821555868.122,0.002158,0.0002149778391602,0.002257,BID
1355,1712700630.246749,8743821555868.122,0.002158,0.0,0.002257,BID
1356,1712700642.1387749,8743828715941.308,0.002157,-0.0003321128743952,0.002257,ASK
1357,1712700642.141785,8743908579864.051,0.002157,-0.0037044086359697,0.002257,ASK
1358,1712700650.3494773,8743974997535.66,0.002157,-0.0030807176487186,0.002257,ASK
1359,1712700652.5188942,8744092263014.645,0.002156,-0.0054392426283371,0.002257,ASK
1360,1712700652.5227928,8744303966932.577,0.002157,-0.0098196757048893,0.002257,ASK
1361,1712700652.5267136,8744581591680.704,0.002157,-0.012877347858654,0.002257,ASK
1362,1712700660.3965375,8744581591680.704,0.002157,-0.0,0.002257,ASK
1363,1712700686.1386116,8745581591680.704,0.002157,-0.0463804789492378,0.002257,ASK
1364,1712700687.4388163,8745588050017.637,0.002157,0.0002995407601503,0.002257,BID
1365,1712700689.348884,8745850491521.794,0.002157,0.0121721626589705,0.002257,BID
1366,1712700690.3886027,8745850491521.794,0.002157,0.0,0.002257,BID
1367,1712700698.218793,8746074206999.538,0.002157,-0.0103747139968045,0.002257,ASK
1368,1712700698.2227972,8746308520363.195,0.002157,-0.0108661866317233,0.002257,ASK
1369,1712700720.2633731,8746308520363.195,0.002157,-0.0,0.002257,ASK
1370,1712700750.2616646,8746308520363.195,0.002157,-0.0,0.002257,ASK
1371,1712700775.7888064,8746316277466.268,0.002157,-0.0003597160088398,0.002257,ASK
1372,1712700775.7928767,8746346269297.863,0.002157,-0.0013907952310155,0.002257,ASK
1373,1712700780.3936534,8746346269297.863,0.002157,-0.0,0.002257,ASK
1374,1712700797.6691031,8746392629984.002,0.002157,-0.0021498512861135,0.002257,ASK
1375,1712700797.6732905,8746485351356.278,0.002157,-0.0042997025721818,0.002257,ASK
1376,1712700797.6773338,8746733489351.748,0.002157,-0.0115067276420064,0.002257,ASK
1377,1712700810.398432,8746733489351.748,0.002157,-0.0,0.002257,ASK
1378,1712700820.988472,8747196633069.876,0.002157,0.0214762040367153,0.002257,BID
1379,1712700830.918566,8747242993756.014,0.002157,0.0021497680218999,0.002257,BID
1380,1712700835.0384629,8747257528445.09,0.002157,0.0006739807450521,0.002257,BID
1381,1712700840.2776704,8747257528445.09,0.002157,0.0,0.002257,BID
1382,1712700870.2520564,8747257528445.09,0.002157,0.0,0.002257,BID
1383,1712700893.8889425,8747346269297.863,0.002157,0.0041147417050507,0.002257,BID
1384,1712700893.8931828,8747684351195.051,0.002157,0.0156762036717376,0.002257,BID
1385,1712700900.2814853,8747684351195.051,0.002157,0.0,0.002257,BID
1386,1712700903.6087997,8747884925919.278,0.002157,0.0093251066010972,0.002257,BID
1387,1712700918.9389346,8747999571386.49,0.002156,-0.0053300893579736,0.002257,ASK
1388,1712700918.942059,8748051983028.536,0.002156,-0.002436718540179,0.002257,ASK
1389,1712700918.944173,8751522462344.219,0.002156,-0.1613492911446316,0.002257,ASK
1390,1712700919.8487306,8752494204154.219,0.002156,0.0451781549339855,0.002257,BID
1391,1712700929.0391805,8752497916451.202,0.002155,-0.000172591861903,0.002257,ASK
1392,1712700929.0433328,8752544320163.5,0.002155,-0.0021573982740378,0.002257,ASK
1393,1712700929.0472968,8754371356200.4,0.002155,-0.0849424366592405,0.002257,ASK
1394,1712700929.260969,8754416763105.957,0.002155,0.0021110548020062,0.002257,BID
1395,1712700930.1683905,8754795179742.957,0.002155,0.0175933208595642,0.002257,BID
1396,1712700930.227316,8754812811340.242,0.002155,0.00081972703622,0.002257,BID
1397,1712700930.2491243,8754812811340.242,0.002155,0.0,0.002257,BID
1398,1712700931.9515097,8754840747477.35,0.002156,0.0012978777609759,0.002257,BID
1399,1712700931.953498,8755007194879.242,0.002156,0.0077329367499132,0.002257,BID
1400,1712700947.3248382,8755009514452.526,0.002156,0.0001077644546529,0.002257,BID
1401,1712700959.038971,8755169468266.362,0.002155,-0.0074312528236336,0.002257,ASK
1402,1712700960.3817868,8755169468266.362,0.002155,-0.0,0.002257,ASK
1403,1712700961.889347,8755181063813.672,0.002156,0.0005386952896242,0.002257,BID
1404,1712700977.3291366,8755239438576.623,0.002156,0.0027119211362086,0.002257,BID
1405,1712700977.3334484,8755674078213.672,0.002156,0.020192089162447,0.002257,BID
1406,1712700978.1092186,8755815035750.672,0.002156,0.0065484758236699,0.002257,BID
1407,1712700990.3891022,8755815035750.672,0.002156,0.0,0.002257,BID
1408,1712700995.450122,8755828394276.937,0.002156,0.0006205580212194,0.002257,BID
1409,1712700995.4535017,8755828950149.618,0.002157,2.582255291751288e-05,0.002257,BID
1410,1712701020.2700856,8755828950149.618,0.002157,0.0,0.002257,BID
1411,1712701045.3295443,8755844391456.989,0.002157,0.0007173106975593,0.002257,BID
1412,1712701050.25692,8755844391456.989,0.002157,0.0,0.002257,BID
1413,1712701067.019844,8755882573025.71,0.002157,0.0017736843557971,0.002257,BID
1414,1712701067.0242355,8755902747536.252,0.002157,0.0009371855304309,0.002257,BID
1415,1712701069.239528,8755930449552.941,0.002157,0.0012868678598706,0.002257,BID
1416,1712701069.399552,8757698066528.402,0.002157,0.0821127753904098,0.002257,BID
1417,1712701069.4037137,8758483121231.712,0.002157,0.0364688851809842,0.002257,BID
1418,1712701080.4194002,8758483121231.712,0.002157,0.0,0.002257,BID
1419,1712701080.894359,8758684991350.244,0.002157,-0.0093751838222284,0.002257,ASK
1420,1712701105.1297874,8758699505029.373,0.002157,-0.0006740393811608,0.002257,ASK
1421,1712701105.189777,8759002744261.206,0.002157,-0.0140829339241307,0.002257,ASK
1422,1712701110.3897889,8759002744261.206,0.002157,-0.0,0.002257,ASK
1423,1712701140.2774582,8759002744261.206,0.002157,-0.0,0.002257,ASK
1424,1712701164.0097609,8759014331489.342,0.002157,-0.000538102123276,0.002257,ASK
1425,1712701170.2597957,8759014331489.342,0.002157,-0.0,0.002257,ASK
1426,1712701176.1915166,8763811766196.428,0.002157,-0.222788985907566,0.002257,ASK
1427,1712701176.1958752,8763834946539.497,0.002157,-0.0010764763755469,0.002257,ASK
1428,1712701176.1992168,8763902499112.515,0.002157,-0.0031370868301352,0.002257,ASK
1429,1712701176.202773,8763968649989.325,0.002157,-0.0030719931924764,0.002257,ASK
1430,1712701176.8698423,8765580690630.645,0.002157,0.0748618629850383,0.002257,BID
1431,1712701183.529684,8767823592461.893,0.002157,0.1041585461779597,0.002257,BID
1432,1712701185.139694,8767863592461.893,0.002157,0.001857567633623,0.002257,BID
1433,1712701200.298378,8767863592461.893,0.002157,0.0,0.002257,BID
1434,1712701212.799681,8768327199323.274,0.002157,0.0216038573511337,0.002257,BID
1435,1712701214.0397997,8768331835391.888,0.002157,0.0002160385734863,0.002257,BID
1436,1712701230.2524943,8768331835391.888,0.002157,0.0,0.002257,BID
1437,1712701241.91994,8768934125609.783,0.002157,0.0280651143400734,0.002257,BID
1438,1712701256.4900131,8768971756571.889,0.002156,-0.0017535022532944,0.002257,ASK
1439,1712701260.3851368,8768971756571.889,0.002156,-0.0,0.002257,ASK
1440,1712701263.0899584,8769644514986.353,0.002157,0.0313467278237219,0.002257,BID
1441,1712701271.2001789,8770094054208.65,0.002157,0.0209459790386838,0.002257,BID
1442,1712701290.3941877,8770094054208.65,0.002157,0.0,0.002257,BID
1443,1712701293.080237,8770195891462.338,0.002157,0.0047445034844196,0.002257,BID
1444,1712701293.0849595,8770241671637.851,0.002157,0.0021328560460187,0.002257,BID
1445,1712701300.677884,8770250913782.028,0.002157,-0.0004305829513954,0.002257,ASK
1446,1712701315.9500492,8770778836018.224,0.002157,-0.0245954088355264,0.002257,ASK
1447,1712701320.260167,8770778836018.224,0.002157,-0.0,0.002257,ASK
1448,1712701348.8601034,8770783469938.52,0.002158,0.0002158752062621,0.002257,BID
1449,1712701350.2565207,8770783469938.52,0.002158,0.0,0.002257,BID
1450,1712701380.410098,8770783469938.52,0.002158,0.0,0.002257,BID
1451,1712701391.1705294,8770788091010.609,0.002158,0.0002152765610319,0.002257,BID
1452,1712701399.380451,8770799097683.184,0.002158,0.0005127551733917,0.002257,BID
1453,1712701399.3849237,8771714411909.474,0.002158,0.0426406892405064,0.002257,BID
1454,1712701399.520208,8771813941384.773,0.002158,0.0046366649885159,0.002257,BID
1455,1712701410.400056,8771813941384.773,0.002158,0.0,0.002257,BID
1456,1712701414.3504467,8772812497324.893,0.002158,0.0465137564304784,0.002257,BID
1457,1712701414.35508,8772820032579.016,0.002158,0.0003509998397078,0.002257,BID
1458,1712701440.288379,8772820032579.016,0.002158,0.0,0.002257,BID
1459,1712701469.4003017,8773683996625.92,0.002158,-0.0402402587984326,0.002257,ASK
1460,1712701470.2664742,8773683996625.92,0.002158,-0.0,0.002257,ASK
1461,1712701478.6902192,8773688630546.217,0.002158,0.0002158121756193,0.002257,BID
1462,1712701480.3607433,8775296959412.043,0.002157,-0.0749035221601495,0.002257,ASK
1463,1712701480.365691,8775658538288.607,0.002157,-0.0168395481601178,0.002257,ASK
1464,1712701499.7203102,8775703869204.292,0.002157,-0.0021111635310822,0.002257,ASK
1465,1712701500.384667,8775703869204.292,0.002157,-0.0,0.002257,ASK
1466,1712701505.240301,8776011413942.354,0.002157,-0.0143564934738454,0.002257,ASK
1467,1712701507.010445,8776129276957.289,0.002157,-0.0055019624636596,0.002257,ASK
1468,1712701507.0152812,8776880331961.344,0.002157,-0.035059992676639,0.002257,ASK
1469,1712701511.6403058,8780765345571.104,0.002157,-0.1813562894481914,0.002257,ASK
1470,1712701519.830683,8781031906651.309,0.002157,0.0124433356670003,0.002257,BID
1471,1712701530.3913865,8781031906651.309,0.002157,0.0,0.002257,BID
1472,1712701560.266724,8781031906651.309,0.002157,0.0,0.002257,BID
1473,1712701590.2603233,8781031906651.309,0.002157,0.0,0.002257,BID
