,time,acc_trade_volume,trade_price,dev,high,ask_bid
0,1712689619.1562483,118013.65608174,964500.0,0.0,995200.0,BID
1,1712689620.192876,118013.65608174,964500.0,0.0,995200.0,BID
2,1712689630.942418,118015.28862813,964400.0,1.2630258268350309e-11,995200.0,BID
3,1712689630.9440875,118016.76650164,964400.0,1.1433625551813595e-11,995200.0,BID
4,1712689632.3371136,118017.76650164,963400.0,-7.736538664824992e-12,995200.0,ASK
5,1712689638.8821356,118017.79727402,963400.0,-2.380717077325742e-13,995200.0,ASK
6,1712689639.902019,118019.12079159,963500.0,1.0239444853846187e-11,995200.0,BID
7,1712689643.012027,118019.13738049,964500.0,1.2834066629903988e-13,995200.0,BID
8,1712689646.412359,118019.60032534,964700.0,3.581590731636129e-12,995200.0,BID
9,1712689646.4138715,118019.65476459,964500.0,4.2117136252029974e-13,995200.0,BID
10,1712689649.9625452,118020.31330973,963500.0,-5.094859938161066e-12,995200.0,ASK
11,1712689649.9661825,118020.65476459,963500.0,-2.6416787266639257e-12,995200.0,ASK
12,1712689650.2118866,118020.65476459,963500.0,-0.0,995200.0,ASK
13,1712689653.742944,118020.76753654,963400.0,-8.72419015651139e-13,995200.0,ASK
14,1712689653.744593,118021.2565386,963400.0,-3.782985891514977e-12,995200.0,ASK
15,1712689653.762069,118021.4336408,963400.0,1.3700865062062338e-12,995200.0,BID
16,1712689662.8418074,118029.73048781,964400.0,6.418552752706409e-11,995200.0,BID
17,1712689675.9543672,118030.14469986,963400.0,-3.2044002866996144e-12,995200.0,ASK
18,1712689680.2132435,118030.14469986,963400.0,-0.0,995200.0,ASK
19,1712689689.6622937,118030.18621947,963400.0,-3.211785658994905e-13,995200.0,ASK
20,1712689689.6725624,118031.29507088,963400.0,-8.577616835118215e-12,995200.0,ASK
21,1712689689.6741152,118031.51361323,963200.0,-1.690553417291653e-12,995200.0,ASK
22,1712689689.675731,118031.58095448,963400.0,-5.2092411527266e-13,995200.0,ASK
23,1712689689.676976,118031.89193198,963300.0,-2.405593585668421e-12,995200.0,ASK
24,1712689689.7642274,118032.07560727,963200.0,1.4208362323907506e-12,995200.0,BID
25,1712689689.775489,118038.24790677,963200.0,4.774636134703996e-11,995200.0,BID
26,1712689689.783568,118039.15055326,963200.0,6.982500683885416e-12,995200.0,BID
27,1712689689.8039916,118040.14469986,963200.0,7.69030776870193e-12,995200.0,BID
28,1712689694.5720885,118040.32801039,964100.0,-1.4180145996211932e-12,995200.0,ASK
29,1712689694.73214,118040.79786379,964000.0,-3.634591972747044e-12,995200.0,ASK
30,1712689698.2220962,118041.01728519,964400.0,1.6973533853780505e-12,995200.0,BID
31,1712689704.4770534,118043.71787841,963200.0,-2.0890674493892667e-11,995200.0,ASK
32,1712689704.4788108,118043.72307571,963000.0,-4.02041677041072e-14,995200.0,ASK
33,1712689704.4805431,118044.68239216,963200.0,-7.420876104226843e-12,995200.0,ASK
34,1712689704.4821842,118044.93641838,963000.0,-1.9650419899423725e-12,995200.0,ASK
35,1712689704.4838817,118045.66323802,963100.0,-5.6223767439319786e-12,995200.0,ASK
36,1712689704.4852147,118045.66843802,963000.0,-4.0225053723597783e-14,995200.0,ASK
37,1712689704.486519,118046.49686396,962800.0,-6.408361143243453e-12,995200.0,ASK
38,1712689704.487864,118047.07993144,963000.0,-4.51036936723693e-12,995200.0,ASK
39,1712689704.4891713,118047.88634646,962900.0,-6.2380937510040986e-12,995200.0,ASK
40,1712689704.4904811,118052.02637766,963000.0,-3.2025572586579694e-11,995200.0,ASK
41,1712689704.4920535,118068.62287253,962800.0,-1.2838363419613788e-10,995200.0,ASK
42,1712689710.2023935,118068.62287253,962800.0,-0.0,995200.0,ASK
43,1712689729.8323016,118073.99765974,962700.0,-4.156522110360119e-11,995200.0,ASK
44,1712689740.2140398,118075.74493432,962700.0,-1.351232177369902e-11,995200.0,ASK
45,1712689740.2920573,118075.74493432,962700.0,-0.0,995200.0,ASK
46,1712689749.2122414,118075.75551194,964300.0,8.17963179167638e-14,995200.0,BID
47,1712689765.1420949,118075.772106,964200.0,1.2832121084226325e-13,995200.0,BID
48,1712689770.302185,118075.772106,964200.0,0.0,995200.0,BID
49,1712689795.7718823,118076.272106,964200.0,3.86647947693623e-12,995200.0,BID
50,1712689800.2034287,118076.272106,964200.0,0.0,995200.0,BID
51,1712689809.2425888,118076.472106,963000.0,-1.5482604684909529e-12,995200.0,ASK
52,1712689809.2444174,118076.792106,963100.0,-2.4772167495629945e-12,995200.0,ASK
53,1712689809.251735,118077.272106,963000.0,-3.715825124513468e-12,995200.0,ASK
54,1712689812.3822656,118077.34360764,964100.0,5.535158131656689e-13,995200.0,BID
55,1712689813.4423468,118077.37057339,964100.0,2.0875002366731682e-13,995200.0,BID
56,1712689828.4622118,118077.41206286,964100.0,3.211825313643912e-13,995200.0,BID
57,1712689830.2032988,118077.41206286,964100.0,0.0,995200.0,BID
58,1712689832.5824394,118077.58245516,964100.0,1.3190470995794954e-12,995200.0,BID
59,1712689832.7219925,118078.91184192,964100.0,1.0291097368392531e-11,995200.0,BID
60,1712689832.9019682,118079.09509867,964100.0,1.418633850214755e-12,995200.0,BID
61,1712689833.962022,118079.27836633,964100.0,1.4187183070501236e-12,995200.0,BID
62,1712689835.414752,118079.42253879,964100.0,1.116073115967455e-12,995200.0,BID
63,1712689836.0419068,118079.5442544,964100.0,9.422293281996624e-13,995200.0,BID
64,1712689836.7424245,118082.92426335,964200.0,2.616544880473753e-11,995200.0,BID
65,1712689836.744742,118083.2322543,964100.0,2.384230797603911e-12,995200.0,BID
66,1712689838.2719798,118083.41588533,964200.0,1.4215312401438617e-12,995200.0,BID
67,1712689839.272181,118085.06481424,964200.0,1.276474873749436e-11,995200.0,BID
68,1712689840.1929471,118089.05939997,964300.0,3.092303303355623e-11,995200.0,BID
69,1712689840.194963,118089.15839997,964300.0,7.66382417815789e-13,995200.0,BID
70,1712689840.2921133,118089.62825337,964300.0,3.637246310715356e-12,995200.0,BID
71,1712689845.962121,118090.66325337,964300.0,8.01217982366418e-12,995200.0,BID
72,1712689846.0625815,118090.84686094,964300.0,1.4213496307259906e-12,995200.0,BID
73,1712689846.182132,118090.98244201,964300.0,1.0495651338698536e-12,995200.0,BID
74,1712689846.3837686,118091.2463205,964300.0,2.042745810038528e-12,995200.0,BID
75,1712689846.405763,118091.36744091,964300.0,9.376217442706557e-13,995200.0,BID
76,1712689846.4077263,118091.63294069,964300.0,2.0552965994992718e-12,995200.0,BID
77,1712689846.4223945,118091.89544083,964300.0,2.0320756767328185e-12,995200.0,BID
78,1712689846.4619968,118092.16141493,964300.0,2.058968422793955e-12,995200.0,BID
79,1712689846.4875653,118092.42367626,964300.0,2.030226992060568e-12,995200.0,BID
80,1712689847.6619017,118092.69390605,964300.0,2.091912725749907e-12,995200.0,BID
81,1712689847.6842191,118092.84846615,964300.0,1.1964862944237473e-12,995200.0,BID
82,1712689847.8621657,118092.86505849,964300.0,1.2844522881019925e-13,995200.0,BID
83,1712689848.072002,118093.15466737,964300.0,2.241930845523907e-12,995200.0,BID
84,1712689848.3526356,118093.45646017,964300.0,2.336249452172216e-12,995200.0,BID
85,1712689849.1124594,118094.08646017,964300.0,4.876979023119527e-12,995200.0,BID
86,1712689849.1153395,118094.27090335,964300.0,1.427818285400032e-12,995200.0,BID
87,1712689850.1521173,118095.06481424,964300.0,6.145851994826784e-12,995200.0,BID
88,1712689860.3019855,118095.06481424,964300.0,0.0,995200.0,BID
89,1712689862.3933866,118095.26481424,964400.0,-1.5480433266933529e-12,995200.0,ASK
90,1712689862.396057,118095.46481424,964400.0,-1.5480433266933529e-12,995200.0,ASK
91,1712689862.3981433,118095.66481424,964300.0,-1.5480433266933529e-12,995200.0,ASK
92,1712689862.40025,118095.86481424,964400.0,-1.5480433268059877e-12,995200.0,ASK
93,1712689862.4022105,118096.06481424,964300.0,-1.5480433266933529e-12,995200.0,ASK
94,1712689862.411821,118096.26481424,964300.0,1.5480433266933529e-12,995200.0,BID
95,1712689866.9732125,118096.4309568,964300.0,1.285979406482301e-12,995200.0,BID
96,1712689867.0731487,118096.57179735,964300.0,1.0901363677687677e-12,995200.0,BID
97,1712689867.3323755,118096.77179735,964300.0,1.5480433266933529e-12,995200.0,BID
98,1712689869.5620434,118097.06481424,964300.0,2.2680142059416248e-12,995200.0,BID
99,1712689883.7626083,118097.26481424,964400.0,-1.5480433266933529e-12,995200.0,ASK
100,1712689883.764253,118097.74160328,964200.0,-3.690450458087094e-12,995200.0,ASK
101,1712689883.8830156,118097.88563231,965700.0,1.114815893792603e-12,995200.0,BID
102,1712689883.8854656,118102.20884327,964200.0,3.3462589383003915e-11,995200.0,BID
103,1712689886.292233,118102.31239509,965700.0,8.01513519662191e-13,995200.0,BID
104,1712689890.3022213,118102.31239509,965700.0,0.0,995200.0,BID
105,1712689892.2623675,118102.52557489,965000.0,-1.6499685792054412e-12,995200.0,ASK
106,1712689894.1222794,118102.72557489,964400.0,-1.5479595903351516e-12,995200.0,ASK
107,1712689894.1332843,118102.92557489,964400.0,-1.5479595902225228e-12,995200.0,ASK
108,1712689894.135671,118103.55563604,963700.0,-4.876545997839762e-12,995200.0,ASK
109,1712689912.062214,118103.57220948,965400.0,1.282750770113241e-13,995200.0,BID
110,1712689914.842337,118103.77220948,964000.0,-1.5479595902225228e-12,995200.0,ASK
111,1712689914.844452,118103.97220948,964000.0,-1.5479595902225228e-12,995200.0,ASK
112,1712689920.1936376,118103.97220948,964000.0,-0.0,995200.0,ASK
113,1712689926.312,118104.08260948,964000.0,8.544631106839891e-13,995200.0,BID
114,1712689926.4722705,118104.26610672,964000.0,1.4202139717522758e-12,995200.0,BID
115,1712689926.792101,118104.40163254,964000.0,1.048929472234433e-12,995200.0,BID
116,1712689926.8120308,118104.51934751,964000.0,9.11078799191959e-13,995200.0,BID
117,1712689930.262447,118104.71364751,964000.0,1.5038241159489428e-12,995200.0,BID
118,1712689930.6625166,118105.55770795,964000.0,6.532776350931395e-12,995200.0,BID
119,1712689931.1140234,118105.66800795,964000.0,8.53689140325683e-13,995200.0,BID
120,1712689931.712359,118106.93859612,964000.0,9.833973913904714e-12,995200.0,BID
121,1712689931.7923484,118107.16359612,964000.0,1.7414329699970942e-12,995200.0,BID
122,1712689931.813665,118107.37677592,964000.0,1.6499481434656516e-12,995200.0,BID
123,1712689931.852187,118108.57220948,964000.0,9.25229962181996e-12,995200.0,BID
124,1712689936.2929552,118111.84803271,965600.0,2.535389589697702e-11,995200.0,BID
125,1712689936.295777,118113.03467298,966000.0,9.184242176789817e-12,995200.0,BID
126,1712689936.2982423,118118.46738308,965500.0,4.204755771092884e-11,995200.0,BID
127,1712689936.300707,118128.72090738,965700.0,7.935922344614579e-11,995200.0,BID
128,1712689944.522097,118128.72825981,966000.0,5.690561779344682e-14,995200.0,BID
129,1712689950.202066,118128.72825981,966000.0,0.0,995200.0,BID
130,1712689960.5521743,118129.02325981,965000.0,2.282789882974164e-12,995200.0,BID
131,1712689968.6321087,118129.57125981,965000.0,4.240572392879897e-12,995200.0,BID
132,1712689972.51259,118129.59125981,965000.0,1.5476541571469786e-13,995200.0,BID
133,1712689972.7728825,118129.77598093,965000.0,1.4294220472107296e-12,995200.0,BID
134,1712689972.7750013,118129.96089005,965000.0,1.4308768420486765e-12,995200.0,BID
135,1712689974.7623222,118130.22089005,965000.0,2.0119504053045323e-12,995200.0,BID
136,1712689976.101913,118130.64459005,965000.0,3.2787053336286215e-12,995200.0,BID
137,1712689980.292538,118130.64459005,965000.0,0.0,995200.0,BID
138,1712689988.9223974,118136.08787777,964200.0,-4.2121031609427035e-11,995200.0,ASK
139,1712689988.9246864,118136.61653519,964200.0,-4.090835730867732e-12,995200.0,ASK
140,1712689989.062723,118137.22393519,964200.0,4.700158418210179e-12,995200.0,BID
141,1712689989.064422,118139.83207782,964200.0,2.018222512033856e-11,995200.0,BID
142,1712689989.1019733,118140.01695184,964200.0,1.4305847570552253e-12,995200.0,BID
143,1712689989.124182,118140.96158289,964200.0,7.309706258909753e-12,995200.0,BID
144,1712689990.2826006,118141.17749289,964200.0,1.6707461377305385e-12,995200.0,BID
145,1712689992.332173,118141.9905073,964000.0,-6.2912356325898935e-12,995200.0,ASK
146,1712689997.3524976,118142.00708028,965000.0,1.2824437189850272e-13,995200.0,BID
147,1712689997.355131,118142.00708761,964200.0,5.672073973340806e-17,995200.0,BID
148,1712689998.4834516,118142.16015075,965000.0,1.1844270759859988e-12,995200.0,BID
149,1712690010.3019445,118142.16015075,965000.0,0.0,995200.0,BID
150,1712690015.8122537,118142.26377769,965000.0,8.018129568806926e-13,995200.0,BID
151,1712690016.072672,118143.30004712,965000.0,8.018129801654162e-12,995200.0,BID
152,1712690022.2833595,118143.48322885,965000.0,1.417367767367693e-12,995200.0,BID
153,1712690025.8620746,118143.77641556,965000.0,2.268530778576789e-12,995200.0,BID
154,1712690027.5622058,118143.89371556,965000.0,9.076081938524644e-13,995200.0,BID
155,1712690028.2621596,118143.89643118,965000.0,2.1012096828344263e-14,995200.0,BID
156,1712690028.2728589,118144.07690001,965000.0,1.3963767165290734e-12,995200.0,BID
157,1712690031.122504,118144.19400001,965000.0,9.060606948397804e-13,995200.0,BID
158,1712690035.2621243,118144.60821206,964200.0,-3.2049637730773805e-12,995200.0,ASK
159,1712690036.4454684,118145.32631056,965000.0,5.556283739174224e-12,995200.0,BID
160,1712690036.4481094,118145.45421206,965000.0,9.896372497701145e-13,995200.0,BID
161,1712690037.6521144,118145.57321206,965000.0,9.207619358543645e-13,995200.0,BID
162,1712690038.772271,118145.82121206,965000.0,1.9188988241444666e-12,995200.0,BID
163,1712690040.1931098,118145.82121206,965000.0,0.0,995200.0,BID
164,1712690062.0725138,118145.94081397,965000.0,9.253939174177648e-13,995200.0,BID
165,1712690062.0748923,118145.94111206,965000.0,2.306406939972769e-15,995200.0,BID
166,1712690070.0823386,118146.06191206,965000.0,9.346638797459257e-13,995200.0,BID
167,1712690070.2001522,118146.06191206,965000.0,0.0,995200.0,BID
168,1712690078.60244,118146.16557122,964700.0,-8.020388951148745e-13,995200.0,ASK
169,1712690078.6049268,118147.12831757,964200.0,-7.449028323538677e-12,995200.0,ASK
170,1712690091.1120622,118147.13682757,964200.0,-6.584416656708718e-14,995200.0,ASK
171,1712690100.2331753,118147.13682757,964200.0,-0.0,995200.0,ASK
172,1712690111.7021675,118147.36182757,965000.0,1.742596595680661e-12,995200.0,BID
173,1712690113.2121053,118148.32772757,965000.0,7.480773563185503e-12,995200.0,BID
174,1712690122.2325156,118148.32776481,965000.0,2.884191761157677e-16,995200.0,BID
175,1712690122.2348888,118148.40027796,966000.0,5.61605192518505e-13,995200.0,BID
176,1712690130.1849115,118148.40027796,966000.0,0.0,995200.0,BID
177,1712690160.302186,118148.40027796,966000.0,0.0,995200.0,BID
178,1712690175.352142,118148.51617066,964600.0,-8.975658550511251e-13,995200.0,ASK
179,1712690182.0124514,118148.97557899,964200.0,-3.558025919660175e-12,995200.0,ASK
180,1712690182.0922658,118149.90564294,964100.0,-7.203159858072781e-12,995200.0,ASK
181,1712690182.2524972,118149.93320793,964100.0,2.134853516822844e-13,995200.0,BID
182,1712690182.5756872,118150.31378832,964000.0,-2.947519241059919e-12,995200.0,ASK
183,1712690182.5830102,118150.6664854,964000.0,-2.7315685644251306e-12,995200.0,ASK
184,1712690187.3420773,118151.03671679,963700.0,-2.86736829939792e-12,995200.0,ASK
185,1712690190.34201,118151.03671679,963700.0,-0.0,995200.0,ASK
186,1712690195.3731308,118156.47999454,964700.0,4.2156271065967646e-11,995200.0,BID
187,1712690195.3758068,118159.47999454,964900.0,2.3233944510328428e-11,995200.0,BID
188,1712690195.378234,118160.98070735,964700.0,1.1622492717802438e-11,995200.0,BID
189,1712690195.380705,118163.98070735,965000.0,2.3233944510328428e-11,995200.0,BID
190,1712690195.3831596,118177.38386899,965100.0,1.0380277126892696e-10,995200.0,BID
191,1712690195.3850589,118180.38386899,964800.0,2.3233944510328428e-11,995200.0,BID
192,1712690211.183808,118181.42056813,964600.0,8.028870097503091e-12,995200.0,BID
193,1712690220.2065814,118181.42056813,964600.0,0.0,995200.0,BID
194,1712690226.562476,118181.5174967,964300.0,7.505072619149963e-13,995200.0,BID
195,1712690230.3608544,118182.55451837,964300.0,-8.029544787443894e-12,995200.0,ASK
196,1712690233.2424731,118182.76181905,964300.0,1.605106376011573e-12,995200.0,BID
197,1712690250.2419767,118182.76181905,964300.0,0.0,995200.0,BID
198,1712690264.3724098,118183.74941113,964400.0,-7.646740328466372e-12,995200.0,ASK
199,1712690280.2922502,118183.74941113,964400.0,-0.0,995200.0,ASK
200,1712690281.5827937,118183.85311329,964300.0,-8.029404621501618e-13,995200.0,ASK
201,1712690281.5857203,118183.90243535,964400.0,-3.8188864780552723e-13,995200.0,ASK
202,1712690286.2922575,118183.91243535,964400.0,-7.742755423766824e-14,995200.0,ASK
203,1712690303.6423965,118186.91243535,964300.0,2.322826628346904e-11,995200.0,BID
204,1712690303.7828574,118189.99701023,964400.0,-2.3883108894690464e-11,995200.0,ASK
205,1712690305.7725546,118190.01774851,964400.0,-1.6057143003318908e-13,995200.0,ASK
206,1712690310.3120773,118190.01774851,964400.0,-0.0,995200.0,ASK
207,1712690331.5520897,118190.12140767,964700.0,8.025699602526748e-13,995200.0,BID
208,1712690339.1522698,118190.22506683,964700.0,8.025699602526748e-13,995200.0,BID
209,1712690340.1942818,118190.22506683,964700.0,0.0,995200.0,BID
210,1712690343.472865,118190.24446339,964300.0,1.501755588885891e-13,995200.0,BID
211,1712690345.2024302,118190.89754421,963600.0,-5.056400574115895e-12,995200.0,ASK
212,1712690346.26234,118190.91413311,964500.0,1.2843758516346405e-13,995200.0,BID
213,1712690370.2036936,118190.91413311,964500.0,0.0,995200.0,BID
214,1712690400.2220314,118190.91413311,964500.0,0.0,995200.0,BID
215,1712690405.8523908,118191.95052905,964400.0,8.031951611639208e-12,995200.0,BID
216,1712690412.172485,118192.02439109,964400.0,5.724224771488317e-13,995200.0,BID
217,1712690414.262257,118192.04554413,964400.0,1.6393367355222308e-13,995200.0,BID
218,1712690425.2026808,118193.04554413,964300.0,7.749887182742303e-12,995200.0,BID
219,1712690429.9024038,118193.08702499,964300.0,3.2147198527027597e-13,995200.0,BID
220,1712690430.203788,118193.08702499,964300.0,0.0,995200.0,BID
221,1712690431.102512,118193.09739413,964300.0,8.03583602128427e-14,995200.0,BID
222,1712690442.2026982,118193.61601253,964100.0,4.019168822059559e-12,995200.0,BID
223,1712690454.9925053,118195.69101253,963700.0,-1.6080754762991785e-11,995200.0,ASK
224,1712690460.30226,118195.69101253,963700.0,-0.0,995200.0,ASK
225,1712690463.0323043,118195.70760831,964100.0,1.2861083263711824e-13,995200.0,BID
226,1712690465.3228638,118195.70815833,963700.0,-4.262440871420253e-15,995200.0,ASK
227,1712690465.3258915,118197.20760831,963700.0,-1.1620153468566506e-11,995200.0,ASK
228,1712690465.38276,118197.46460831,963700.0,-1.99164992579989e-12,995200.0,ASK
229,1712690469.682568,118198.56860831,963700.0,-8.555570109397737e-12,995200.0,ASK
230,1712690477.324509,118198.73045528,963700.0,-1.2542509953412473e-12,995200.0,ASK
231,1712690478.3525496,118198.85112427,963700.0,-9.351376847475889e-13,995200.0,ASK
232,1712690479.532389,118198.87538162,963700.0,-1.8798501684030946e-13,995200.0,ASK
233,1712690479.5354478,118199.00156531,963700.0,-9.778744623179582e-13,995200.0,ASK
234,1712690482.522509,118200.48036893,963600.0,-1.1460152218208472e-11,995200.0,ASK
235,1712690482.52545,118201.62456918,963700.0,-8.867106393099305e-12,995200.0,ASK
236,1712690482.8222976,118201.6527451,963700.0,2.1835240847906346e-13,995200.0,BID
237,1712690483.9723115,118201.83747164,963600.0,-1.4315587536417758e-12,995200.0,ASK
238,1712690484.452416,118201.94123837,963700.0,8.041517513650256e-13,995200.0,BID
239,1712690485.073429,118202.06435233,963400.0,-9.540852501876829e-13,995200.0,ASK
240,1712690485.1529334,118202.14123837,963400.0,-5.95836871048153e-13,995200.0,ASK
241,1712690485.1558175,118202.35161827,963400.0,-1.6303623044163513e-12,995200.0,ASK
242,1712690490.3020587,118202.35161827,963400.0,-0.0,995200.0,ASK
243,1712690494.5832138,118202.35761664,963100.0,-4.648271970315616e-14,995200.0,ASK
244,1712690494.5921135,118202.55761664,963100.0,-1.5498450300713428e-12,995200.0,ASK
245,1712690494.6825323,118202.56707325,963000.0,-7.328140006186096e-14,995200.0,ASK
246,1712690511.3628397,118203.06707325,963000.0,-3.87461257523474e-12,995200.0,ASK
247,1712690511.3669264,118204.06707325,963000.0,-7.74922515046948e-12,995200.0,ASK
248,1712690511.5223165,118209.47437044,963000.0,-4.190236338082863e-11,995200.0,ASK
249,1712690512.0465732,118209.71673603,962800.0,-1.878145525567371e-12,995200.0,ASK
250,1712690512.182338,118209.95836065,962800.0,-1.872403582283979e-12,995200.0,ASK
251,1712690513.3601327,118210.51419743,962800.0,-4.307304355219573e-12,995200.0,ASK
252,1712690513.3617208,118218.33650053,963100.0,6.061678791707132e-11,995200.0,BID
253,1712690513.3632934,118220.5201715,963100.0,1.6921758001074813e-11,995200.0,BID
254,1712690513.364892,118224.52029019,963000.0,3.099782035744556e-11,995200.0,BID
255,1712690513.366458,118226.0689095,963100.0,1.2000599705502214e-11,995200.0,BID
256,1712690520.2021685,118226.0689095,963100.0,0.0,995200.0,BID
257,1712690522.9624934,118226.08221951,963400.0,-1.03124012262276e-13,995200.0,ASK
258,1712690523.0624273,118226.82707077,963000.0,5.770998701847208e-12,995200.0,BID
259,1712690523.0831623,118229.17101957,963000.0,1.816057273245531e-11,995200.0,BID
260,1712690523.103664,118229.18101957,963000.0,7.747853845160247e-14,995200.0,BID
261,1712690523.502314,118230.05502053,963000.0,6.771631702161516e-12,995200.0,BID
262,1712690523.5852425,118233.16997349,963000.0,2.4134200281333968e-11,995200.0,BID
263,1712690523.5887544,118234.0689095,963000.0,6.964824825240968e-12,995200.0,BID
264,1712690541.2746675,118237.0689095,963600.0,-2.324356154765732e-11,995200.0,ASK
265,1712690541.2778544,118242.62563175,963500.0,-4.305267187367142e-11,995200.0,ASK
266,1712690541.280998,118251.0689095,963600.0,-6.541728201539607e-11,995200.0,ASK
267,1712690541.2841344,118254.0689095,963500.0,-2.324356154765732e-11,995200.0,ASK
268,1712690541.993166,118254.48786656,964800.0,3.2460180699725493e-12,995200.0,BID
269,1712690550.212137,118254.48786656,964800.0,0.0,995200.0,BID
270,1712690580.2929666,118254.48786656,964800.0,0.0,995200.0,BID
271,1712690582.9925756,118254.51336272,964800.0,-1.9749862576350922e-13,995200.0,ASK
272,1712690586.925321,118254.85333456,964800.0,2.633493482864452e-12,995200.0,BID
273,1712690606.5321686,118255.22921124,964800.0,2.9116199363346544e-12,995200.0,BID
274,1712690606.552038,118255.47037211,964800.0,1.868082896035952e-12,995200.0,BID
275,1712690610.102431,118255.71037211,965900.0,1.859090552603358e-12,995200.0,BID
276,1712690610.2920413,118255.71037211,965900.0,0.0,995200.0,BID
277,1712690614.68312,118255.73107818,965900.0,1.6039211395315988e-13,995200.0,BID
278,1712690628.5925355,118256.26723359,965800.0,4.153134785878593e-12,995200.0,BID
279,1712690628.6577485,118256.86661658,965800.0,4.642904462798638e-12,995200.0,BID
280,1712690639.7233934,118257.95160808,965700.0,8.404495892483963e-12,995200.0,BID
281,1712690640.1843617,118257.95160808,965700.0,0.0,995200.0,BID
282,1712690645.1623816,118259.4304117,965700.0,1.145482759197498e-11,995200.0,BID
283,1712690645.165777,118269.40180304,965700.0,7.723849678670052e-11,995200.0,BID
284,1712690650.2677476,118269.74070372,964800.0,-2.625128047887312e-12,995200.0,ASK
285,1712690650.322124,118270.62361794,964800.0,-6.839062355381936e-12,995200.0,ASK
286,1712690650.4219398,118271.23148069,964800.0,-4.708510925042506e-12,995200.0,ASK
287,1712690665.482685,118271.43339414,964800.0,-1.564023597839635e-12,995200.0,ASK
288,1712690665.48644,118271.43378069,963800.0,-2.9942201861039958e-15,995200.0,ASK
289,1712690666.6426742,118271.63339414,963800.0,-1.546207774839411e-12,995200.0,ASK
290,1712690666.6518848,118273.65359644,963800.0,-1.5648507167818745e-11,995200.0,ASK
291,1712690670.1936753,118273.65359644,963800.0,-0.0,995200.0,ASK
292,1712690672.4120266,118273.67016473,965700.0,1.2832307340671482e-13,995200.0,BID
293,1712690697.9123845,118273.68016473,965700.0,7.745100625984126e-14,995200.0,BID
294,1712690700.3035388,118273.68016473,965700.0,0.0,995200.0,BID
295,1712690715.5322742,118273.86170744,965200.0,1.4069259443832179e-12,995200.0,BID
296,1712690716.866708,118275.88430011,965200.0,1.5674758311432644e-11,995200.0,BID
297,1712690730.301829,118275.88430011,965200.0,0.0,995200.0,BID
298,1712690760.1824172,118275.88430011,965200.0,0.0,995200.0,BID
299,1712690780.622085,118280.73430011,965200.0,3.7586077293593263e-11,995200.0,BID
300,1712690780.862478,118281.77014017,965200.0,-8.027456610178502e-12,995200.0,ASK
301,1712690780.8705242,118286.24484714,965200.0,-3.46776664001488e-11,995200.0,ASK
302,1712690790.202065,118286.24484714,965200.0,-0.0,995200.0,ASK
303,1712690820.3118768,118286.24484714,965200.0,-0.0,995200.0,ASK
304,1712690832.9620068,118291.42413521,965000.0,-4.0134852909000825e-11,995200.0,ASK
305,1712690832.9646935,118291.73260202,964500.0,-2.390342046812268e-12,995200.0,ASK
306,1712690833.0443826,118295.15568744,964500.0,2.6525852196207068e-11,995200.0,BID
307,1712690833.1420422,118296.58201745,964500.0,1.1052782617460594e-11,995200.0,BID
308,1712690833.1446545,118296.65706303,964500.0,5.815361636749159e-13,995200.0,BID
309,1712690833.1472583,118301.86244187,964500.0,4.033703305462225e-11,995200.0,BID
310,1712690836.1567776,118302.86244187,965200.0,-7.749106125493808e-12,995200.0,ASK
311,1712690849.2619386,118303.43801877,964500.0,4.460206481445637e-12,995200.0,BID
312,1712690849.3618538,118304.33306902,964500.0,6.9358393748517276e-12,995200.0,BID
313,1712690850.311521,118304.33306902,964500.0,0.0,995200.0,BID
314,1712690865.6921382,118307.44058921,964400.0,-2.407724808396284e-11,995200.0,ASK
315,1712690865.832008,118308.93148217,964400.0,-1.1551525804966667e-11,995200.0,ASK
316,1712690871.192101,118310.05705035,964200.0,-8.720968054415385e-12,995200.0,ASK
317,1712690880.2222264,118310.05705035,964200.0,-0.0,995200.0,ASK
318,1712690880.2254615,118311.91181432,964200.0,-1.4370205059356403e-11,995200.0,ASK
319,1712690884.101712,118312.91828156,964400.0,7.797833502449829e-12,995200.0,BID
320,1712690884.941758,118312.92473066,964400.0,4.996586674098063e-14,995200.0,BID
321,1712690899.492269,118313.01973603,964400.0,7.360756789638069e-13,995200.0,BID
322,1712690906.2018814,118313.03095371,964200.0,-8.691152326729455e-14,995200.0,ASK
323,1712690909.612063,118313.65738124,964200.0,-4.853389545311095e-12,995200.0,ASK
324,1712690909.6162016,118313.86480708,964200.0,-1.6070788000834337e-12,995200.0,ASK
325,1712690909.671763,118315.02859972,964100.0,-9.016747766235978e-12,995200.0,ASK
326,1712690910.1143968,118315.02859973,964100.0,-7.745531201520892e-20,995200.0,ASK
327,1712690910.118267,118320.13664496,964000.0,-3.9575740414989615e-11,995200.0,ASK
328,1712690910.193202,118320.13664496,964000.0,-0.0,995200.0,ASK
329,1712690910.676326,118320.13664497,964000.0,-7.74494807597822e-20,995200.0,ASK
330,1712690910.6822374,118321.78906003,964000.0,-1.280149708877121e-11,995200.0,ASK
331,1712690910.752152,118323.73007477,963900.0,-1.5037320310678984e-11,995200.0,ASK
332,1712690910.8122573,118323.74044929,963900.0,-8.037289821761067e-14,995200.0,ASK
333,1712690910.8158395,118325.57898429,963900.0,-1.4243395028191983e-11,995200.0,ASK
334,1712690910.8194735,118326.75805778,963900.0,-9.134451878967092e-12,995200.0,ASK
335,1712690912.3821938,118326.83658154,963800.0,-6.083348605667193e-13,995200.0,ASK
336,1712690912.461776,118327.03658154,963800.0,-1.5494287601774916e-12,995200.0,ASK
337,1712690912.465454,118327.53286583,963800.0,-3.844785760796316e-12,995200.0,ASK
338,1712690925.0625255,118327.55361701,963800.0,-1.607623754717425e-13,995200.0,ASK
339,1712690925.0661333,118327.55361702,963800.0,-7.756221653963633e-20,995200.0,ASK
340,1712690940.2931314,118327.55361702,963800.0,-0.0,995200.0,ASK
341,1712690970.2925274,118327.55361702,963800.0,-0.0,995200.0,ASK
342,1712690978.2021255,118328.29405798,963800.0,-5.735984896017059e-12,995200.0,ASK
343,1712690978.2065527,118328.59405798,963800.0,-2.3240144207335244e-12,995200.0,ASK
344,1712690979.3520007,118329.30325268,963800.0,5.493929033245402e-12,995200.0,BID
345,1712690993.7824552,118331.93035268,963200.0,-2.0351394283249528e-11,995200.0,ASK
346,1712690993.7868187,118335.04497062,963200.0,-2.412805669301372e-11,995200.0,ASK
347,1712690993.8618274,118335.05789712,963200.0,1.0013790803277997e-13,995200.0,BID
348,1712690993.8820128,118338.10663131,963200.0,2.361767407606628e-11,995200.0,BID
349,1712690993.9820025,118343.11237489,963200.0,3.8778067556197416e-11,995200.0,BID
350,1712690994.5221314,118343.14114729,963800.0,2.228915751356143e-13,995200.0,BID
351,1712690994.5251908,118343.14114731,963200.0,1.548903826532854e-19,995200.0,BID
352,1712690997.1315658,118343.31574731,963800.0,1.352576392907494e-12,995200.0,BID
353,1712691000.2235425,118343.31574731,963800.0,0.0,995200.0,BID
354,1712691006.6218405,118343.54074731,963800.0,1.744580991077428e-12,995200.0,BID
355,1712691011.8920033,118343.61703946,963800.0,5.915459317926625e-13,995200.0,BID
356,1712691014.321791,118343.63820567,963800.0,1.6411630044811378e-13,995200.0,BID
357,1712691030.1840172,118343.63820567,963800.0,0.0,995200.0,BID
358,1712691032.311859,118343.67970805,963700.0,3.2179595003798946e-13,995200.0,BID
359,1712691034.4320536,118343.69631072,963700.0,1.2873170084385417e-13,995200.0,BID
360,1712691058.4016273,118348.0824553,963600.0,3.400873786213496e-11,995200.0,BID
361,1712691060.2920942,118348.0824553,963600.0,0.0,995200.0,BID
362,1712691080.5522015,118348.29866663,963400.0,-1.6763766355637544e-12,995200.0,ASK
363,1712691080.5561664,118350.56856909,963200.0,-1.759950067812037e-11,995200.0,ASK
364,1712691080.560027,118350.7264763,963300.0,-1.2243204712257536e-12,995200.0,ASK
365,1712691081.2521982,118352.13137369,963200.0,-1.089275552752062e-11,995200.0,ASK
366,1712691081.2619991,118352.277468,963100.0,-1.1327301296617113e-12,995200.0,ASK
367,1712691084.8926065,118352.3503318,963100.0,-5.64943437045737e-13,995200.0,ASK
368,1712691084.897214,118352.71575093,963100.0,-2.833246952052224e-12,995200.0,ASK
369,1712691084.9925673,118354.3553963,963000.0,-1.2712854543178504e-11,995200.0,ASK
370,1712691084.996416,118360.63328414,963000.0,-4.8675083288464206e-11,995200.0,ASK
371,1712691084.9999094,118363.08677463,962900.0,-1.9022935259790968e-11,995200.0,ASK
372,1712691085.0015798,118363.24468184,962900.0,-1.2243204712257536e-12,995200.0,ASK
373,1712691086.295212,118363.81278137,962700.0,-4.404712642730427e-12,995200.0,ASK
374,1712691086.297496,118367.0866076,962700.0,-2.5383340460747863e-11,995200.0,ASK
375,1712691086.8118143,118367.25874481,962700.0,-1.334651597375356e-12,995200.0,ASK
376,1712691086.8157043,118371.36758177,962700.0,-3.1857526981073217e-11,995200.0,ASK
377,1712691087.051995,118371.39698718,962700.0,2.279924104699215e-13,995200.0,BID
378,1712691088.5617952,118371.43066258,963100.0,2.610994240305814e-13,995200.0,BID
379,1712691090.3114955,118371.43066258,963100.0,0.0,995200.0,BID
380,1712691098.411564,118371.53449395,963100.0,8.04907616952769e-13,995200.0,BID
381,1712691101.9514966,118372.78897082,963100.0,9.724787295292004e-12,995200.0,BID
382,1712691107.531684,118372.7963092,963700.0,5.688760497957954e-14,995200.0,BID
383,1712691108.5516856,118373.2014347,963100.0,-3.1405595508333278e-12,995200.0,ASK
384,1712691108.6315928,118377.05598671,963100.0,-2.988074097871509e-11,995200.0,ASK
385,1712691108.6516263,118377.15168029,963100.0,-7.418229330056796e-13,995200.0,ASK
386,1712691108.8114457,118378.04403379,963100.0,6.917583087727045e-12,995200.0,BID
387,1712691108.8518846,118378.79196523,963200.0,-5.798013769278584e-12,995200.0,ASK
388,1712691108.8564734,118379.68431874,963200.0,-6.917583165112925e-12,995200.0,ASK
389,1712691109.2918534,118387.53374009,963200.0,-6.084923113861982e-11,995200.0,ASK
390,1712691111.0621555,118387.55034276,963700.0,1.2870499103810197e-13,995200.0,BID
391,1712691118.561829,118388.1261875,963600.0,4.463986340113862e-12,995200.0,BID
392,1712691120.211331,118388.1261875,963600.0,0.0,995200.0,BID
393,1712691133.4017408,118388.83154629,963600.0,5.4673062359087286e-12,995200.0,BID
394,1712691133.4065511,118389.64026441,963600.0,6.268454697413139e-12,995200.0,BID
395,1712691135.5220685,118389.65081849,962600.0,-8.18057252761087e-14,995200.0,ASK
396,1712691147.7719443,118390.65081849,962600.0,-7.751099601242297e-12,995200.0,ASK
397,1712691150.1934054,118390.65081849,962600.0,-0.0,995200.0,ASK
398,1712691165.9516432,118390.66742461,963500.0,1.287132640521433e-13,995200.0,BID
399,1712691176.9525335,118391.70530732,963500.0,8.044580631005426e-12,995200.0,BID
400,1712691180.2825315,118391.70530732,963500.0,0.0,995200.0,BID
401,1712691189.4685495,118391.75532234,962600.0,-3.876610419341125e-13,995200.0,ASK
402,1712691208.523021,118391.85920765,962600.0,-8.052038669561983e-13,995200.0,ASK
403,1712691208.53199,118393.14929315,962600.0,-9.999313986362176e-12,995200.0,ASK
404,1712691208.5359654,118395.12220649,962600.0,-1.5291839149268882e-11,995200.0,ASK
405,1712691210.2918787,118395.12220649,962600.0,-0.0,995200.0,ASK
406,1712691210.691887,118396.85720649,962600.0,1.3447455610966122e-11,995200.0,BID
407,1712691216.0719817,118396.8675961,962500.0,-8.052669691928623e-14,995200.0,ASK
408,1712691216.076938,118397.49780826,962500.0,-4.884582159720339e-12,995200.0,ASK
409,1712691216.0939176,118397.50486653,962400.0,-5.470649711998015e-14,995200.0,ASK
410,1712691216.097259,118398.87465437,962500.0,-1.0616807593549528e-11,995200.0,ASK
411,1712691216.1008673,118398.89227617,962100.0,-1.3658119496056834e-13,995200.0,ASK
412,1712691216.103979,118398.99622627,962000.0,-8.056855075346149e-13,995200.0,ASK
413,1712691216.1060584,118399.0076584,962200.0,-8.860695146762898e-14,995200.0,ASK
414,1712691216.1081798,118399.08591227,962400.0,-6.06521869289582e-13,995200.0,ASK
415,1712691216.1102817,118399.95137247,962000.0,-6.707917937977391e-12,995200.0,ASK
416,1712691216.112436,118400.95137247,962500.0,-7.750694876634934e-12,995200.0,ASK
417,1712691216.1145673,118403.20588089,962000.0,-1.747400686030258e-11,995200.0,ASK
418,1712691216.8915017,118403.42404004,962600.0,1.690885006176798e-12,995200.0,BID
419,1712691227.9522672,118406.02203128,962600.0,2.013623739335272e-11,995200.0,BID
420,1712691227.956936,118407.64178365,962600.0,1.255420639565571e-11,995200.0,BID
421,1712691228.231582,118408.67966636,962600.0,8.044312202883891e-12,995200.0,BID
422,1712691228.8318794,118408.696288,962600.0,1.288292600688794e-13,995200.0,BID
423,1712691234.0714316,118408.71706506,962500.0,1.6103665245829328e-13,995200.0,BID
424,1712691234.659917,118409.01658888,962500.0,2.321517737062635e-12,995200.0,BID
425,1712691234.663887,118409.7782535,962600.0,5.903430067979191e-12,995200.0,BID
426,1712691240.1931522,118409.7782535,962600.0,0.0,995200.0,BID
427,1712691253.8217397,118410.2782535,962600.0,3.874923799476938e-12,995200.0,BID
428,1712691263.2716897,118410.32320649,962600.0,3.483788215588079e-13,995200.0,BID
429,1712691267.931812,118410.32986501,962600.0,5.1602515320725055e-14,995200.0,BID
430,1712691270.2029855,118410.32986501,962600.0,0.0,995200.0,BID
431,1712691281.7415023,118411.36871811,962600.0,8.050920072909562e-12,995200.0,BID
432,1712691297.1522188,118411.38529267,962500.0,1.2844978552143022e-13,995200.0,BID
433,1712691300.3019164,118411.38529267,962500.0,0.0,995200.0,BID
434,1712691315.2916925,118412.42414577,962500.0,8.055911956034403e-12,995200.0,BID
435,1712691316.6419086,118412.63193797,962500.0,1.6113497359587497e-12,995200.0,BID
436,1712691322.3821845,118412.70952684,962500.0,6.0167227252874e-13,995200.0,BID
437,1712691322.5818114,118412.73953859,962500.0,2.3272974365332666e-13,995200.0,BID
438,1712691322.6423311,118415.12428822,962300.0,-1.849282931015268e-11,995200.0,ASK
439,1712691322.647517,118415.32428822,962300.0,-1.5509241789780792e-12,995200.0,ASK
440,1712691328.54146,118415.33882942,962300.0,1.1276149334561065e-13,995200.0,BID
441,1712691330.2914455,118415.33882942,962300.0,0.0,995200.0,BID
442,1712691334.2616794,118416.84454121,962200.0,1.1675879617994256e-11,995200.0,BID
443,1712691338.7821088,118416.86116976,962200.0,1.2894429686474426e-13,995200.0,BID
444,1712691345.4818845,118417.06530166,962200.0,1.5829187938893133e-12,995200.0,BID
445,1712691353.7516851,118424.73433136,962100.0,5.946866336490045e-11,995200.0,BID
446,1712691360.2213898,118424.73433136,962100.0,0.0,995200.0,BID
447,1712691366.1721416,118426.24840827,962000.0,-1.1739923111091585e-11,995200.0,ASK
448,1712691375.1416135,118427.26360962,962000.0,-7.871717554533385e-12,995200.0,ASK
449,1712691376.5408168,118427.78550774,962000.0,-4.046719000988704e-12,995200.0,ASK
450,1712691376.5432358,118428.17015133,962000.0,-2.982468157343598e-12,995200.0,ASK
451,1712691376.5455596,118429.33186194,962000.0,-9.007728173218453e-12,995200.0,ASK
452,1712691378.901886,118430.07156368,962000.0,-5.73553529248806e-12,995200.0,ASK
453,1712691378.9074905,118430.25540044,962000.0,-1.425442401991637e-12,995200.0,ASK
454,1712691379.221421,118431.21190563,962000.0,-7.41659641713737e-12,995200.0,ASK
455,1712691379.4019127,118435.32995693,962000.0,-3.1930746258887645e-11,995200.0,ASK
456,1712691379.4071202,118437.83051651,962000.0,-1.9388960369267043e-11,995200.0,ASK
457,1712691379.4616487,118439.24622183,962000.0,-1.097716469690027e-11,995200.0,ASK
458,1712691379.4815865,118440.57506796,962000.0,-1.0303671689086372e-11,995200.0,ASK
459,1712691383.0721204,118447.18896796,962100.0,5.1283179177868256e-11,995200.0,BID
460,1712691383.9916258,118447.96394873,962100.0,6.009083549408847e-12,995200.0,BID
461,1712691385.8412898,118449.13894873,962100.0,9.110772091228324e-12,995200.0,BID
462,1712691388.7513916,118455.31094873,962100.0,4.785675348667527e-11,995200.0,BID
463,1712691388.8315814,118456.72665405,962100.0,1.097716469690027e-11,995200.0,BID
464,1712691388.8515348,118456.83363473,962100.0,8.29511994649884e-13,995200.0,BID
465,1712691388.85655,118461.83363473,962100.0,3.876924294130109e-11,995200.0,BID
466,1712691389.071818,118464.40289781,962300.0,1.992167690564544e-11,995200.0,BID
467,1712691389.0767877,118467.51000996,962300.0,2.4092077157836004e-11,995200.0,BID
468,1712691389.271516,118470.5625405,962500.0,2.3668859618261187e-11,995200.0,BID
469,1712691390.221441,118470.5625405,962500.0,0.0,995200.0,BID
470,1712691391.1017575,118472.06325331,962200.0,-1.1632323004957519e-11,995200.0,ASK
471,1712691391.107223,118472.06699018,962200.0,-2.8965221441982373e-14,995200.0,ASK
472,1712691391.3818438,118472.11893283,962600.0,4.026177949977665e-13,995200.0,BID
473,1712691392.5016773,118472.30044064,962600.0,1.4069030795426077e-12,995200.0,BID
474,1712691405.4518716,118473.01781953,962600.0,5.56054623495372e-12,995200.0,BID
475,1712691412.391644,118477.74778681,962700.0,-3.666291567402117e-11,995200.0,ASK
476,1712691420.291458,118477.74778681,962700.0,-0.0,995200.0,ASK
477,1712691432.4618113,118477.98897814,962700.0,-1.869421674851822e-12,995200.0,ASK
478,1712691438.8821204,118478.98567814,962500.0,7.725205476147446e-12,995200.0,BID
479,1712691450.301298,118478.98567814,962500.0,0.0,995200.0,BID
480,1712691451.5719492,118479.00230151,962500.0,1.288429447103378e-13,995200.0,BID
481,1712691480.1918716,118479.00230151,962500.0,0.0,995200.0,BID
482,1712691488.2764597,118479.05424956,962500.0,4.026342975591421e-13,995200.0,BID
483,1712691509.5115843,118479.20030488,962500.0,1.1320325051857253e-12,995200.0,BID
484,1712691510.2014284,118479.20030488,962500.0,0.0,995200.0,BID
485,1712691540.2918713,118479.20030488,962500.0,0.0,995200.0,BID
486,1712691544.31177,118479.2210841,962500.0,1.6105348121908457e-13,995200.0,BID
487,1712691549.4116871,118479.24296877,962500.0,1.696214914441703e-13,995200.0,BID
488,1712691558.5616114,118479.25835032,962500.0,1.1921776525119233e-13,995200.0,BID
489,1712691569.70415,118479.54016738,962500.0,2.184279225070592e-12,995200.0,BID
490,1712691569.7111762,118479.6776407,962500.0,1.0655143336562222e-12,995200.0,BID
491,1712691570.2921047,118479.6776407,962500.0,0.0,995200.0,BID
492,1712691589.5617862,118479.68803031,962100.0,-8.05264538590226e-14,995200.0,ASK
493,1712691589.5676258,118479.95971504,962100.0,-2.105739085893375e-12,995200.0,ASK
494,1712691589.8819156,118480.02532483,962500.0,5.085199276360102e-13,995200.0,BID
495,1712691600.2032497,118480.02532483,962500.0,0.0,995200.0,BID
496,1712691614.6015947,118480.04651963,962500.0,1.643495757072528e-13,995200.0,BID
497,1712691622.1918678,118480.12530218,962500.0,6.10898836468692e-13,995200.0,BID
498,1712691630.2015915,118480.12530218,962500.0,0.0,995200.0,BID
499,1712691633.7515738,118480.16686062,962500.0,3.2225389637653573e-13,995200.0,BID
500,1712691660.2911916,118480.16686062,962500.0,0.0,995200.0,BID
501,1712691679.0517545,118480.70210947,962100.0,-4.1504439033706964e-12,995200.0,ASK
502,1712691679.0576284,118480.82316317,962100.0,-9.386785065336884e-13,995200.0,ASK
503,1712691679.161815,118482.1752141,962100.0,1.0484116947461988e-11,995200.0,BID
504,1712691679.2714305,118482.20582609,962500.0,2.373724805291197e-13,995200.0,BID
505,1712691682.4618886,118482.90666354,962500.0,5.434456368417965e-12,995200.0,BID
506,1712691682.4674056,118483.30882609,962500.0,3.118461821640619e-12,995200.0,BID
507,1712691683.241966,118486.0143034,962500.0,2.0978899453776678e-11,995200.0,BID
508,1712691683.2474153,118487.51263557,962500.0,1.1618415658654691e-11,995200.0,BID
509,1712691687.6117811,118487.58689201,961900.0,-5.758016830404847e-13,995200.0,ASK
510,1712691687.621221,118487.79470992,961900.0,-1.6114683432308422e-12,995200.0,ASK
511,1712691690.3012352,118487.79470992,961900.0,-0.0,995200.0,ASK
512,1712691703.2119172,118487.81470992,963400.0,1.5507581805695072e-13,995200.0,BID
513,1712691720.202947,118487.81470992,963400.0,0.0,995200.0,BID
514,1712691732.411332,118487.91850897,962000.0,-8.048360092422533e-13,995200.0,ASK
515,1712691750.1912,118487.91850897,962000.0,-0.0,995200.0,ASK
516,1712691766.9320922,118488.13814666,963500.0,1.7030231492618008e-12,995200.0,BID
517,1712691766.936555,118488.24192417,963500.0,8.04668369541748e-13,995200.0,BID
518,1712691780.2917228,118488.24192417,963500.0,0.0,995200.0,BID
519,1712691782.6017485,118488.34571244,963500.0,8.047498558983004e-13,995200.0,BID
520,1712691810.3314562,118488.34571244,963500.0,0.0,995200.0,BID
521,1712691828.1215117,118490.42169334,963400.0,1.6096655572765514e-11,995200.0,BID
522,1712691837.1116116,118490.94068856,963400.0,4.024163854433573e-12,995200.0,BID
523,1712691840.1866071,118490.94068856,963400.0,0.0,995200.0,BID
524,1712691870.196064,118490.94068856,963400.0,0.0,995200.0,BID
525,1712691900.2123024,118490.94068856,963400.0,0.0,995200.0,BID
526,1712691922.291905,118490.96068856,963500.0,1.551894327353948e-13,995200.0,BID
527,1712691929.9614434,118490.98068856,963500.0,1.5518943284831e-13,995200.0,BID
528,1712691930.201429,118490.98068856,963500.0,0.0,995200.0,BID
529,1712691934.5213687,118490.99106738,963500.0,8.053413542385657e-14,995200.0,BID
530,1712691937.1916175,118491.0014462,963500.0,8.053413531094142e-14,995200.0,BID
531,1712691938.8515618,118492.03829155,963500.0,8.045369683270737e-12,995200.0,BID
532,1712691957.1220338,118493.05715011,963500.0,7.905801738202322e-12,995200.0,BID
533,1712691957.128788,118493.83124576,963500.0,6.006571447133773e-12,995200.0,BID
534,1712691957.901589,118493.9767048,963500.0,-1.1286849583264413e-12,995200.0,ASK
535,1712691960.2819753,118493.9767048,963500.0,-0.0,995200.0,ASK
536,1712691960.6338296,118494.24637878,963400.0,-2.092480104824108e-12,995200.0,ASK
537,1712691960.6386914,118494.26713858,963400.0,-1.6108142323681244e-13,995200.0,ASK
538,1712691964.101569,118495.9974646,963400.0,-1.3426110935454568e-11,995200.0,ASK
539,1712691964.1110184,118498.07323003,963400.0,-1.6106477401944894e-11,995200.0,ASK
540,1712691970.9126515,118498.57980687,962500.0,-3.930679405204442e-12,995200.0,ASK
541,1712691970.917846,118500.30613073,962500.0,-1.3395056993297011e-11,995200.0,ASK
542,1712691970.9223337,118502.65040265,962100.0,-1.8189898607056048e-11,995200.0,ASK
543,1712691975.381818,118507.84777905,963400.0,-4.032797941728734e-11,995200.0,ASK
544,1712691978.0516305,118508.02382373,962000.0,-1.3659826967928765e-12,995200.0,ASK
545,1712691979.3905897,118508.20701286,962100.0,1.421418595833998e-12,995200.0,BID
546,1712691979.395435,118515.54391286,962100.0,5.6929175302084046e-11,995200.0,BID
547,1712691979.4835196,118515.73691286,962100.0,1.4975440353923682e-12,995200.0,BID
548,1712691979.4879425,118515.81692233,962100.0,6.208171222204907e-13,995200.0,BID
549,1712691979.5689564,118516.00010053,962100.0,1.4213337866075817e-12,995200.0,BID
550,1712691981.8919177,118518.56175893,962100.0,1.987666454734913e-11,995200.0,BID
551,1712691988.3115897,118518.57836505,963500.0,1.2885179252211478e-13,995200.0,BID
552,1712691990.301333,118518.57836505,963500.0,0.0,995200.0,BID
553,1712692020.1915927,118518.57836505,963500.0,0.0,995200.0,BID
554,1712692033.2113245,118518.60002202,963500.0,1.680119568375588e-13,995200.0,BID
555,1712692050.1949258,118518.60002202,963500.0,0.0,995200.0,BID
556,1712692053.4014652,118518.65191616,963500.0,4.0258792435974667e-13,995200.0,BID
557,1712692066.3919396,118518.73845007,963500.0,6.713187116637901e-13,995200.0,BID
558,1712692066.3969958,118518.95361616,963500.0,1.6692302743996233e-12,995200.0,BID
559,1712692080.2943842,118518.95361616,963500.0,0.0,995200.0,BID
560,1712692082.7935605,118519.17072597,962100.0,-1.684304947382426e-12,995200.0,ASK
561,1712692110.2913065,118519.17072597,962100.0,-0.0,995200.0,ASK
562,1712692140.2028253,118519.17072597,962100.0,-0.0,995200.0,ASK
563,1712692144.1923509,118520.17072597,962100.0,-7.757835622258351e-12,995200.0,ASK
564,1712692144.197784,118520.25131837,962100.0,-6.25222591614763e-13,995200.0,ASK
565,1712692144.202404,118521.80042837,962100.0,-1.201774074073963e-11,995200.0,ASK
566,1712692147.1819706,118521.83970154,963200.0,3.046747972064969e-13,995200.0,BID
567,1712692170.1959655,118521.83970154,963200.0,0.0,995200.0,BID
568,1712692181.1213202,118521.84488933,963800.0,4.024522031047364e-14,995200.0,BID
569,1712692200.2212973,118521.84488933,963800.0,0.0,995200.0,BID
570,1712692210.161415,118521.88641756,963200.0,-3.224806538647381e-13,995200.0,ASK
571,1712692212.3515844,118521.90759696,963200.0,-1.6446515433543045e-13,995200.0,ASK
572,1712692212.9113429,118522.01785498,963100.0,-8.56190557090263e-13,995200.0,ASK
573,1712692221.4415016,118522.11785498,963100.0,-7.765335863475198e-13,995200.0,ASK
574,1712692227.40183,118522.61785498,962300.0,-3.8826679320766e-12,995200.0,ASK
575,1712692227.4083288,118523.36955039,962200.0,-5.837167326186357e-12,995200.0,ASK
576,1712692227.4415643,118523.42741116,962200.0,-4.493083124150683e-13,995200.0,ASK
577,1712692227.4477422,118523.64534988,962100.0,-1.6923673586134037e-12,995200.0,ASK
578,1712692230.1928155,118523.64534988,962100.0,-0.0,995200.0,ASK
579,1712692230.671447,118523.65695563,963100.0,-9.012133412021297e-14,995200.0,ASK
580,1712692235.2312598,118523.69848818,963100.0,-3.2250986077240853e-13,995200.0,ASK
581,1712692260.291382,118523.69848818,963100.0,-0.0,995200.0,ASK
582,1712692270.0820549,118523.89055777,962100.0,-1.4914642154971985e-12,995200.0,ASK
583,1712692270.088567,118524.21336821,962100.0,-2.506696763513213e-12,995200.0,ASK
584,1712692290.2934184,118524.21336821,962100.0,-0.0,995200.0,ASK
585,1712692300.691397,118525.25386821,963300.0,8.079688964564462e-12,995200.0,BID
586,1712692300.7912652,118525.26009966,963300.0,4.83884457107715e-14,995200.0,BID
587,1712692301.6713104,118528.76906351,963400.0,2.7247800572684845e-11,995200.0,BID
588,1712692320.2013268,118528.76906351,963400.0,0.0,995200.0,BID
589,1712692334.104427,118528.77692287,963500.0,-6.102741012190369e-14,995200.0,ASK
590,1712692334.110539,118529.29591809,963400.0,-4.029963524202319e-12,995200.0,ASK
591,1712692334.1816158,118529.44088978,964100.0,1.1256955752319297e-12,995200.0,BID
592,1712692334.187034,118530.0140352,964100.0,4.450436242272393e-12,995200.0,BID
593,1712692334.921746,118532.35460722,963300.0,-1.8174386782057964e-11,995200.0,ASK
594,1712692334.9313831,118533.6605891,963100.0,-1.0140862838184566e-11,995200.0,ASK
595,1712692334.934423,118536.6605891,962800.0,-2.3294801390594773e-11,995200.0,ASK
596,1712692334.9376278,118536.72212165,963100.0,-4.777961770760935e-13,995200.0,ASK
597,1712692334.940722,118538.13077731,963300.0,-1.0938117942433334e-11,995200.0,ASK
598,1712692334.943756,118541.13077731,962600.0,-2.3294801390594773e-11,995200.0,ASK
599,1712692334.9462423,118546.50935682,962500.0,-4.176431381630483e-11,995200.0,ASK
600,1712692348.8919916,118546.51972918,964100.0,8.054068874918027e-14,995200.0,BID
601,1712692350.2012906,118546.51972918,964100.0,0.0,995200.0,BID
602,1712692354.4116335,118546.96972918,964100.0,3.493756544542514e-12,995200.0,BID
603,1712692356.4213889,118547.19462918,964100.0,1.7461018819476336e-12,995200.0,BID
604,1712692357.3417969,118550.00118956,964100.0,2.178986376747338e-11,995200.0,BID
605,1712692357.9015143,118550.23108956,964300.0,1.784921399032642e-12,995200.0,BID
606,1712692358.081571,118550.68088956,964300.0,3.4922037638952672e-12,995200.0,BID
607,1712692368.5419044,118551.00118956,964300.0,2.486778269439002e-12,995200.0,BID
608,1712692368.5485313,118552.50190237,964200.0,1.165138933653202e-11,995200.0,BID
609,1712692380.2913165,118552.50190237,964200.0,0.0,995200.0,BID
610,1712692391.5213506,118553.54821733,964300.0,-8.123124552836566e-12,995200.0,ASK
611,1712692404.591577,118553.573942,963600.0,-1.9971491044903162e-13,995200.0,ASK
612,1712692410.2914286,118553.573942,963600.0,-0.0,995200.0,ASK
613,1712692412.8018172,118553.95040436,964200.0,2.922663073965589e-12,995200.0,BID
614,1712692440.1831996,118553.95040436,964200.0,0.0,995200.0,BID
615,1712692445.3617938,118553.9607778,964000.0,-8.053390679346938e-14,995200.0,ASK
616,1712692445.3684616,118554.00631932,964000.0,-3.535602968203916e-13,995200.0,ASK
617,1712692445.3736491,118554.42117101,964200.0,-3.2206893107922898e-12,995200.0,ASK
618,1712692445.9418445,118557.86908032,965300.0,-2.676774598464336e-11,995200.0,ASK
619,1712692445.961452,118558.44445032,964000.0,-4.4668686507209585e-12,995200.0,ASK
620,1712692458.851946,118558.57570142,964100.0,-1.0189641864452614e-12,995200.0,ASK
621,1712692470.2031646,118558.57570142,964100.0,-0.0,995200.0,ASK
622,1712692470.3411198,118558.96306872,964100.0,-3.007210826196836e-12,995200.0,ASK
623,1712692470.8613558,118566.21372072,964100.0,5.6288280378635395e-11,995200.0,BID
624,1712692474.7218356,118567.71443353,964300.0,-1.1650337571971112e-11,995200.0,ASK
625,1712692474.728114,118568.74882826,964100.0,-8.030215846015084e-12,995200.0,ASK
626,1712692474.7327905,118571.74882826,964200.0,-2.328960776711518e-11,995200.0,ASK
627,1712692478.1939683,118571.84937335,964100.0,-7.805519030964089e-13,995200.0,ASK
628,1712692491.8214583,118572.10574615,965600.0,1.990273984680253e-12,995200.0,BID
629,1712692491.8310597,118572.26593179,965600.0,1.2435535751271814e-12,995200.0,BID
630,1712692493.251463,118572.41636624,966400.0,1.16785311171289e-12,995200.0,BID
631,1712692493.2914116,118574.16836624,966400.0,1.3601130936054911e-11,995200.0,BID
632,1712692500.292032,118574.16836624,966400.0,0.0,995200.0,BID
633,1712692526.5647087,118576.74905709,968000.0,2.005897177841043e-11,995200.0,BID
634,1712692527.4752014,118578.69045709,966400.0,1.5089946868533747e-11,995200.0,BID
635,1712692530.30125,118578.69045709,966400.0,0.0,995200.0,BID
636,1712692541.7614455,118578.85060753,966400.0,-1.2447612377087998e-12,995200.0,ASK
637,1712692549.311389,118579.01075798,966400.0,-1.2447613154112678e-12,995200.0,ASK
638,1712692560.2024355,118579.01075798,966400.0,-0.0,995200.0,ASK
639,1712692565.531788,118579.034721,966400.0,-1.8625091933427218e-13,995200.0,ASK
640,1712692565.5393777,118586.86944477,966400.0,-6.089484982995501e-11,995200.0,ASK
641,1712692570.3219056,118590.38060411,966400.0,-2.7290243665983023e-11,995200.0,ASK
642,1712692570.3290322,118592.38060411,966400.0,-1.554486198050393e-11,995200.0,ASK
643,1712692571.9115646,118592.39150411,966400.0,8.471949774597138e-14,995200.0,BID
644,1712692590.1915455,118592.39150411,966400.0,0.0,995200.0,BID
645,1712692620.301231,118592.39150411,966400.0,0.0,995200.0,BID
646,1712692641.9116838,118592.39672428,967300.0,4.0569333615234353e-14,995200.0,BID
647,1712692646.2414098,118592.45193979,967300.0,4.291156121705549e-13,995200.0,BID
648,1712692646.2509534,118593.94743243,967300.0,1.162244520956253e-11,995200.0,BID
649,1712692648.2911668,118598.2208874,967300.0,3.3211795843172466e-11,995200.0,BID
650,1712692648.7112322,118598.23118039,966400.0,-7.999351449459474e-14,995200.0,ASK
651,1712692650.301058,118598.23118039,966400.0,-0.0,995200.0,ASK
652,1712692650.5235538,118599.09948039,967300.0,6.747827370374232e-12,995200.0,BID
653,1712692650.6009977,118599.72709265,967300.0,4.87736863534494e-12,995200.0,BID
654,1712692650.641028,118600.15309265,967300.0,3.3105775189686404e-12,995200.0,BID
655,1712692650.7409585,118600.29792406,967300.0,1.1255296009124532e-12,995200.0,BID
656,1712692650.8052526,118600.43118039,967300.0,1.0355760807445737e-12,995200.0,BID
657,1712692650.8098598,118600.73118039,967300.0,2.331392618944217e-12,995200.0,BID
658,1712692652.331198,118600.74305004,968200.0,-9.224271466395421e-14,995200.0,ASK
659,1712692659.451054,118600.96035004,967300.0,1.6887053870843417e-12,995200.0,BID
660,1712692674.2609172,118601.59084018,967300.0,4.899733529232986e-12,995200.0,BID
661,1712692674.267854,118601.59084151,967300.0,1.0335851460788073e-17,995200.0,BID
662,1712692674.3407235,118603.26040586,967300.0,1.2974700008635772e-11,995200.0,BID
663,1712692675.2005875,118603.86035137,967300.0,4.6623617795344e-12,995200.0,BID
664,1712692675.2102282,118605.51978434,967300.0,1.2895965926704718e-11,995200.0,BID
665,1712692678.020212,118605.51978435,967300.0,7.780414898762753e-20,995200.0,BID
666,1712692680.2404456,118605.51978435,967300.0,0.0,995200.0,BID
667,1712692710.200317,118606.14518505,967300.0,-4.859915645491105e-12,995200.0,ASK
668,1712692710.2032256,118606.22788949,967300.0,-6.426865238113473e-13,995200.0,ASK
669,1712692710.2058544,118606.22788949,967300.0,-0.0,995200.0,ASK
670,1712692716.939776,118607.39128142,967300.0,-9.040582529767988e-12,995200.0,ASK
671,1712692740.2805831,118607.39128142,967300.0,-0.0,995200.0,ASK
672,1712692742.149273,118608.84266211,968900.0,1.1278350819077774e-11,995200.0,BID
673,1712692766.2188833,118608.85298515,968900.0,-8.02180072987166e-14,995200.0,ASK
674,1712692766.479766,118608.86494902,969100.0,9.296852570912456e-14,995200.0,BID
675,1712692766.4850245,118609.97956626,969100.0,8.661438276170452e-12,995200.0,BID
676,1712692766.4892592,118612.97956626,969800.0,2.3312320944145043e-11,995200.0,BID
677,1712692766.4919298,118613.32786626,969300.0,2.706560461711493e-12,995200.0,BID
678,1712692766.49462,118616.32786626,969400.0,2.3312320944145043e-11,995200.0,BID
679,1712692766.4972994,118619.32786626,969800.0,2.3312320944145043e-11,995200.0,BID
680,1712692766.5000684,118619.59396179,969900.0,2.067768132343517e-12,995200.0,BID
681,1712692770.2786615,118619.59396179,969900.0,0.0,995200.0,BID
682,1712692773.2198088,118619.70119285,968300.0,-8.331916968562245e-13,995200.0,ASK
683,1712692774.3809483,118620.01369546,968300.0,-2.4281638165430385e-12,995200.0,ASK
684,1712692777.278949,118623.71601642,968300.0,-2.876725347104831e-11,995200.0,ASK
685,1712692777.2853608,118625.10080992,968300.0,-1.0759927637223302e-11,995200.0,ASK
686,1712692783.618496,118625.14211943,967500.0,3.209773431358636e-13,995200.0,BID
687,1712692784.3182898,118625.26611943,967500.0,9.634873553206002e-13,995200.0,BID
688,1712692788.3382685,118625.28039732,967500.0,1.1094005226106937e-13,995200.0,BID
689,1712692800.293309,118625.28039732,967500.0,0.0,995200.0,BID
690,1712692802.2881937,118625.50228452,967500.0,-1.7264907409169004e-12,995200.0,ASK
691,1712692804.548435,118626.26611943,967500.0,-5.94335274744492e-12,995200.0,ASK
692,1712692804.5588083,118628.45018295,967500.0,-1.6994064754265066e-11,995200.0,ASK
693,1712692804.5640533,118628.55018295,967400.0,-7.780938878243172e-13,995200.0,ASK
694,1712692804.5686166,118628.58222098,967600.0,-2.4928595316624693e-13,995200.0,ASK
695,1712692804.571385,118630.00718177,967400.0,-1.1087532810224456e-11,995200.0,ASK
696,1712692804.57416,118631.29734042,967500.0,-1.00386455983676e-11,995200.0,ASK
697,1712692804.5770102,118633.16228452,967400.0,-1.4511016052607971e-11,995200.0,ASK
698,1712692807.668575,118633.95054349,967400.0,-6.133394865455949e-12,995200.0,ASK
699,1712692807.7480154,118635.31925883,967300.0,-1.0649890401595836e-11,995200.0,ASK
700,1712692807.7542005,118637.092794,967300.0,-1.3799768755348206e-11,995200.0,ASK
701,1712692807.789516,118638.38041167,967300.0,-1.0018874388297531e-11,995200.0,ASK
702,1712692807.7958474,118641.04468417,967300.0,-2.0730541476264484e-11,995200.0,ASK
703,1712692807.8066337,118641.06661965,967200.0,-1.7067862907237669e-13,995200.0,ASK
704,1712692807.828158,118641.07696091,967000.0,-8.04647119803646e-14,995200.0,ASK
705,1712692807.834197,118643.53724788,967000.0,-1.914334253541657e-11,995200.0,ASK
706,1712692808.0883553,118644.02425404,966400.0,-3.789365164134297e-12,995200.0,ASK
707,1712692808.3078346,118644.03046329,966300.0,-4.8313794622409244e-14,995200.0,ASK
708,1712692808.527858,118644.14909814,966200.0,-9.230905166650098e-13,995200.0,ASK
709,1712692809.3078716,118644.25255355,966600.0,-8.049802218197552e-13,995200.0,ASK
710,1712692811.7779443,118644.76950971,967200.0,4.022404283383351e-12,995200.0,BID
711,1712692814.4884076,118644.80056561,966000.0,-2.416440597439592e-13,995200.0,ASK
712,1712692814.4958353,118644.82415905,966000.0,-1.835791145339159e-13,995200.0,ASK
713,1712692830.1878412,118644.82415905,966000.0,-0.0,995200.0,ASK
714,1712692837.2075744,118646.32487186,966100.0,-1.1675237282707027e-11,995200.0,ASK
715,1712692837.2175586,118648.82415905,966100.0,-1.9443940763706933e-11,995200.0,ASK
716,1712692842.547799,118650.30803283,967400.0,1.1544233089571e-11,995200.0,BID
717,1712692842.554159,118651.30803283,967200.0,7.779794511603491e-12,995200.0,BID
718,1712692860.2870462,118651.30803283,967200.0,0.0,995200.0,BID
719,1712692874.1369903,118653.36227142,967200.0,-1.5980774937451682e-11,995200.0,ASK
720,1712692890.2864003,118653.36227142,967200.0,-0.0,995200.0,ASK
721,1712692908.0365858,118653.36744098,967200.0,4.0215532093400936e-14,995200.0,BID
722,1712692916.6461003,118653.56744098,967000.0,1.555858994204636e-12,995200.0,BID
723,1712692920.1961253,118653.56744098,967000.0,0.0,995200.0,BID
724,1712692947.0057228,118653.68792676,966900.0,9.372929758488142e-13,995200.0,BID
725,1712692950.1956203,118653.68792676,966900.0,0.0,995200.0,BID
726,1712692963.0065246,118653.72407144,966900.0,2.81179438512932e-13,995200.0,BID
727,1712692980.295089,118653.72407144,966900.0,0.0,995200.0,BID
728,1712692996.1658397,118655.43238508,966900.0,1.3289439540858906e-11,995200.0,BID
729,1712692996.173659,118655.83589562,966900.0,3.139018971579748e-12,995200.0,BID
730,1712692996.1788406,118658.60683358,966800.0,2.1555885072015324e-11,995200.0,BID
731,1712692996.1822357,118660.60687032,966900.0,1.5558833409394857e-11,995200.0,BID
732,1712692998.476282,118667.40539501,966900.0,-5.288758499563203e-11,995200.0,ASK
733,1712692998.4839149,118668.88926879,966100.0,-1.1543460418292428e-11,995200.0,ASK
734,1712692998.487941,118668.93067665,966000.0,-3.221230803925964e-13,995200.0,ASK
735,1712692998.4914205,118669.79636312,966100.0,-6.734412074596611e-12,995200.0,ASK
736,1712692998.494745,118670.60687032,966000.0,-6.305157425223267e-12,995200.0,ASK
737,1712693010.2852857,118670.60687032,966000.0,-0.0,995200.0,ASK
738,1712693040.1774037,118670.60687032,966000.0,-0.0,995200.0,ASK
739,1712693046.3946393,118670.96113684,966000.0,-2.755586391336361e-12,995200.0,ASK
740,1712693046.3997197,118672.16574461,966000.0,-9.369784020220831e-12,995200.0,ASK
741,1712693068.4646273,118677.70881718,966100.0,-4.3115604998130615e-11,995200.0,ASK
742,1712693068.4743776,118681.59107858,966000.0,-3.019734035733358e-11,995200.0,ASK
743,1712693068.565173,118682.16574461,966000.0,4.4699168633847175e-12,995200.0,BID
744,1712693070.1961503,118682.16574461,966000.0,0.0,995200.0,BID
745,1712693100.2854805,118682.16574461,966000.0,0.0,995200.0,BID
746,1712693110.33385,118682.51758535,965600.0,-2.739661627401043e-12,995200.0,ASK
747,1712693110.3404284,118682.53828928,966000.0,-1.6121431122140444e-13,995200.0,ASK
748,1712693130.31345,118682.53828928,966000.0,-0.0,995200.0,ASK
749,1712693138.1534882,118682.543548,966800.0,4.094771131082696e-14,995200.0,BID
750,1712693138.6133945,118683.21609195,967000.0,5.236851455428393e-12,995200.0,BID
751,1712693138.873569,118683.2629735,967200.0,3.65049322511046e-13,995200.0,BID
752,1712693138.9534516,118685.21095912,967200.0,1.5168244884618757e-11,995200.0,BID
753,1712693160.1943605,118685.21095912,967200.0,0.0,995200.0,BID
754,1712693166.735628,118685.22131108,966000.0,-8.060526846324544e-14,995200.0,ASK
755,1712693166.7416463,118685.7480693,967300.0,-4.10158924126141e-12,995200.0,ASK
756,1712693166.7467377,118686.75470101,967200.0,-7.838111746258809e-12,995200.0,ASK
757,1712693166.75164,118690.34506685,966000.0,-2.7956290651663808e-11,995200.0,ASK
758,1712693166.754443,118690.3554156,966300.0,-8.058027394031536e-14,995200.0,ASK
759,1712693166.757317,118690.36576649,966100.0,-8.05969369178327e-14,995200.0,ASK
760,1712693182.2431314,118693.29652554,966200.0,-2.282027945986433e-11,995200.0,ASK
761,1712693182.2502065,118693.54106757,966100.0,-1.904120184863825e-12,995200.0,ASK
762,1712693182.2560413,118695.42861181,966200.0,-1.4697314352592818e-11,995200.0,ASK
763,1712693182.2605045,118695.52177181,966100.0,-7.253879279378506e-13,995200.0,ASK
764,1712693185.0329823,118697.67651759,966100.0,-1.6777872225339617e-11,995200.0,ASK
765,1712693185.038253,118700.67651759,966200.0,-2.3359422324177016e-11,995200.0,ASK
766,1712693186.5598383,118700.80525366,967700.0,1.002400075890697e-12,995200.0,BID
767,1712693187.9050107,118701.69397158,966100.0,-6.919979073413348e-12,995200.0,ASK
768,1712693187.9103656,118702.49036157,966100.0,-6.201070037099022e-12,995200.0,ASK
769,1712693190.1841102,118702.49036157,966100.0,-0.0,995200.0,ASK
770,1712693190.6160576,118702.55246694,967700.0,4.835189965821226e-13,995200.0,BID
771,1712693215.11251,118702.578972,967400.0,2.0635413676530162e-13,995200.0,BID
772,1712693220.312137,118702.578972,967400.0,0.0,995200.0,BID
773,1712693247.5522275,118702.58543425,967000.0,5.0311568001851296e-14,995200.0,BID
774,1712693250.2821898,118702.58543425,967000.0,0.0,995200.0,BID
775,1712693257.16188,118702.59836082,967000.0,1.0063924719369432e-13,995200.0,BID
776,1712693262.642181,118702.60870208,967000.0,8.05114288426374e-14,995200.0,BID
777,1712693268.282406,118702.96906749,966500.0,-2.8056091872988603e-12,995200.0,ASK
778,1712693268.6418598,118703.23631568,967000.0,2.080649130929384e-12,995200.0,BID
779,1712693280.1918168,118703.23631568,967000.0,0.0,995200.0,BID
780,1712693296.8917055,118703.75777013,966500.0,-4.0597409968380375e-12,995200.0,ASK
781,1712693310.1930466,118703.75777013,966500.0,-0.0,995200.0,ASK
782,1712693311.1920106,118704.25506619,966500.0,-3.871642634834409e-12,995200.0,ASK
783,1712693311.1989388,118704.27575941,966500.0,-1.6110474067019254e-13,995200.0,ASK
784,1712693315.8917325,118704.28610602,966500.0,8.055237033509623e-14,995200.0,BID
785,1712693318.4415317,118705.32076716,966500.0,8.055238125647412e-12,995200.0,BID
786,1712693335.8217268,118722.43433506,966000.0,-1.3323576124033148e-10,995200.0,ASK
787,1712693335.828894,118726.67021418,966000.0,-3.297796125122993e-11,995200.0,ASK
788,1712693339.7931132,118727.34605156,966000.0,-5.2616560336624666e-12,995200.0,ASK
789,1712693339.800979,118728.17080982,966000.0,-6.4210628229404836e-12,995200.0,ASK
790,1712693339.8087213,118728.54683392,965600.0,-2.927493407611852e-12,995200.0,ASK
791,1712693340.281606,118728.54683392,965600.0,-0.0,995200.0,ASK
792,1712693345.671875,118733.37046089,965600.0,-3.7546806077514016e-11,995200.0,ASK
793,1712693345.6851902,118733.75309267,965600.0,-2.9783814818223253e-12,995200.0,ASK
794,1712693356.991567,118734.64776755,965000.0,-6.964092462169174e-12,995200.0,ASK
795,1712693356.999621,118734.65813024,965000.0,-8.066252097957504e-14,995200.0,ASK
796,1712693358.2523346,118734.7618324,965000.0,-8.07211029330987e-13,995200.0,ASK
797,1712693370.280852,118734.7618324,965000.0,-0.0,995200.0,ASK
798,1712693374.0912008,118734.88785436,965300.0,9.80901119135105e-13,995200.0,BID
799,1712693400.21117,118734.88785436,965300.0,0.0,995200.0,BID
800,1712693403.11209,118734.9085733,965300.0,1.613601041080345e-13,995200.0,BID
801,1712693403.9811134,118734.91893277,965300.0,8.068005211068274e-14,995200.0,BID
802,1712693404.720689,118734.92417982,965300.0,4.086427845709878e-14,995200.0,BID
803,1712693407.8710692,118734.93453929,965300.0,8.068005211068274e-14,995200.0,BID
804,1712693409.3309348,118734.95588394,965300.0,1.662331637945396e-13,995200.0,BID
805,1712693412.7709174,118735.13907788,965300.0,1.4267232414923394e-12,995200.0,BID
806,1712693414.0309486,118735.15065201,965100.0,-9.013988271317296e-14,995200.0,ASK
807,1712693415.2608604,118735.28603233,965300.0,1.0543484625632756e-12,995200.0,BID
808,1712693415.3406818,118735.42141265,965300.0,1.0543484625632756e-12,995200.0,BID
809,1712693417.830731,118736.16469517,965300.0,5.788720119622351e-12,995200.0,BID
810,1712693417.8708634,118737.49390913,965300.0,1.0351982438184026e-11,995200.0,BID
811,1712693417.93057,118740.51349436,965300.0,2.3516675427706573e-11,995200.0,BID
812,1712693418.051149,118740.80391209,965300.0,2.2617872902560283e-12,995200.0,BID
813,1712693418.058695,118741.22256065,965300.0,3.2604551796835084e-12,995200.0,BID
814,1712693418.1306849,118742.02026023,965300.0,6.212522807864716e-12,995200.0,BID
815,1712693420.5005777,118743.34975951,965300.0,1.0354204524095486e-11,995200.0,BID
816,1712693420.600747,118743.44291951,965400.0,7.255345737005478e-13,995200.0,BID
817,1712693430.1907182,118743.44291951,965400.0,0.0,995200.0,BID
818,1712693439.9444735,118743.54631074,967200.0,8.051641021742718e-13,995200.0,BID
819,1712693460.280444,118743.54631074,967200.0,0.0,995200.0,BID
820,1712693490.28308,118743.54631074,967200.0,0.0,995200.0,BID
821,1712693494.9705734,118743.5566831,965900.0,-8.077518205411633e-14,995200.0,ASK
822,1712693498.8500354,118743.57737846,966400.0,-1.611659709977787e-13,995200.0,ASK
823,1712693518.5101326,118743.76161675,965600.0,-1.4347632949068296e-12,995200.0,ASK
824,1712693518.517597,118743.89219728,965700.0,-1.0169012722146038e-12,995200.0,ASK
825,1712693520.1817448,118743.89219728,965700.0,-0.0,995200.0,ASK
826,1712693531.480647,118745.12942211,965600.0,9.634914415753828e-12,995200.0,BID
827,1712693531.4917517,118745.13342072,965600.0,3.1139259588083083e-14,995200.0,BID
828,1712693531.5998456,118745.14377804,965500.0,-8.065784761759916e-14,995200.0,ASK
829,1712693549.8003345,118746.59187206,965500.0,-1.1277062673190984e-11,995200.0,ASK
830,1712693550.1911788,118746.59187206,965500.0,-0.0,995200.0,ASK
831,1712693559.0698967,118748.03996609,965500.0,-1.1276833837851106e-11,995200.0,ASK
832,1712693572.499648,118749.24675272,966900.0,9.397685524836367e-12,995200.0,BID
833,1712693580.272689,118749.24675272,966900.0,0.0,995200.0,BID
834,1712693607.219661,118751.47592034,965500.0,-1.7358990660174398e-11,995200.0,ASK
835,1712693607.2268836,118752.12488151,965500.0,-5.0535952468063016e-12,995200.0,ASK
836,1712693610.2892678,118752.12488151,965500.0,-0.0,995200.0,ASK
837,1712693629.1291242,118752.31469314,965500.0,-1.4780705515449776e-12,995200.0,ASK
838,1712693629.789307,118754.31730823,965500.0,-1.559444166104451e-11,995200.0,ASK
839,1712693640.2089708,118754.31730823,965500.0,-0.0,995200.0,ASK
840,1712693643.1209602,118759.89571389,965500.0,-4.343854600343946e-11,995200.0,ASK
1041,1712693643.1267445,118762.66152613,965500.0,-2.1537132569224797e-11,995200.0,ASK
841,1712693643.1267445,118762.66152613,965500.0,-2.15371325692248e-11,995200.0,ASK
842,1712693670.184085,118762.66152613,965500.0,-0.0,995200.0,ASK
843,1712693676.919053,118763.97034206,965500.0,-1.0190993278889062e-11,995200.0,ASK
844,1712693689.759039,118764.85017678,965500.0,-6.8507645060155655e-12,995200.0,ASK
845,1712693694.2190838,118765.79309925,965500.0,-7.341992356646712e-12,995200.0,ASK
846,1712693700.2022848,118765.79309925,965500.0,-0.0,995200.0,ASK
847,1712693726.0089676,118766.04176965,965500.0,-1.937279098625411e-12,995200.0,ASK
848,1712693726.0178473,118767.86563811,965500.0,-1.4208937800259671e-11,995200.0,ASK
849,1712693730.187238,118767.86563811,965500.0,-0.0,995200.0,ASK
850,1712693734.23898,118767.93694901,965500.0,-5.555424469309468e-13,995200.0,ASK
851,1712693734.5992055,118768.79038588,965500.0,-6.64863866554298e-12,995200.0,ASK
852,1712693747.7490566,118769.20469689,965500.0,-3.2276601790815108e-12,995200.0,ASK
853,1712693747.757487,118769.45026192,965500.0,-1.913056736641546e-12,995200.0,ASK
854,1712693760.2781775,118769.45026192,965500.0,-0.0,995200.0,ASK
855,1712693763.7390168,118769.46447017,965500.0,-1.1068703226674017e-13,995200.0,ASK
856,1712693765.8089917,118770.20469689,965500.0,-5.766614387327114e-12,995200.0,ASK
857,1712693765.8175948,118770.44375552,965500.0,-1.862346897175481e-12,995200.0,ASK
858,1712693765.822062,118770.46447017,965500.0,-1.613740702831565e-13,995200.0,ASK
859,1712693786.4828937,118770.78602371,965500.0,-2.505009911072211e-12,995200.0,ASK
860,1712693786.4867687,118770.9593772,965500.0,-1.350481822004427e-12,995200.0,ASK
861,1712693790.278607,118770.9593772,965500.0,-0.0,995200.0,ASK
862,1712693801.89861,118772.71871441,966300.0,1.3705671296222627e-11,995200.0,BID
863,1712693801.9055283,118772.9593772,967100.0,1.874822560497062e-12,995200.0,BID
864,1712693801.9110205,118775.9593772,966900.0,2.3370740785079533e-11,995200.0,BID
865,1712693820.1883707,118775.9593772,966900.0,0.0,995200.0,BID
866,1712693850.2036943,118775.9593772,966900.0,0.0,995200.0,BID
867,1712693869.978178,118775.9653772,967400.0,4.6739721694192685e-14,995200.0,BID
868,1712693872.187923,118776.05241038,967400.0,6.779844342358565e-13,995200.0,BID
869,1712693873.318099,118777.46009001,967400.0,1.0965759007985988e-11,995200.0,BID
870,1712693873.32344,118778.36454628,967500.0,7.045672380749179e-12,995200.0,BID
871,1712693880.278761,118778.36454628,967500.0,0.0,995200.0,BID
872,1712693886.868132,118778.36992151,967400.0,-4.187203334665012e-14,995200.0,ASK
873,1712693887.957549,118779.62217496,967400.0,9.754819460228604e-12,995200.0,BID
874,1712693895.298118,118779.70318027,967800.0,6.310161687894284e-13,995200.0,BID
875,1712693895.309569,118780.13876562,967900.0,3.393128163337314e-12,995200.0,BID
876,1712693898.67775,118780.21977093,968000.0,6.310161687894284e-13,995200.0,BID
877,1712693898.777635,118780.30077624,968200.0,6.310161687894284e-13,995200.0,BID
878,1712693899.0176206,118781.80434089,968300.0,1.171248656389226e-11,995200.0,BID
879,1712693899.117732,118781.86812756,968300.0,4.968861932914673e-13,995200.0,BID
880,1712693899.2380226,118782.15138333,968300.0,2.2065093112470597e-12,995200.0,BID
1080,1712693899.2380226,118782.15138333,968300.0,2.20650931124706e-12,995200.0,BID
881,1712693910.2776408,118782.15138333,968300.0,0.0,995200.0,BID
882,1712693921.0275524,118782.16138333,969500.0,7.789589997935703e-14,995200.0,BID
883,1712693921.0877438,118785.15138333,969500.0,2.329087407206389e-11,995200.0,BID
884,1712693921.094962,118785.69902451,969500.0,4.265900254248416e-12,995200.0,BID
885,1712693935.717664,118786.12515416,969300.0,-3.3193752564070256e-12,995200.0,ASK
886,1712693940.1906445,118786.12515416,969300.0,-0.0,995200.0,ASK
887,1712693944.0075607,118786.22833203,969200.0,8.036891852601058e-13,995200.0,BID
888,1712693954.5075345,118786.33144607,969800.0,8.031919906741311e-13,995200.0,BID
889,1712693955.5474951,118786.33660177,969800.0,4.015958393107196e-14,995200.0,BID
890,1712693960.7880273,118787.33660177,970000.0,7.789356237683639e-12,995200.0,BID
891,1712693960.7967305,118790.33660177,969900.0,2.336806871305092e-11,995200.0,BID
892,1712693960.8011308,118794.45699842,969800.0,3.2095237347434644e-11,995200.0,BID
893,1712693960.8050427,118795.90837911,970500.0,1.1305321230844484e-11,995200.0,BID
894,1712693960.8089912,118801.11410957,970000.0,4.054928903031698e-11,995200.0,BID
895,1712693960.8129525,118804.11410957,970200.0,2.336806871305092e-11,995200.0,BID
896,1712693960.816898,118804.31003843,970000.0,1.5261596878194032e-12,995200.0,BID
897,1712693960.820887,118808.16097385,970500.0,2.9996307834633976e-11,995200.0,BID
898,1712693960.824857,118835.70097385,970400.0,2.1451887078587086e-10,995200.0,BID
899,1712693964.8072386,118837.09763673,970300.0,1.0879104716247122e-11,995200.0,BID
900,1712693970.1874802,118837.09763673,970300.0,0.0,995200.0,BID
901,1712693984.837366,118837.10794494,970100.0,-8.026339945003991e-14,995200.0,ASK
902,1712693989.8674164,118837.69770517,969900.0,4.592083488686692e-12,995200.0,BID
903,1712693992.827036,118838.57362511,969900.0,6.820225049684511e-12,995200.0,BID
904,1712694000.2086506,118838.57362511,969900.0,0.0,995200.0,BID
905,1712694001.7973025,118838.68855085,969600.0,8.955267720768787e-13,995200.0,BID
906,1712694007.500102,118838.69886331,969700.0,8.035696803454028e-14,995200.0,BID
907,1712694008.0171092,118838.71798731,969700.0,1.490184356311299e-13,995200.0,BID
908,1712694017.3512998,118839.19234219,968500.0,-3.696278088131902e-12,995200.0,ASK
909,1712694019.057552,118840.01517883,969500.0,-6.411724999059746e-12,995200.0,ASK
910,1712694019.6970084,118840.48827582,968500.0,-3.68647633113043e-12,995200.0,ASK
911,1712694030.181577,118840.48827582,968500.0,-0.0,995200.0,ASK
912,1712694032.3742983,118840.55197672,968600.0,4.963643188826708e-13,995200.0,BID
913,1712694046.2270308,118843.52254026,969700.0,2.314695315294368e-11,995200.0,BID
914,1712694046.326824,118861.14557492,969700.0,-1.3732059664584828e-10,995200.0,ASK
915,1712694046.346737,118861.14557493,969700.0,-7.789899944454751e-20,995200.0,ASK
916,1712694052.3568876,118861.86774556,969300.0,5.627231842052178e-12,995200.0,BID
917,1712694053.7371438,118862.06299734,968500.0,-1.5214230377636193e-12,995200.0,ASK
918,1712694053.7451372,118862.10429405,968600.0,-3.217884414282181e-13,995200.0,ASK
919,1712694059.777237,118865.10429405,969200.0,2.3376325240555715e-11,995200.0,BID
920,1712694059.7831764,118872.50233035,969300.0,5.764630089675334e-11,995200.0,BID
921,1712694060.2821193,118872.50233035,969300.0,0.0,995200.0,BID
922,1712694084.8678515,118876.38935757,968500.0,-3.028081382585429e-11,995200.0,ASK
923,1712694084.8755436,118879.6029731,968500.0,-2.503478572801843e-11,995200.0,ASK
924,1712694084.881992,118882.50233035,968500.0,-2.258664324506765e-11,995200.0,ASK
925,1712694090.2765453,118882.50233035,968500.0,-0.0,995200.0,ASK
926,1712694092.1370666,118882.6206046,968400.0,-9.213134224454928e-13,995200.0,ASK
927,1712694120.1967702,118882.6206046,968400.0,-0.0,995200.0,ASK
1128,1712694127.8983357,118882.93020715,968500.0,-2.4116891923378718e-12,995200.0,ASK
928,1712694127.8983357,118882.93020715,968500.0,-2.411689192337872e-12,995200.0,ASK
929,1712694127.904878,118888.37060378,968400.0,-4.2378674706286896e-11,995200.0,ASK
930,1712694127.9107924,118890.64642093,968500.0,-1.7727772669936156e-11,995200.0,ASK
931,1712694127.914996,118891.62807005,968400.0,-7.646683056697023e-12,995200.0,ASK
932,1712694127.91846,118891.83451438,968300.0,-1.6081248667313748e-12,995200.0,ASK
933,1712694127.921971,118891.9006046,967900.0,-5.14818334998819e-13,995200.0,ASK
934,1712694134.026878,118891.91092984,968500.0,-8.042979528874762e-14,995200.0,ASK
935,1712694134.0362992,118891.91391461,967900.0,-2.3250252833811857e-14,995200.0,ASK
936,1712694139.3865888,118891.97305173,967900.0,-4.606562612881237e-13,995200.0,ASK
937,1712694150.2082791,118891.97305173,967900.0,-0.0,995200.0,ASK
938,1712694180.2763083,118891.97305173,967900.0,-0.0,995200.0,ASK
939,1712694210.2861094,118891.97305173,967900.0,-0.0,995200.0,ASK
940,1712694215.1162384,118892.47305173,967900.0,-3.894540042491353e-12,995200.0,ASK
941,1712694218.5668926,118892.50165468,967900.0,-2.227906682047447e-13,995200.0,ASK
942,1712694218.576162,118892.83731273,967900.0,-2.614467432593499e-12,995200.0,ASK
943,1712694220.8175488,118893.50165468,967900.0,-5.174612652389207e-12,995200.0,ASK
944,1712694220.823272,118894.53513959,967600.0,-8.049896730639249e-12,995200.0,ASK
945,1712694220.8274086,118895.7258084,967900.0,-9.274214715772466e-12,995200.0,ASK
946,1712694220.8318014,118896.11668271,967900.0,-3.044551303667908e-12,995200.0,ASK
1146,1712694220.8318014,118896.11668271,967900.0,-3.0445513036679078e-12,995200.0,ASK
947,1712694220.8359122,118896.30039383,967400.0,-1.4309406261836245e-12,995200.0,ASK
948,1712694220.8401475,118896.31072547,967900.0,-8.047397141174642e-14,995200.0,ASK
949,1712694220.844287,118898.51024712,967400.0,-1.7132250280446252e-11,995200.0,ASK
950,1712694220.8484356,118901.51024712,967900.0,-2.336724025494812e-11,995200.0,ASK
1150,1712694220.8484356,118901.51024712,967900.0,-2.3367240254948118e-11,995200.0,ASK
951,1712694220.8525972,118902.83731273,967400.0,-1.0336620314368491e-11,995200.0,ASK
952,1712694239.156458,118902.94059717,968200.0,8.04490774718572e-13,995200.0,BID
953,1712694240.1778738,118902.94059717,968200.0,0.0,995200.0,BID
954,1712694245.7065048,118903.2628979,967400.0,-2.510218681989953e-12,995200.0,ASK
955,1712694245.7140758,118903.93825641,967400.0,-5.2599866864893095e-12,995200.0,ASK
956,1712694247.7361338,118903.96924174,968200.0,2.4132726671473375e-13,995200.0,BID
957,1712694256.5060096,118904.02088396,968200.0,4.022121371830978e-13,995200.0,BID
958,1712694270.1834304,118904.02088396,968200.0,0.0,995200.0,BID
959,1712694280.835843,118907.02088396,968200.0,-2.3365118494213573e-11,995200.0,ASK
960,1712694280.8558755,118909.18510622,968200.0,-1.6855769850949855e-11,995200.0,ASK
961,1712694291.0373306,118909.21467478,967900.0,-2.302909693635589e-13,995200.0,ASK
962,1712694296.2557616,118909.34285978,967900.0,-9.98352571347783e-13,995200.0,ASK
963,1712694300.2759814,118909.34285978,967900.0,-0.0,995200.0,ASK
964,1712694304.0859463,118909.72597521,967900.0,-2.9861953258996482e-12,995200.0,ASK
965,1712694304.091629,118909.73231935,967900.0,-4.94494340990546e-14,995200.0,ASK
966,1712694318.1056128,118915.25269383,967800.0,4.302858923955224e-11,995200.0,BID
967,1712694318.451384,118915.25890308,967900.0,4.839803327693041e-14,995200.0,BID
968,1712694320.9556646,118915.3312246,967900.0,-5.637104853016797e-13,995200.0,ASK
969,1712694325.5567837,118915.42633012,967900.0,-7.413004985908368e-13,995200.0,ASK
970,1712694330.2658055,118915.42633012,967900.0,-0.0,995200.0,ASK
971,1712694335.055782,118919.30354636,967900.0,-3.021959648799329e-11,995200.0,ASK
972,1712694335.0627437,118919.32420965,967900.0,-1.610527366817892e-13,995200.0,ASK
973,1712694335.1355977,118919.83180965,967900.0,3.9563094312292595e-12,995200.0,BID
1173,1712694335.1355977,118919.83180965,967900.0,3.95630943122926e-12,995200.0,BID
974,1712694335.1436446,118919.83188709,967900.0,6.035787752679663e-16,995200.0,BID
975,1712694343.326132,118919.88016236,967900.0,-3.762645902582684e-13,995200.0,ASK
976,1712694348.5456626,118919.90973093,967900.0,-2.3046180525269386e-13,995200.0,ASK
977,1712694349.2160437,118920.03771663,968500.0,9.975394641313976e-13,995200.0,BID
978,1712694360.1895158,118920.03771663,968500.0,0.0,995200.0,BID
979,1712694368.8754306,118920.06171663,968500.0,1.8705304028403055e-13,995200.0,BID
980,1712694378.9956098,118920.29159521,968500.0,1.7916453031369476e-12,995200.0,BID
981,1712694378.9998655,118920.30449591,969300.0,1.0054646478596073e-13,995200.0,BID
982,1712694379.006026,118920.34925063,968500.0,3.4881276840496773e-13,995200.0,BID
983,1712694386.785568,118920.36240026,968500.0,-1.0248659458155777e-13,995200.0,ASK
984,1712694390.18522,118920.36240026,968500.0,-0.0,995200.0,ASK
985,1712694415.0261145,118920.42466023,968500.0,-4.85245338794588e-13,995200.0,ASK
986,1712694415.0346806,118921.39492479,968500.0,-7.562103790600928e-12,995200.0,ASK
987,1712694420.2950623,118921.39492479,968500.0,-0.0,995200.0,ASK
988,1712694421.9793584,118921.60691209,968500.0,-1.6521859470116888e-12,995200.0,ASK
989,1712694424.9653516,118921.80163815,968500.0,-1.517655349354977e-12,995200.0,ASK
990,1712694425.0452983,118921.94703022,968500.0,-1.1331562544383057e-12,995200.0,ASK
991,1712694425.9251778,118922.15224826,968500.0,-1.599427709771529e-12,995200.0,ASK
992,1712694429.1352031,118922.36543492,968600.0,-1.6615335151089461e-12,995200.0,ASK
993,1712694435.4653783,118922.64759709,968500.0,-2.1991146265072343e-12,995200.0,ASK
994,1712694438.2195888,118922.88259709,968500.0,-1.831542255314879e-12,995200.0,ASK
995,1712694441.2851818,118922.89245931,968500.0,-7.686413888668324e-14,995200.0,ASK
996,1712694450.294916,118922.89245931,968500.0,-0.0,995200.0,ASK
997,1712694451.157128,118923.40872157,968500.0,-4.023597683312094e-12,995200.0,ASK
998,1712694451.1674693,118926.31784221,968500.0,-2.2672838931733865e-11,995200.0,ASK
999,1712694475.4549656,118926.33263555,968500.0,1.1529498312218948e-13,995200.0,BID
1000,1712694475.575199,118926.34742889,969000.0,1.1529498312218948e-13,995200.0,BID
1201,1712694475.5950468,118926.63631556,969200.0,2.251498562222311e-12,995200.0,BID
1202,1712694475.596175,118926.6409477,969300.0,3.6101549965172716e-14,995200.0,BID
1203,1712694475.894995,118927.6798008,969600.0,8.096518475816165e-12,995200.0,BID
1204,1712694475.9550936,118928.06274825,969700.0,2.9845808845616896e-12,995200.0,BID
1205,1712694476.1376035,118928.06790342,969900.0,4.0177893452170684e-14,995200.0,BID
1206,1712694480.1758366,118928.06790342,969900.0,0.0,995200.0,BID
1207,1712694486.8878186,118928.58422754,967900.0,-4.023922549153545e-12,995200.0,ASK
1208,1712694486.8893943,118931.58422754,967700.0,-2.338021250550191e-11,995200.0,ASK
1209,1712694486.8908584,118934.58422754,968000.0,-2.338021250550191e-11,995200.0,ASK
1210,1712694486.8923612,118935.93636299,967700.0,-1.0537738052385269e-11,995200.0,ASK
1211,1712694492.1953168,118935.95389991,968100.0,-1.3667230543507458e-13,995200.0,ASK
1212,1712694492.1981409,118936.87048051,968000.0,-7.143283068764975e-12,995200.0,ASK
1213,1712694495.9653225,118937.78706111,968000.0,-7.143283068764975e-12,995200.0,ASK
1214,1712694495.9686842,118939.87048051,968000.0,-1.6236929436736928e-11,995200.0,ASK
1215,1712694509.655136,118946.03538051,970400.0,4.804555735841606e-11,995200.0,BID
1216,1712694509.664998,118949.87048051,970400.0,2.9888484326590296e-11,995200.0,BID
1217,1712694510.1670957,118949.87048051,970400.0,0.0,995200.0,BID
1218,1712694519.235094,118950.87048051,970000.0,7.792121153275391e-12,995200.0,BID
1219,1712694520.104776,118950.89019705,968400.0,-1.536336684210424e-13,995200.0,ASK
1220,1712694520.1073968,118951.75644754,968300.0,-6.749928767152426e-12,995200.0,ASK
1221,1712694540.2032528,118951.75644754,968300.0,-0.0,995200.0,ASK
1222,1712694544.0550606,118952.25573473,969800.0,3.8904508627314195e-12,995200.0,BID
1223,1712694544.0652037,118953.75644754,969800.0,1.1693569479177847e-11,995200.0,BID
1224,1712694570.2083054,118953.75644754,969800.0,0.0,995200.0,BID
1225,1712694575.324612,118953.77224132,969800.0,1.2306343446086464e-13,995200.0,BID
1226,1712694600.3743408,118953.77224132,969800.0,0.0,995200.0,BID
1227,1712694624.694807,118953.77616408,969800.0,3.0598690545988997e-14,995200.0,BID
1228,1712694624.7041292,118953.7840751,969800.0,6.170830042024164e-14,995200.0,BID
1229,1712694630.2747464,118953.7840751,969800.0,0.0,995200.0,BID
1230,1712694639.7688909,118953.83564275,969600.0,4.022429158261042e-13,995200.0,BID
1231,1712694640.4445407,118953.85626981,969600.0,1.6089716637584541e-13,995200.0,BID
1232,1712694641.8644342,118953.89752393,969600.0,3.2179433275169093e-13,995200.0,BID
1233,1712694646.144915,118953.92168069,969800.0,1.884298698078456e-13,995200.0,BID
1234,1712694646.1479611,118955.34448749,969600.0,1.1098313690350007e-11,995200.0,BID
1235,1712694646.1507833,118955.54267705,969800.0,1.545937162418507e-12,995200.0,BID
1236,1712694652.2144144,118955.72474838,969800.0,1.420210203037086e-12,995200.0,BID
1237,1712694652.2179923,118956.60474838,969800.0,6.864260170461662e-12,995200.0,BID
1238,1712694660.1790402,118956.60474838,969800.0,0.0,995200.0,BID
1239,1712694664.3455546,118956.73374838,969800.0,1.0062166706520649e-12,995200.0,BID
1240,1712694664.3492055,118956.74843373,969800.0,1.1454762783368944e-13,995200.0,BID
1241,1712694671.3544545,118956.83493848,969700.0,6.747482290484079e-13,995200.0,BID
1242,1712694680.634048,118956.88650081,969700.0,4.021928374481703e-13,995200.0,BID
1243,1712694689.244273,118956.93806316,969700.0,4.021929935200469e-13,995200.0,BID
1244,1712694689.524297,118957.37230221,969800.0,-3.387120706974412e-12,995200.0,ASK
1245,1712694689.7940073,118957.58707116,969600.0,-1.6752255647240332e-12,995200.0,ASK
1246,1712694690.2342396,118957.58707116,969600.0,-0.0,995200.0,ASK
1247,1712694690.3345878,118957.59227895,969700.0,4.0621133204849727e-14,995200.0,BID
1248,1712694700.739455,118959.18784955,969700.0,1.2445564401605544e-11,995200.0,BID
1249,1712694700.7422297,118959.4106154,969700.0,1.7375895073057109e-12,995200.0,BID
1250,1712694710.7343245,118959.42505076,970300.0,1.125968367773356e-13,995200.0,BID
1251,1712694710.7442362,118959.42518821,970300.0,1.0721199012452784e-15,995200.0,BID
1252,1712694720.2768142,118959.42518821,970300.0,0.0,995200.0,BID
1253,1712694724.4347131,118961.46624156,969800.0,-1.5920140263553028e-11,995200.0,ASK
1254,1712694724.454562,118961.75782061,969800.0,-2.2743057519199324e-12,995200.0,ASK
1255,1712694724.51471,118962.00094698,969700.0,-1.8963766489235267e-12,995200.0,ASK
1256,1712694744.1150389,118962.00632221,970300.0,4.192659420878183e-14,995200.0,BID
1257,1712694744.1181493,118963.00632221,970300.0,7.799962829772445e-12,995200.0,BID
1258,1712694745.2677522,118963.01480993,970600.0,6.620390050024491e-14,995200.0,BID
1259,1712694747.8146744,118963.11110327,969900.0,-7.51084472758984e-13,995200.0,ASK
1260,1712694750.2747197,118963.11110327,969900.0,-0.0,995200.0,ASK
1261,1712694754.564968,118963.37048376,970700.0,2.023101765304549e-12,995200.0,BID
1262,1712694780.2084832,118963.37048376,970700.0,0.0,995200.0,BID
1263,1712694793.845829,118963.57652065,970700.0,1.607032114460929e-12,995200.0,BID
1264,1712694795.475329,118963.83401369,970900.0,2.0083761919254346e-12,995200.0,BID
1265,1712694800.135385,118971.83401369,971000.0,6.239784009450853e-11,995200.0,BID
1266,1712694800.138488,118971.85401369,971000.0,1.5599460026805168e-13,995200.0,BID
1267,1712694810.1701152,118971.85401369,971000.0,0.0,995200.0,BID
1268,1712694815.255782,118971.87687914,970700.0,-1.783328788489009e-13,995200.0,ASK
1269,1712694825.9555235,118973.46584201,970700.0,1.2392685159049751e-11,995200.0,BID
1270,1712694840.2858026,118973.46584201,970700.0,0.0,995200.0,BID
1271,1712694840.5962763,118973.47621115,970700.0,-8.087030966668146e-14,995200.0,ASK
1272,1712694844.13562,118973.48317443,971500.0,5.4307552018524344e-14,995200.0,BID
1273,1712694844.5765977,118974.98259907,970800.0,-1.1694213305945048e-11,995200.0,ASK
1274,1712694844.5801878,118976.36415309,970800.0,-1.0774924576108612e-11,995200.0,ASK
1275,1712694844.5830264,118977.38396835,970700.0,-7.95367560651943e-12,995200.0,ASK
1276,1712694844.5858254,118977.85204154,970600.0,-3.650565410646739e-12,995200.0,ASK
1277,1712694844.5887165,118977.86234338,970700.0,-8.03454279412552e-14,995200.0,ASK
1278,1712694844.6156554,118983.87194304,970600.0,4.6869671494310965e-11,995200.0,BID
1279,1712694854.519589,118983.89119318,971900.0,1.5013441645651653e-13,995200.0,BID
1280,1712694854.523301,118983.92338534,972000.0,2.510709613150776e-13,995200.0,BID
1281,1712694867.475942,118984.11889502,972000.0,1.5248061425696529e-12,995200.0,BID
1282,1712694867.4793203,118987.48537633,972000.0,2.6255637982321545e-11,995200.0,BID
1283,1712694867.9672098,118987.73484026,972000.0,-1.9456025542820648e-12,995200.0,ASK
1284,1712694868.0459747,118988.08479171,972000.0,-2.7293181623443564e-12,995200.0,ASK
1285,1712694870.272864,118988.08479171,972000.0,-0.0,995200.0,ASK
1286,1712694877.186126,118988.09200936,972200.0,5.6285186052470864e-14,995200.0,BID
1287,1712694891.2261014,118990.09200936,972000.0,-1.5596540725134367e-11,995200.0,ASK
1288,1712694900.1896703,118990.09200936,972000.0,-0.0,995200.0,ASK
1289,1712694902.5163262,118990.10163443,972000.0,-7.512067036237458e-14,995200.0,ASK
1290,1712694915.1666224,118990.10881416,972100.0,5.603555412060215e-14,995200.0,BID
1291,1712694917.0562785,118990.11829616,972200.0,7.400405356743865e-14,995200.0,BID
1292,1712694927.056221,118990.55486939,972200.0,3.4073179413505186e-12,995200.0,BID
1293,1712694929.976498,118991.54399877,972200.0,7.719846410875839e-12,995200.0,BID
1294,1712694930.1783936,118991.54399877,972200.0,0.0,995200.0,BID
1295,1712694936.4368577,118992.05599877,972200.0,-3.9959563393985594e-12,995200.0,ASK
1296,1712694939.747453,118992.06321904,972400.0,5.635133538996816e-14,995200.0,BID
1297,1712694939.8869236,118995.14836918,972200.0,-2.4078369648094008e-11,995200.0,ASK
1298,1712694939.9462583,118998.23351932,972200.0,-2.4078369648207587e-11,995200.0,ASK
1299,1712694941.336454,119000.56208966,972200.0,-1.8173565257475443e-11,995200.0,ASK
1300,1712694941.340495,119000.67724352,972200.0,-8.98730071976159e-13,995200.0,ASK
1301,1712694941.416458,119003.76239366,972200.0,-2.4078369648207587e-11,995200.0,ASK
1302,1712694941.437745,119005.68105972,972200.0,-1.4974425401543903e-11,995200.0,ASK
1303,1712694942.6464913,119006.72793134,972000.0,-8.170416575202751e-12,995200.0,ASK
1304,1712694942.6506093,119008.25815497,972000.0,-1.1942786747906752e-11,995200.0,ASK
1305,1712694942.726374,119010.02143067,972000.0,-1.3761665452205577e-11,995200.0,ASK
1306,1712694950.6404033,119010.0420068,972000.0,-1.6058850989034894e-13,995200.0,ASK
1307,1712694960.2762992,119010.0420068,972000.0,-0.0,995200.0,ASK
1308,1712694960.5402555,119011.56862106,972000.0,-1.1912945077068023e-11,995200.0,ASK
1309,1712694977.7466428,119012.51820953,971900.0,7.410120280763385e-12,995200.0,BID
1310,1712694985.5567024,119012.52768653,971900.0,7.395383591568837e-14,995200.0,BID
1311,1712694990.2766953,119012.52768653,971900.0,0.0,995200.0,BID
1312,1712694991.307179,119013.01278136,970700.0,-3.785369539502703e-12,995200.0,ASK
1313,1712694991.3096776,119013.02307472,970500.0,-8.032279255587906e-14,995200.0,ASK
1314,1712694991.312078,119014.59268188,970000.0,-1.224820955621845e-11,995200.0,ASK
1315,1712694996.3867257,119014.6146224,971900.0,1.712097736627523e-13,995200.0,BID
1316,1712694999.6572256,119015.87535566,971900.0,9.83795535367852e-12,995200.0,BID
1317,1712694999.661692,119021.32825849,971800.0,4.255096323026222e-11,995200.0,BID
1318,1712694999.6659052,119033.13577955,971900.0,9.213833624541239e-11,995200.0,BID
1319,1712695008.346612,119033.34460095,971900.0,1.629508537113412e-12,995200.0,BID
1320,1712695009.9169767,119033.34974551,971900.0,4.0144853131202686e-14,995200.0,BID
1321,1712695020.1621828,119033.34974551,971900.0,0.0,995200.0,BID
1322,1712695023.3470182,119034.04023402,971800.0,5.387279777931463e-12,995200.0,BID
1323,1712695023.3506556,119035.58048992,971900.0,1.2017273774793794e-11,995200.0,BID
1324,1712695027.4674685,119035.70883021,971500.0,-1.0013273776578537e-12,995200.0,ASK
1325,1712695032.6740851,119036.22298383,971500.0,-4.011492384972042e-12,995200.0,ASK
1326,1712695040.1271408,119036.32607661,970000.0,-8.043430714881355e-13,995200.0,ASK
1327,1712695040.1367648,119036.84122188,970600.0,-4.019229365249356e-12,995200.0,ASK
1328,1712695040.1392486,119037.08700839,970000.0,-1.917657826088396e-12,995200.0,ASK
1329,1712695050.1970232,119037.08700839,970000.0,-0.0,995200.0,ASK
1330,1712695080.2868948,119037.08700839,970000.0,-0.0,995200.0,ASK
1331,1712695086.58797,119037.0973166,970100.0,-8.042369644940487e-14,995200.0,ASK
1332,1712695086.591657,119037.85153009,970000.0,-5.8843035518802505e-12,995200.0,ASK
1333,1712695086.5951462,119037.87084548,970200.0,-1.5069687762317664e-13,995200.0,ASK
1334,1712695086.59768,119037.96408545,970000.0,-7.27449580124251e-13,995200.0,ASK
1335,1712695086.599264,119037.99960656,969700.0,-2.7713239883275145e-13,995200.0,ASK
1336,1712695098.8572247,119038.27707043,969900.0,-2.164747326117669e-12,995200.0,ASK
1337,1712695109.1176157,119038.29446051,969800.0,-1.3567578791488757e-13,995200.0,ASK
1338,1712695109.1219006,119038.30018927,969700.0,-4.4695253023287645e-14,995200.0,ASK
1339,1712695109.1252477,119039.01094904,969900.0,-5.545281667129295e-12,995200.0,ASK
1340,1712695109.1287298,119039.09098926,969700.0,-6.244663574228914e-13,995200.0,ASK
1341,1712695110.2771664,119039.09098926,969700.0,-0.0,995200.0,ASK
1342,1712695111.68726,119039.47276082,969900.0,2.9785010607132e-12,995200.0,BID
1343,1712695137.8373525,119039.5994971,970000.0,-9.887696831222816e-13,995200.0,ASK
1344,1712695140.198934,119039.5994971,970000.0,-0.0,995200.0,ASK
1345,1712695143.1471355,119040.39408561,970100.0,6.199187841479355e-12,995200.0,BID
1346,1712695143.7473266,119040.44564794,970000.0,-4.022768580281859e-13,995200.0,ASK
1347,1712695170.1782742,119040.44564794,970000.0,-0.0,995200.0,ASK
1348,1712695172.169812,119041.73332946,970000.0,-1.0046116199359752e-11,995200.0,ASK
1349,1712695178.768305,119041.74250583,970000.0,-7.159136627738622e-14,995200.0,ASK
1350,1712695186.0979023,119041.7516822,970000.0,-7.159136627738622e-14,995200.0,ASK
1351,1712695192.5776742,119041.8916822,970000.0,-1.0922392269051045e-12,995200.0,ASK
1352,1712695197.087582,119042.52907452,970000.0,-4.9727492488272766e-12,995200.0,ASK
1353,1712695200.2175183,119042.52907452,970000.0,-0.0,995200.0,ASK
1354,1712695208.717806,119045.26734933,970000.0,-2.137891627678317e-11,995200.0,ASK
1355,1712695208.7216413,119045.37044211,970000.0,-8.048906940831077e-13,995200.0,ASK
1356,1712695213.1877222,119045.39040189,969700.0,-1.5583478479343844e-13,995200.0,ASK
1357,1712695213.2878091,119045.70122925,969600.0,-2.426765962857897e-12,995200.0,ASK
1358,1712695230.1797936,119045.70122925,969600.0,-0.0,995200.0,ASK
1359,1712695235.74762,119045.70643597,969900.0,4.065017748127184e-14,995200.0,BID
1360,1712695243.2876022,119045.74767733,969600.0,3.219817088500009e-13,995200.0,BID
1361,1712695255.6980076,119046.64019156,969600.0,6.968083907911792e-12,995200.0,BID
1362,1712695255.702093,119047.15586812,969600.0,4.02601708591575e-12,995200.0,BID
1363,1712695260.268918,119047.15586812,969600.0,0.0,995200.0,BID
1364,1712695273.2781284,119047.20431547,969900.0,3.782365269544206e-13,995200.0,BID
1365,1712695280.8179903,119049.78260673,969900.0,-2.012914910177218e-11,995200.0,ASK
1366,1712695288.7078629,119049.88260673,969900.0,-7.807166479680045e-13,995200.0,ASK
1367,1712695290.2723272,119049.88260673,969900.0,-0.0,995200.0,ASK
1368,1712695320.185738,119049.88260673,969900.0,-0.0,995200.0,ASK
1369,1712695332.863719,119050.60360673,971800.0,5.628850811637398e-12,995200.0,BID
1370,1712695332.866891,119050.90823144,970800.0,2.378206721375639e-12,995200.0,BID
1371,1712695332.8688896,119050.91193851,971800.0,2.894111513033674e-14,995200.0,BID
1372,1712695350.192353,119050.91193851,971800.0,0.0,995200.0,BID
1373,1712695355.7579892,119051.34799531,971800.0,3.404271165650717e-12,995200.0,BID
1374,1712695368.2281692,119051.39944622,971700.0,4.016743905171593e-13,995200.0,BID
1375,1712695375.6689994,119052.84870812,971700.0,1.1314306983984784e-11,995200.0,BID
1376,1712695375.673702,119053.45769465,971700.0,4.754323942126548e-12,995200.0,BID
1377,1712695380.271299,119053.45769465,971700.0,0.0,995200.0,BID
1378,1712695399.5482037,119053.56228779,971100.0,-8.165370527424844e-13,995200.0,ASK
1379,1712695410.2779555,119053.56228779,971100.0,-0.0,995200.0,ASK
1380,1712695428.2981434,119054.59151792,971600.0,8.034980788851988e-12,995200.0,BID
1381,1712695432.1281338,119054.80935381,971200.0,-1.700598476719043e-12,995200.0,ASK
1382,1712695440.183891,119054.80935381,971200.0,-0.0,995200.0,ASK
1383,1712695446.678269,119055.44151791,971200.0,-4.935124038962503e-12,995200.0,ASK
1384,1712695448.3481133,119056.0174116,971200.0,-4.495837067199556e-12,995200.0,ASK
1385,1712695448.9980495,119056.5174116,971200.0,-3.9033567699282566e-12,995200.0,ASK
1386,1712695449.0028074,119057.36116357,971200.0,-6.5869299285512706e-12,995200.0,ASK
1387,1712695470.1882863,119057.36116357,971200.0,-0.0,995200.0,ASK
1388,1712695476.1681397,119057.96519133,971500.0,4.715380461518112e-12,995200.0,BID
1389,1712695476.171317,119057.97116799,971500.0,4.665716986421266e-14,995200.0,BID
1390,1712695478.5389245,119058.57316799,971500.0,-4.699550626355127e-12,995200.0,ASK
1391,1712695485.598073,119058.676091,971600.0,8.03474910452798e-13,995200.0,BID
1392,1712695489.0488932,119059.39685359,971500.0,-5.62667820816502e-12,995200.0,ASK
1393,1712695496.938202,119060.01464601,971200.0,-4.8228351400568125e-12,995200.0,ASK
1394,1712695496.9430878,119060.24685359,971200.0,-1.812742986799961e-12,995200.0,ASK
1395,1712695500.198116,119060.24685359,971200.0,-0.0,995200.0,ASK
1396,1712695508.4580617,119060.29830679,971300.0,-4.0200379034283833e-13,995200.0,ASK
1397,1712695511.828267,119061.14830679,971200.0,-6.641048986831109e-12,995200.0,ASK
1398,1712695516.648253,119061.25736458,971300.0,8.520683833103508e-13,995200.0,BID
1399,1712695517.5686872,119061.33291633,971700.0,5.902857326455359e-13,995200.0,BID
1400,1712695517.57247,119061.86528831,971700.0,4.159421645270717e-12,995200.0,BID
1401,1712695517.6486273,119061.88417625,971800.0,1.4757145265992156e-13,995200.0,BID
1402,1712695517.6526363,119062.00233414,971800.0,9.231674537362088e-13,995200.0,BID
1403,1712695517.6566577,119062.15869068,971800.0,1.2216134606554253e-12,995200.0,BID
1404,1712695517.748096,119063.19796316,971800.0,-8.119834647579909e-12,995200.0,ASK
1405,1712695517.7681272,119064.52959068,971800.0,1.0404004226654556e-11,995200.0,BID
1406,1712695517.888301,119064.59274709,971900.0,4.934409560862873e-13,995200.0,BID
1407,1712695517.8919263,119064.89534401,971900.0,2.364189375262852e-12,995200.0,BID
1408,1712695517.9283524,119065.0464475,972000.0,1.180571387296922e-12,995200.0,BID
1409,1712695517.9324937,119066.6304475,972000.0,1.2375790112077108e-11,995200.0,BID
1410,1712695530.188882,119066.6304475,972000.0,0.0,995200.0,BID
1411,1712695531.6383564,119066.7404475,971500.0,-8.59388217290496e-13,995200.0,ASK
1412,1712695536.1782851,119066.74989147,972300.0,7.378215042814801e-14,995200.0,BID
1413,1712695537.2588606,119066.75929459,972400.0,7.34630048520152e-14,995200.0,BID
1414,1712695537.263627,119067.46750828,972400.0,5.533004550783834e-12,995200.0,BID
1415,1712695538.1380064,119068.36366408,972500.0,7.001324867956381e-12,995200.0,BID
1416,1712695538.2180758,119068.48883212,972500.0,9.77890352478392e-13,995200.0,BID
1417,1712695538.243032,119085.22166183,972500.0,1.3072724269573763e-10,995200.0,BID
1418,1712695538.2463243,119086.29829224,972500.0,8.411304444043849e-12,995200.0,BID
1419,1712695538.3181682,119086.37825149,972900.0,6.246912483597554e-13,995200.0,BID
1420,1712695539.9282897,119086.54934322,972500.0,-1.3366746987573686e-12,995200.0,ASK
