,time,acc_trade_volume,trade_price,dev,high,ask_bid
0,1712689619.1196094,620355983.9264582,16.88,0.0,17.84,ASK
1,1712689620.212039,620355983.9264582,16.88,-0.0,17.84,ASK
2,1712689650.2321224,620355983.9264582,16.88,-0.0,17.84,ASK
3,1712689659.8221767,620356662.7652695,16.89,-5.4159217209222215e-08,17.84,ASK
4,1712689680.23221,620356662.7652695,16.89,-0.0,17.84,ASK
5,1712689710.212546,620356662.7652695,16.89,-0.0,17.84,ASK
6,1712689740.322098,620356662.7652695,16.89,-0.0,17.84,ASK
7,1712689770.3322444,620356662.7652695,16.89,-0.0,17.84,ASK
8,1712689800.223076,620356662.7652695,16.89,-0.0,17.84,ASK
9,1712689830.2220564,620356662.7652695,16.89,-0.0,17.84,ASK
10,1712689860.32213,620356662.7652695,16.89,-0.0,17.84,ASK
11,1712689878.7825696,620356983.9264582,16.89,-2.5650251600217263e-08,17.84,ASK
12,1712689878.7836192,620357077.7871938,16.89,-7.496396097713784e-09,17.84,ASK
13,1712689890.3224225,620357077.7871938,16.89,-0.0,17.84,ASK
14,1712689920.212332,620357077.7871938,16.89,-0.0,17.84,ASK
15,1712689950.2173748,620357077.7871938,16.89,-0.0,17.84,ASK
16,1712689980.3258133,620357077.7871938,16.89,-0.0,17.84,ASK
17,1712690010.3321738,620357077.7871938,16.89,-0.0,17.84,ASK
18,1712690040.2122705,620357077.7871938,16.89,-0.0,17.84,ASK
19,1712690070.2044384,620357077.7871938,16.89,-0.0,17.84,ASK
20,1712690100.2521462,620357077.7871938,16.89,-0.0,17.84,ASK
21,1712690130.2021086,620357077.7871938,16.89,-0.0,17.84,ASK
22,1712690160.3224592,620357077.7871938,16.89,-0.0,17.84,ASK
23,1712690178.46199,620358851.8853606,16.91,1.4196874792578745e-07,17.84,BID
24,1712690179.350278,620367840.6212271,16.91,7.193060678790961e-07,17.84,BID
25,1712690179.3515964,620368431.9872828,16.91,4.7322915975262495e-08,17.84,BID
26,1712690179.352889,620521022.5814213,16.91,1.221076488336841e-05,17.84,BID
27,1712690179.4822254,620523648.6177837,16.91,2.1014344152467253e-07,17.84,BID
28,1712690179.5422196,620524239.2852379,16.93,4.7267011762657066e-08,17.84,BID
29,1712690179.543749,620524830.3017864,16.92,4.729494735133102e-08,17.84,BID
30,1712690179.551825,620620088.3017864,16.93,7.622835783732002e-06,17.84,BID
31,1712690180.4323435,620620777.8619037,17.05,5.5180704368845554e-08,17.84,BID
32,1712690180.433766,620621368.1806759,16.94,4.7239109161543135e-08,17.84,BID
33,1712690180.4351768,620621958.1511773,16.95,4.7211239471673326e-08,17.84,BID
34,1712690183.1621594,620622544.6614412,17.05,4.693434070980057e-08,17.84,BID
35,1712690190.3622062,620622544.6614412,17.05,0.0,17.84,BID
36,1712690220.2121918,620622544.6614412,17.05,0.0,17.84,BID
37,1712690240.2926476,620664238.3597696,16.97,3.3352582570714813e-06,17.84,BID
38,1712690250.252071,620664238.3597696,16.97,0.0,17.84,BID
39,1712690258.5823894,620676023.8635999,16.97,9.427197844293182e-07,17.84,BID
40,1712690278.2023814,620695855.291607,16.97,1.5863114386095475e-06,17.84,BID
41,1712690279.692187,620723277.1242528,16.97,2.1934661880121545e-06,17.84,BID
42,1712690280.3122082,620723277.1242528,16.97,0.0,17.84,BID
43,1712690290.9625473,620750687.7114118,16.96,-2.1923909641486062e-06,17.84,ASK
44,1712690290.9648354,620750687.7114121,16.96,-1.9069519944051e-17,17.84,ASK
45,1712690291.0923252,620752456.5793366,16.96,1.4148000668870032e-07,17.84,BID
46,1712690293.7825716,620767638.3893094,16.97,1.214292229881426e-06,17.84,BID
47,1712690293.792689,620769328.0927159,16.96,1.35148162237654e-07,17.84,BID
48,1712690310.33211,620769328.0927159,16.96,0.0,17.84,BID
49,1712690311.8124278,620781120.5455458,16.96,-9.431411160522006e-07,17.84,ASK
50,1712690311.852009,620781120.5455459,16.96,-9.534164266919833e-18,17.84,ASK
51,1712690313.4624226,620782382.5171393,16.97,1.0093042678813938e-07,17.84,BID
52,1712690323.3023782,620784774.5219626,16.97,1.9130863877139285e-07,17.84,BID
53,1712690323.3039927,620815554.2394308,16.97,2.461711528828831e-06,17.84,BID
54,1712690340.2121994,620815554.2394308,16.97,0.0,17.84,BID
55,1712690345.0224452,620821446.991346,16.97,4.712631107740097e-07,17.84,BID
56,1712690346.882609,620822901.991346,16.96,-1.1636122410067521e-07,17.84,ASK
57,1712690346.9424284,620823196.8026667,16.97,2.357704890104812e-08,17.84,BID
58,1712690370.2246215,620823196.8026667,16.97,0.0,17.84,BID
59,1712690400.2420597,620823196.8026667,16.97,0.0,17.84,BID
60,1712690428.3322144,620823742.2405539,16.98,4.366027113187193e-08,17.84,BID
61,1712690430.2222605,620823742.2405539,16.98,0.0,17.84,BID
62,1712690443.7321773,620826645.2405539,16.98,-2.323741641514876e-07,17.84,ASK
63,1712690443.8112693,620858622.8470058,16.98,-2.5596863833434304e-06,17.84,ASK
64,1712690443.8121538,620858622.8470061,16.98,-1.9084505007547682e-17,17.84,ASK
65,1712690443.8662455,620870395.0987701,16.97,-9.42324203876714e-07,17.84,ASK
66,1712690443.902138,620870395.0987706,16.97,-3.8169010015095345e-17,17.84,ASK
67,1712690460.3223207,620870395.0987706,16.97,-0.0,17.84,ASK
68,1712690470.2424035,620899858.8583456,16.97,-2.3583129359603566e-06,17.84,ASK
69,1712690470.262059,620899858.8583463,16.97,-5.724988535530337e-17,17.84,ASK
70,1712690490.3323116,620899858.8583463,16.97,-0.0,17.84,ASK
71,1712690520.2121513,620899858.8583463,16.97,-0.0,17.84,ASK
72,1712690536.2227488,620901627.7262709,16.96,1.4157654107268768e-07,17.84,BID
73,1712690550.2323022,620901627.7262709,16.96,0.0,17.84,BID
74,1712690580.3126948,620901627.7262709,16.96,0.0,17.84,BID
75,1712690610.3223248,620901627.7262709,16.96,0.0,17.84,BID
76,1712690640.2024868,620901627.7262709,16.96,0.0,17.84,BID
77,1712690670.2123137,620901627.7262709,16.96,0.0,17.84,BID
78,1712690700.322189,620901627.7262709,16.96,0.0,17.84,BID
79,1712690730.332101,620901627.7262709,16.96,0.0,17.84,BID
80,1712690760.1923816,620901627.7262709,16.96,0.0,17.84,BID
81,1712690782.6022208,620958220.8219132,16.96,-4.532780759147664e-06,17.84,ASK
82,1712690790.2120364,620958220.8219132,16.96,-0.0,17.84,ASK
83,1712690820.331889,620958220.8219132,16.96,-0.0,17.84,ASK
84,1712690850.3417346,620958220.8219132,16.96,-0.0,17.84,ASK
85,1712690880.2315986,620958220.8219132,16.96,-0.0,17.84,ASK
86,1712690910.2117453,620958220.8219132,16.96,-0.0,17.84,ASK
87,1712690940.321983,620958220.8219132,16.96,-0.0,17.84,ASK
88,1712690942.6440456,620969461.1046098,16.96,-9.002126504543422e-07,17.84,ASK
89,1712690968.1719449,620977891.3166323,16.96,-6.751594878383698e-07,17.84,ASK
90,1712690970.3221967,620977891.3166323,16.96,-0.0,17.84,ASK
91,1712691000.2316372,620977891.3166323,16.96,-0.0,17.84,ASK
92,1712691030.201543,620977891.3166323,16.96,-0.0,17.84,ASK
93,1712691060.3116264,620977891.3166323,16.96,-0.0,17.84,ASK
94,1712691090.341768,620977891.3166323,16.96,-0.0,17.84,ASK
95,1712691120.2316384,620977891.3166323,16.96,-0.0,17.84,ASK
96,1712691150.2116103,620977891.3166323,16.96,-0.0,17.84,ASK
97,1712691180.302693,620977891.3166323,16.96,-0.0,17.84,ASK
98,1712691186.3016615,620978185.8396004,16.98,-2.3691870706978127e-08,17.84,ASK
99,1712691210.3217404,620978185.8396004,16.98,-0.0,17.84,ASK
100,1712691240.211567,620978185.8396004,16.98,-0.0,17.84,ASK
101,1712691251.3516374,620982181.048327,16.98,-3.213804719721681e-07,17.84,ASK
102,1712691270.2187548,620982181.048327,16.98,-0.0,17.84,ASK
103,1712691300.3219335,620982181.048327,16.98,-0.0,17.84,ASK
104,1712691330.3216069,620982181.048327,16.98,-0.0,17.84,ASK
105,1712691360.2315884,620982181.048327,16.98,-0.0,17.84,ASK
106,1712691390.231515,620982181.048327,16.98,-0.0,17.84,ASK
107,1712691420.311471,620982181.048327,16.98,-0.0,17.84,ASK
108,1712691450.3215811,620982181.048327,16.98,-0.0,17.84,ASK
109,1712691480.2015831,620982181.048327,16.98,-0.0,17.84,ASK
110,1712691491.6515834,621020213.425227,17.0,3.0595787300554786e-06,17.84,BID
111,1712691491.653793,621040911.0950683,17.0,1.6650589726352912e-06,17.84,BID
112,1712691510.2114992,621040911.0950683,17.0,0.0,17.84,BID
113,1712691510.961444,621043852.2715389,17.0,2.3658890114004325e-07,17.84,BID
114,1712691525.4016974,621063590.226091,17.0,1.58772553264315e-06,17.84,BID
115,1712691540.3113673,621063590.226091,17.0,0.0,17.84,BID
116,1712691570.3114586,621063590.226091,17.0,0.0,17.84,BID
117,1712691600.2221036,621063590.226091,17.0,0.0,17.84,BID
118,1712691630.2116446,621063590.226091,17.0,0.0,17.84,BID
119,1712691631.3214262,621077005.2319734,17.0,1.0830439788199685e-06,17.84,BID
120,1712691641.7917342,621079455.1313881,17.0,1.9778961209738141e-07,17.84,BID
121,1712691660.3119018,621079455.1313881,17.0,0.0,17.84,BID
122,1712691690.3316488,621079455.1313881,17.0,0.0,17.84,BID
123,1712691720.221295,621079455.1313881,17.0,0.0,17.84,BID
124,1712691750.2032485,621079455.1313881,17.0,0.0,17.84,BID
125,1712691780.3216631,621079455.1313881,17.0,0.0,17.84,BID
126,1712691810.3615992,621079455.1313881,17.0,0.0,17.84,BID
127,1712691840.201357,621079455.1313881,17.0,0.0,17.84,BID
128,1712691843.9418137,621080042.6754539,17.02,4.743361374436784e-08,17.84,BID
129,1712691870.212988,621080042.6754539,17.02,0.0,17.84,BID
130,1712691890.4817836,621080630.2195197,17.02,4.74335754502887e-08,17.84,BID
131,1712691892.5913844,621130928.6754539,17.02,4.06069219881133e-06,17.84,BID
132,1712691900.2517805,621130928.6754539,17.02,0.0,17.84,BID
133,1712691907.9418004,621145046.3225127,17.0,-1.139966012076213e-06,17.84,ASK
134,1712691907.9444506,621150928.6754539,17.0,-4.749858383626823e-07,17.84,ASK
135,1712691920.7416835,621150959.8108538,17.05,2.514108587171507e-09,17.84,BID
136,1712691920.744381,621167618.8342834,17.05,1.3451760356998445e-06,17.84,BID
137,1712691920.7468233,621170928.6754539,17.06,2.67261706151879e-07,17.84,BID
138,1712691930.2119348,621170928.6754539,17.06,0.0,17.84,BID
139,1712691960.3150318,621170928.6754539,17.06,0.0,17.84,BID
140,1712691990.3213396,621170928.6754539,17.06,0.0,17.84,BID
141,1712692020.2015014,621170928.6754539,17.06,0.0,17.84,BID
142,1712692050.201352,621170928.6754539,17.06,0.0,17.84,BID
143,1712692080.3111885,621170928.6754539,17.06,0.0,17.84,BID
144,1712692103.9432974,621173488.2325562,17.06,2.066667089641548e-07,17.84,BID
145,1712692103.9462292,621173859.5078104,17.06,2.997793439393336e-08,17.84,BID
146,1712692110.321303,621173859.5078104,17.06,0.0,17.84,BID
147,1712692138.671514,621193601.9626362,17.03,-1.5940616015411982e-06,17.84,ASK
148,1712692138.6741295,621193789.5078104,17.03,-1.5142927425121365e-08,17.84,ASK
149,1712692140.221608,621193789.5078104,17.03,-0.0,17.84,ASK
150,1712692170.2111585,621193789.5078104,17.03,-0.0,17.84,ASK
151,1712692200.231686,621193789.5078104,17.03,-0.0,17.84,ASK
152,1712692202.9915404,621194074.5630096,17.03,-2.3048802114847933e-08,17.84,ASK
153,1712692202.993296,621198118.9594103,17.03,-3.270190915784413e-07,17.84,ASK
154,1712692230.2315335,621198118.9594103,17.03,-0.0,17.84,ASK
155,1712692260.3135865,621198118.9594103,17.03,-0.0,17.84,ASK
156,1712692276.0015628,621198127.7973408,17.03,-7.14607191722163e-10,17.84,ASK
157,1712692290.3212776,621198127.7973408,17.03,-0.0,17.84,ASK
158,1712692318.1013317,621200390.0051183,17.03,1.829149865013861e-07,17.84,BID
159,1712692318.261356,621284890.0051183,17.03,-6.832403510011398e-06,17.84,ASK
160,1712692318.2813978,621286207.656413,17.03,-1.0654112817675413e-07,17.84,ASK
161,1712692318.661617,621308769.9790142,17.01,-1.8243182501117465e-06,17.84,ASK
162,1712692318.6642272,621326207.656413,17.0,-1.409955600781223e-06,17.84,ASK
163,1712692320.221292,621326207.656413,17.0,-0.0,17.84,ASK
164,1712692350.2121766,621326207.656413,17.0,-0.0,17.84,ASK
165,1712692380.3112752,621326207.656413,17.0,-0.0,17.84,ASK
166,1712692410.3113518,621326207.656413,17.0,-0.0,17.84,ASK
167,1712692440.1933703,621326207.656413,17.0,-0.0,17.84,ASK
168,1712692470.2118497,621326207.656413,17.0,-0.0,17.84,ASK
169,1712692500.3116434,621326207.656413,17.0,-0.0,17.84,ASK
170,1712692511.9273748,621329138.4887693,17.01,-2.370137071117069e-07,17.84,ASK
171,1712692523.7217093,621417218.3478415,17.01,-7.1229368938370175e-06,17.84,ASK
172,1712692524.1421485,621429396.0772855,17.02,9.848017384872735e-07,17.84,BID
173,1712692524.1449163,621459201.6870326,17.02,2.410352145733324e-06,17.84,BID
174,1712692524.1611605,621488694.3478415,17.02,2.385044253999808e-06,17.84,BID
175,1712692530.321354,621488694.3478415,17.02,0.0,17.84,BID
176,1712692560.2213275,621488694.3478415,17.02,0.0,17.84,BID
177,1712692590.207234,621488694.3478415,17.02,0.0,17.84,BID
178,1712692620.3211818,621488694.3478415,17.02,0.0,17.84,BID
179,1712692650.3258042,621488694.3478415,17.02,0.0,17.84,BID
180,1712692680.2602892,621488694.3478415,17.02,0.0,17.84,BID
181,1712692687.3205104,621489035.2875772,17.03,2.7565318863650643e-08,17.84,BID
182,1712692710.2127657,621489035.2875772,17.03,0.0,17.84,BID
183,1712692740.3091428,621489035.2875772,17.03,0.0,17.84,BID
184,1712692770.3085184,621489035.2875772,17.03,0.0,17.84,BID
185,1712692800.3010468,621489035.2875772,17.03,0.0,17.84,BID
186,1712692825.0782118,621490971.5824629,17.03,-1.566491772905113e-07,17.84,ASK
187,1712692830.2015471,621490971.5824629,17.03,-0.0,17.84,ASK
188,1712692860.3080883,621490971.5824629,17.03,-0.0,17.84,ASK
189,1712692878.9094594,621503937.1310505,17.03,-1.0489296418816216e-06,17.84,ASK
190,1712692878.9120991,621507872.8267647,17.03,-3.184028711325486e-07,17.84,ASK
191,1712692890.307111,621507872.8267647,17.03,-0.0,17.84,ASK
192,1712692907.7864118,621508343.554145,17.03,-3.808156683986703e-08,17.84,ASK
193,1712692914.8463242,621553627.1842253,17.03,-3.663418908511902e-06,17.84,ASK
194,1712692914.848854,621565665.0585647,17.03,-9.738569190410362e-07,17.84,ASK
195,1712692914.9661033,621578513.1830297,17.03,1.039405675305751e-06,17.84,BID
196,1712692914.9860764,621578513.1830301,17.03,3.8575844262996086e-17,17.84,BID
197,1712692920.2100227,621578513.1830301,17.03,0.0,17.84,BID
198,1712692950.2121608,621578513.1830301,17.03,0.0,17.84,BID
199,1712692980.3152206,621578513.1830301,17.03,0.0,17.84,BID
200,1712692996.185791,621581445.7343497,17.05,2.372185817794725e-07,17.84,BID
201,1712692996.1949291,621581774.0393497,17.05,2.6557095849668703e-08,17.84,BID
202,1712692996.196518,621600188.8189863,17.06,1.4895998170555323e-06,17.84,BID
203,1712692996.3949494,621605678.7743766,17.06,4.440909262265342e-07,17.84,BID
204,1712692996.39717,621608135.6911403,17.06,1.9874377179052525e-07,17.84,BID
205,1712693010.304731,621608135.6911403,17.06,0.0,17.84,BID
206,1712693026.895585,621608135.691141,17.06,5.785577054756893e-17,17.84,BID
207,1712693040.1945949,621608135.691141,17.06,0.0,17.84,BID
208,1712693070.204482,621608135.691141,17.06,0.0,17.84,BID
209,1712693100.313632,621608135.691141,17.06,0.0,17.84,BID
210,1712693116.6335158,621608559.135261,17.06,-3.42556015000672e-08,17.84,ASK
211,1712693130.3332534,621608559.135261,17.06,-0.0,17.84,ASK
212,1712693131.013539,621609166.6520895,17.06,-4.9146608092148295e-08,17.84,ASK
213,1712693160.2030709,621609166.6520895,17.06,-0.0,17.84,ASK
214,1712693190.2026277,621609166.6520895,17.06,-0.0,17.84,ASK
215,1712693198.3930128,621631728.9746907,17.08,1.8252345366354056e-06,17.84,BID
216,1712693198.3959258,621632917.4102068,17.08,9.61414118096707e-08,17.84,BID
217,1712693199.3211992,621705862.5244548,17.08,-5.901074289100755e-06,17.84,ASK
218,1712693202.9026108,621734849.4758884,17.09,2.3449706753797283e-06,17.84,BID
219,1712693205.1327133,621760936.286889,17.09,2.1103566875875866e-06,17.84,BID
220,1712693207.742633,621764400.1047536,17.09,2.8021405893955414e-07,17.84,BID
221,1712693207.7523286,621788237.953127,17.09,1.9284213287473883e-06,17.84,BID
222,1712693220.3352716,621788237.953127,17.09,0.0,17.84,BID
223,1712693247.16255,621788822.7484486,17.1,4.729674906054396e-08,17.84,BID
224,1712693250.3044474,621788822.7484486,17.1,0.0,17.84,BID
225,1712693262.3119798,621789479.3214487,17.09,5.3101901063142494e-08,17.84,BID
226,1712693262.4926271,621792408.4368558,17.09,-2.368991666325695e-07,17.84,ASK
227,1712693280.2133825,621792408.4368558,17.09,-0.0,17.84,ASK
228,1712693302.072292,621794714.7644726,17.1,1.8652880020759529e-07,17.84,BID
229,1712693302.0746768,621866325.2970082,17.1,5.791643224805321e-06,17.84,BID
230,1712693302.0774114,621871191.2841042,17.1,3.93546315033468e-07,17.84,BID
231,1712693302.611874,621877063.2747091,17.11,4.749088353165742e-07,17.84,BID
232,1712693302.6146426,621977647.728245,17.11,8.134966299165589e-06,17.84,BID
233,1712693302.621493,621979684.8410445,17.11,1.647555202536321e-07,17.84,BID
234,1712693302.9916809,621988451.6440837,17.09,-7.090325071935124e-07,17.84,ASK
235,1712693303.1115594,622000140.7148026,17.09,-9.453766762548028e-07,17.84,ASK
236,1712693310.217253,622000140.7148026,17.09,-0.0,17.84,ASK
237,1712693340.311726,622000140.7148026,17.09,-0.0,17.84,ASK
238,1712693351.9613268,622000639.2867308,17.09,-4.0311405142073024e-08,17.84,ASK
239,1712693370.311059,622000639.2867308,17.09,-0.0,17.84,ASK
240,1712693400.2255814,622000639.2867308,17.09,-0.0,17.84,ASK
241,1712693430.2006948,622000639.2867308,17.09,-0.0,17.84,ASK
242,1712693439.5110142,622142992.5545412,17.12,1.1512930792787333e-05,17.84,BID
243,1712693439.514397,622150205.9087523,17.12,5.833856088694489e-07,17.84,BID
244,1712693439.521844,622151374.1330514,17.12,9.44810450265886e-08,17.84,BID
245,1712693440.720462,622286974.1330514,17.12,-1.096675502792502e-05,17.84,ASK
246,1712693441.3204966,622312587.541031,17.12,-2.0715042090166394e-06,17.84,ASK
247,1712693442.4405468,622316471.044631,17.12,-3.140813615876075e-07,17.84,ASK
248,1712693460.3103216,622316471.044631,17.12,-0.0,17.84,ASK
249,1712693481.6821184,622321471.044631,17.12,-4.042021157227655e-07,17.84,ASK
250,1712693490.3102844,622321471.044631,17.12,-0.0,17.84,ASK
251,1712693496.7502155,622412481.7360595,17.12,-7.357291893741604e-06,17.84,ASK
252,1712693512.770475,622414163.9790503,17.12,-1.35992294144203e-07,17.84,ASK
253,1712693517.2599058,622415846.2220409,17.12,-1.3599229413456616e-07,17.84,ASK
254,1712693520.190498,622415846.2220409,17.12,-0.0,17.84,ASK
255,1712693520.8009198,622417528.4650316,17.12,-1.359745340733709e-07,17.84,ASK
256,1712693525.829882,622419210.7080222,17.12,-1.359745340637353e-07,17.84,ASK
257,1712693540.2399576,622420892.9510128,17.12,-1.359745340637353e-07,17.84,ASK
258,1712693550.2098072,622420892.9510128,17.12,-0.0,17.84,ASK
259,1712693580.30304,622420892.9510128,17.12,-0.0,17.84,ASK
260,1712693602.5994616,622422060.4933363,17.13,9.437097710040277e-08,17.84,BID
261,1712693602.6092358,622422644.264498,17.13,4.7185488545383616e-08,17.84,BID
262,1712693610.3092968,622422644.264498,17.13,0.0,17.84,BID
263,1712693614.9093435,622540777.7553426,17.12,-9.548558285192795e-06,17.84,ASK
264,1712693640.2253115,622540777.7553426,17.12,-0.0,17.84,ASK
265,1712693670.1989954,622540777.7553426,17.12,-0.0,17.84,ASK
266,1712693698.4290617,622541005.0013233,17.13,1.8364960036988453e-08,17.84,BID
267,1712693698.432649,622543110.5060718,17.13,1.701570713698739e-07,17.84,BID
268,1712693700.2186897,622543110.5060718,17.13,0.0,17.84,BID
269,1712693708.948919,622560856.045067,17.12,-1.4354628844254798e-06,17.84,ASK
270,1712693730.1999123,622560856.045067,17.12,-0.0,17.84,ASK
271,1712693760.2982929,622560856.045067,17.12,-0.0,17.84,ASK
272,1712693789.9893415,622561796.3414097,17.13,7.606009211681439e-08,17.84,BID
273,1712693789.9924436,622597479.6455544,17.13,2.886404292927319e-06,17.84,BID
274,1712693789.998102,622600842.1674459,17.13,2.719926827192482e-07,17.84,BID
275,1712693790.299333,622600842.1674459,17.13,0.0,17.84,BID
276,1712693793.8690715,622611484.8473191,17.12,-8.608332573462793e-07,17.84,ASK
277,1712693793.872291,622624120.3880174,17.12,-1.0220258231201663e-06,17.84,ASK
278,1712693817.7285333,622625287.249161,17.14,9.43815741027142e-08,17.84,BID
279,1712693817.73168,622627037.5408763,17.14,1.4157236114442905e-07,17.84,BID
280,1712693820.1984286,622627037.5408763,17.14,0.0,17.84,BID
281,1712693837.7978885,622633459.023655,17.13,5.193828497798561e-07,17.84,BID
282,1712693850.2152874,622633459.023655,17.13,0.0,17.84,BID
283,1712693861.2479386,622633809.0819981,17.14,2.83131931478564e-08,17.84,BID
284,1712693880.3017588,622633809.0819981,17.14,0.0,17.84,BID
285,1712693910.3010085,622633809.0819981,17.14,0.0,17.84,BID
286,1712693940.2074668,622633809.0819981,17.14,0.0,17.84,BID
287,1712693970.1974113,622633809.0819981,17.14,0.0,17.84,BID
288,1712693988.0873828,622635489.3620448,17.14,1.3590326116132784e-07,17.84,BID
289,1712693988.0904374,622635722.7342736,17.14,1.88754529417516e-08,17.84,BID
290,1712694000.2270958,622635722.7342736,17.14,0.0,17.84,BID
291,1712694030.197042,622635722.7342736,17.14,0.0,17.84,BID
292,1712694044.786766,622636305.8246526,17.15,4.724924094269795e-08,17.84,BID
293,1712694047.217276,622637472.0054106,17.15,9.44984818853959e-08,17.84,BID
294,1712694047.2205286,622639401.6528317,17.15,1.5636405473099988e-07,17.84,BID
295,1712694054.8679273,622695831.0577325,17.14,-4.572612830594789e-06,17.84,ASK
296,1712694054.8705232,622754174.1149087,17.14,-4.727680759511855e-06,17.84,ASK
297,1712694054.872337,622870928.3472496,17.13,-9.460881286396892e-06,17.84,ASK
298,1712694054.874104,622874029.1057093,17.14,-2.512620493210777e-07,17.84,ASK
299,1712694054.875875,622932372.1628855,17.14,-4.727680759511855e-06,17.84,ASK
300,1712694054.8776598,622966901.6528317,17.13,-2.798009106052888e-06,17.84,ASK
301,1712694060.29827,622966901.6528317,17.13,-0.0,17.84,ASK
302,1712694089.9166665,623061269.8447776,17.13,-7.643370796306475e-06,17.84,ASK
303,1712694089.9185848,623085117.4710019,17.13,-1.9315433101480413e-06,17.84,ASK
304,1712694090.2987962,623085117.4710019,17.13,-0.0,17.84,ASK
305,1712694120.2063692,623085117.4710019,17.13,-0.0,17.84,ASK
306,1712694150.2190087,623085117.4710019,17.13,-0.0,17.84,ASK
307,1712694159.2871366,623096447.4276795,17.13,-9.1752164271349e-07,17.84,ASK
308,1712694180.306213,623096447.4276795,17.13,-0.0,17.84,ASK
309,1712694210.3162737,623096447.4276795,17.13,-0.0,17.84,ASK
310,1712694221.9460435,623108667.9426767,17.13,-9.896252110094716e-07,17.84,ASK
311,1712694240.2011602,623108667.9426767,17.13,-0.0,17.84,ASK
312,1712694254.3860636,623129758.5204931,17.13,-1.707899684163596e-06,17.84,ASK
313,1712694270.1958754,623129758.5204931,17.13,-0.0,17.84,ASK
314,1712694298.9257605,623132675.673352,17.13,-2.3622201027071482e-07,17.84,ASK
315,1712694300.2956042,623132675.673352,17.13,-0.0,17.84,ASK
316,1712694301.5558689,623224257.7437378,17.13,-7.4222838885153154e-06,17.84,ASK
317,1712694301.5599067,623310506.1416389,17.13,-6.990015528743111e-06,17.84,ASK
318,1712694305.0758338,623322245.7608209,17.13,-9.514393586508363e-07,17.84,ASK
319,1712694305.0797768,623368562.3573388,17.13,-3.753736147889898e-06,17.84,ASK
320,1712694330.295637,623368562.3573388,17.13,-0.0,17.84,ASK
321,1712694338.4078689,623373562.3573388,17.12,-4.050931577578869e-07,17.84,ASK
322,1712694360.2052855,623373562.3573388,17.12,-0.0,17.84,ASK
323,1712694370.6553066,623374562.3573388,17.12,-8.101806967547696e-08,17.84,ASK
324,1712694382.305426,624094158.6799581,17.12,-5.8300305004188966e-05,17.84,ASK
325,1712694382.308638,624094875.9463133,17.12,-5.8111535537976994e-08,17.84,ASK
326,1712694390.208938,624094875.9463133,17.12,-0.0,17.84,ASK
327,1712694420.3166845,624094875.9463133,17.12,-0.0,17.84,ASK
328,1712694429.28518,624096628.2827619,17.12,1.418290189537159e-07,17.84,BID
329,1712694440.3859289,624125798.4302619,17.12,2.3609469550154523e-06,17.84,BID
330,1712694450.315236,624125798.4302619,17.12,0.0,17.84,BID
331,1712694475.4149458,624143529.2844609,17.12,1.4350223166281805e-06,17.84,BID
332,1712694480.1869752,624143529.2844609,17.12,0.0,17.84,BID
333,1712694497.284955,624144529.2844609,17.12,8.09316373794615e-08,17.84,BID
334,1712694501.1048846,624145529.2844609,17.12,8.09316373794615e-08,17.84,BID
335,1712694504.1347735,624146529.2844609,17.12,8.09316373794615e-08,17.84,BID
336,1712694506.8249009,624147529.2844609,17.12,8.09316373794615e-08,17.84,BID
337,1712694509.2350385,624148529.2844609,17.12,8.09316373794615e-08,17.84,BID
338,1712694510.174872,624148529.2844609,17.12,0.0,17.84,BID
339,1712694527.6248426,624208354.4136502,17.12,4.841712119561824e-06,17.84,BID
340,1712694527.6283262,624209166.0221668,17.11,6.568435112244725e-08,17.84,BID
341,1712694531.4048057,624232530.5081482,17.12,1.8909130072306336e-06,17.84,BID
342,1712694540.2146115,624232530.5081482,17.12,0.0,17.84,BID
343,1712694570.2246633,624232530.5081482,17.12,0.0,17.84,BID
344,1712694578.1144607,624233530.5081482,17.12,8.092165852871081e-08,17.84,BID
345,1712694592.154673,624237194.3001838,17.1,-2.964801280233893e-07,17.84,ASK
346,1712694600.4066951,624237194.3001838,17.1,-0.0,17.84,ASK
347,1712694630.1611166,624238946.6366323,17.12,1.4185362382948166e-07,17.84,BID
348,1712694630.2990582,624238946.6366323,17.12,0.0,17.84,BID
349,1712694646.2043135,624243946.6366323,17.12,4.047546903773096e-07,17.84,BID
350,1712694660.194714,624243946.6366323,17.12,0.0,17.84,BID
351,1712694690.244263,624243946.6366323,17.12,0.0,17.84,BID
352,1712694709.5143676,624244530.7487819,17.12,4.728409880063972e-08,17.84,BID
353,1712694717.5845797,624342963.2254174,17.12,7.968146106257144e-06,17.84,BID
354,1712694720.2967212,624342963.2254174,17.12,0.0,17.84,BID
355,1712694750.3045986,624342963.2254174,17.12,0.0,17.84,BID
356,1712694780.2264218,624342963.2254174,17.12,0.0,17.84,BID
357,1712694784.6954703,624488294.1746453,17.12,1.176298098456422e-05,17.84,BID
358,1712694784.6993265,624525289.4104557,17.12,2.9943673915917928e-06,17.84,BID
359,1712694797.3452132,624525581.4665304,17.12,2.363880558013489e-08,17.84,BID
360,1712694810.1855197,624525581.4665304,17.12,0.0,17.84,BID
361,1712694840.3056624,624525581.4665304,17.12,0.0,17.84,BID
362,1712694846.8058803,624525641.092854,17.1,-4.824890181262238e-09,17.84,ASK
363,1712694846.8093448,624527169.8180002,17.1,-1.2370259483863217e-07,17.84,ASK
364,1712694847.5557024,624528110.1916766,17.1,-7.60939035915704e-08,17.84,ASK
365,1712694847.5591152,624531251.6875756,17.1,-2.542060587863072e-07,17.84,ASK
366,1712694870.299557,624531251.6875756,17.1,-0.0,17.84,ASK
367,1712694900.2061346,624531251.6875756,17.1,-0.0,17.84,ASK
368,1712694930.1990736,624531251.6875756,17.1,-0.0,17.84,ASK
369,1712694960.296419,624531251.6875756,17.1,-0.0,17.84,ASK
370,1712694990.2966368,624531251.6875756,17.1,-0.0,17.84,ASK
371,1712695012.3572247,624533958.1448767,17.1,-2.190263666110361e-07,17.84,ASK
372,1712695012.3618665,624541560.4840579,17.1,-6.152370214369733e-07,17.84,ASK
373,1712695012.3660324,624580154.0527706,17.1,-3.1232745205839823e-06,17.84,ASK
374,1712695020.177139,624580154.0527706,17.1,-0.0,17.84,ASK
375,1712695050.208551,624580154.0527706,17.1,-0.0,17.84,ASK
376,1712695080.3070958,624580154.0527706,17.1,-0.0,17.84,ASK
377,1712695110.297264,624580154.0527706,17.1,-0.0,17.84,ASK
378,1712695140.2086773,624580154.0527706,17.1,-0.0,17.84,ASK
379,1712695170.1875615,624580154.0527706,17.1,-0.0,17.84,ASK
380,1712695200.2277217,624580154.0527706,17.1,-0.0,17.84,ASK
381,1712695223.84772,624610182.0683782,17.1,2.4333920162738827e-06,17.84,BID
382,1712695230.199535,624610182.0683782,17.1,0.0,17.84,BID
383,1712695260.2976117,624610182.0683782,17.1,0.0,17.84,BID
384,1712695290.297857,624610182.0683782,17.1,0.0,17.84,BID
385,1712695320.1977718,624610182.0683782,17.1,0.0,17.84,BID
386,1712695336.7979848,624613104.3360579,17.11,-2.3680309247252746e-07,17.84,ASK
387,1712695336.8025694,624629656.1547569,17.11,-1.3412603784408862e-06,17.84,ASK
388,1712695350.2012358,624629656.1547569,17.11,-0.0,17.84,ASK
389,1712695380.2980523,624629656.1547569,17.11,-0.0,17.84,ASK
390,1712695410.2980227,624629656.1547569,17.11,-0.0,17.84,ASK
391,1712695440.1980877,624629656.1547569,17.11,-0.0,17.84,ASK
392,1712695470.2015097,624629656.1547569,17.11,-0.0,17.84,ASK
393,1712695475.6880744,624700693.4974793,17.11,-5.75628590268302e-06,17.84,ASK
394,1712695500.210071,624700693.4974793,17.11,-0.0,17.84,ASK
395,1712695530.1980257,624700693.4974793,17.11,-0.0,17.84,ASK
396,1712695560.2981272,624700693.4974793,17.11,-0.0,17.84,ASK
397,1712695590.302449,624700693.4974793,17.11,-0.0,17.84,ASK
398,1712695620.203686,624700693.4974793,17.11,-0.0,17.84,ASK
399,1712695650.191144,624700693.4974793,17.11,-0.0,17.84,ASK
400,1712695651.6684997,624754966.6196802,17.11,-4.400644463941764e-06,17.84,ASK
401,1712695680.3352008,624754966.6196802,17.11,-0.0,17.84,ASK
402,1712695701.75811,624824695.2478055,17.11,-5.653402389402079e-06,17.84,ASK
403,1712695701.761804,624932850.2533365,17.11,-8.768905729743167e-06,17.84,ASK
404,1712695710.288322,624932850.2533365,17.11,-0.0,17.84,ASK
405,1712695740.2090766,624932850.2533365,17.11,-0.0,17.84,ASK
406,1712695770.2016916,624932850.2533365,17.11,-0.0,17.84,ASK
407,1712695778.6181345,624933142.3094113,17.12,2.3673248968683282e-08,17.84,BID
408,1712695800.2481332,624933142.3094113,17.12,0.0,17.84,BID
409,1712695804.5281856,624936646.9823085,17.12,2.842080726255945e-07,17.84,BID
410,1712695825.4981065,624940735.7673552,17.12,3.315760847250267e-07,17.84,BID
411,1712695827.468289,624941735.7673552,17.12,8.10940367219616e-08,17.84,BID
412,1712695830.1881983,624941735.7673552,17.12,0.0,17.84,BID
413,1712695837.0782485,624945240.4402524,17.12,2.84204681906096e-07,17.84,BID
414,1712695848.0083575,624951226.2025187,17.12,4.854038338935185e-07,17.84,BID
415,1712695860.308191,624951226.2025187,17.12,0.0,17.84,BID
416,1712695860.678344,625011587.9608918,17.12,4.894855757859777e-06,17.84,BID
417,1712695863.4681444,625016076.5268966,17.12,3.639867980167332e-07,17.84,BID
418,1712695869.887808,625016660.6390461,17.12,4.7366822888572144e-08,17.84,BID
419,1712695876.9282324,625020026.4976909,17.12,2.729442118966384e-07,17.84,BID
420,1712695886.398249,625020784.9030209,17.12,6.150060561710561e-08,17.84,BID
421,1712695886.402418,625022550.4754946,17.12,1.431738044425486e-07,17.84,BID
422,1712695890.31075,625022550.4754946,17.12,0.0,17.84,BID
423,1712695911.0980673,625023134.5876442,17.12,4.736213314076607e-08,17.84,BID
424,1712695918.3108833,625040657.9521302,17.12,1.4208639940683264e-06,17.84,BID
425,1712695920.2006085,625040657.9521302,17.12,0.0,17.84,BID
426,1712695926.4184656,625064022.4381114,17.12,1.8944377067725023e-06,17.84,BID
427,1712695950.2121162,625064022.4381114,17.12,0.0,17.84,BID
428,1712695965.568233,625068779.2400869,17.12,3.856781945012892e-07,17.84,BID
429,1712695965.7480848,625215370.393719,17.12,-1.1885508741797084e-05,17.84,ASK
430,1712695980.3181355,625215370.393719,17.12,-0.0,17.84,ASK
431,1712696010.3079364,625215370.393719,17.12,-0.0,17.84,ASK
432,1712696013.6933095,625305653.8924562,17.12,-7.31858575206708e-06,17.84,ASK
433,1712696015.00798,625308674.2849168,17.12,-2.448398825573385e-07,17.84,ASK
434,1712696015.0177996,625369587.5009063,17.12,-4.937763831589659e-06,17.84,ASK
435,1712696017.957942,625370328.6183596,17.11,-6.007666638521697e-08,17.84,ASK
436,1712696017.968114,625370725.5009063,17.12,-3.217220192784945e-08,17.84,ASK
437,1712696024.0979142,625371310.2962279,17.11,-4.7404838849627854e-08,17.84,ASK
438,1712696040.2435358,625371310.2962279,17.11,-0.0,17.84,ASK
439,1712696070.1979408,625371310.2962279,17.11,-0.0,17.84,ASK
440,1712696074.3681393,625371835.2962279,17.12,-4.254848615644961e-08,17.84,ASK
441,1712696082.35818,625377151.4177233,17.12,-4.308436606696925e-07,17.84,ASK
442,1712696087.8976882,625391835.2962279,17.12,1.1900510500521975e-06,17.84,BID
443,1712696100.3022242,625391835.2962279,17.12,0.0,17.84,BID
444,1712696118.9883833,625395152.2962279,17.12,-2.6884629281763505e-07,17.84,ASK
445,1712696130.2978532,625395152.2962279,17.12,-0.0,17.84,ASK
446,1712696143.8289244,625453495.3534042,17.14,4.728743575465565e-06,17.84,BID
447,1712696143.8322537,625454481.157878,17.15,7.99001080527863e-08,17.84,BID
448,1712696143.8355143,625456161.4379247,17.14,1.361878149755107e-07,17.84,BID
449,1712696143.8387234,625482134.189839,17.14,2.10510881150336e-06,17.84,BID
450,1712696143.8419962,625540975.0344723,17.15,4.76908957983484e-06,17.84,BID
451,1712696160.1889749,625540975.0344723,17.15,0.0,17.84,BID
452,1712696161.3281322,625686747.6292245,17.15,1.1812572184374088e-05,17.84,BID
453,1712696190.272607,625686747.6292245,17.15,0.0,17.84,BID
454,1712696220.301017,625686747.6292245,17.15,0.0,17.84,BID
455,1712696250.3077264,625686747.6292245,17.15,0.0,17.84,BID
456,1712696257.0910747,625745124.745395,17.13,-4.729587398572236e-06,17.84,ASK
457,1712696257.0933852,625779211.1073251,17.13,-2.7616031490375374e-06,17.84,ASK
458,1712696257.0955925,625789325.7609078,17.12,-8.194673060927139e-07,17.84,ASK
459,1712696264.1280894,625791075.0320448,17.15,1.417221553405766e-07,17.84,BID
460,1712696273.5004883,625792824.3031818,17.15,1.417221553405766e-07,17.84,BID
461,1712696280.199644,625792824.3031818,17.15,0.0,17.84,BID
462,1712696310.2011044,625792824.3031818,17.15,0.0,17.84,BID
463,1712696340.3175712,625792824.3031818,17.15,0.0,17.84,BID
464,1712696370.308089,625792824.3031818,17.15,0.0,17.84,BID
465,1712696375.5477169,625823256.4233588,17.12,-2.465181493770818e-06,17.84,ASK
466,1712696400.3174129,625823256.4233588,17.12,-0.0,17.84,ASK
467,1712696401.2774203,625825754.4233588,17.13,-2.025492067453042e-07,17.84,ASK
468,1712696430.207034,625825754.4233588,17.13,-0.0,17.84,ASK
469,1712696434.9977062,625827792.4233588,17.13,-1.6524974022792265e-07,17.84,ASK
470,1712696435.0031495,625828294.4233588,17.13,-4.0704303039458863e-08,17.84,ASK
471,1712696460.2971427,625828294.4233588,17.13,-0.0,17.84,ASK
472,1712696465.2574768,625828644.2775861,17.15,2.8367574197962164e-08,17.84,BID
473,1712696467.2674663,625829164.2775861,17.13,-4.2163671128384655e-08,17.84,ASK
474,1712696477.6975856,625832443.9891862,17.13,-2.6593207942518965e-07,17.84,ASK
475,1712696477.7020583,625837443.9891862,17.13,-4.054199146960062e-07,17.84,ASK
476,1712696477.7102764,625840225.2775861,17.13,-2.2551794116930925e-07,17.84,ASK
477,1712696483.2779214,625841391.4583441,17.15,9.455858068564976e-08,17.84,BID
478,1712696490.3075233,625841391.4583441,17.15,0.0,17.84,BID
479,1712696494.2774558,625841683.0035336,17.15,2.3639215083569978e-08,17.84,BID
480,1712696520.2071073,625841683.0035336,17.15,0.0,17.84,BID
481,1712696521.7879317,625958316.0436333,17.12,-9.456895542438126e-06,17.84,ASK
482,1712696521.7927153,625961231.9820448,17.13,-2.364315029593077e-07,17.84,ASK
483,1712696521.7972505,625987464.2919337,17.12,-2.126980607240272e-06,17.84,ASK
484,1712696521.8013406,625989683.0035336,17.13,-1.7989862753763604e-07,17.84,ASK
485,1712696522.2474976,625990428.9121972,17.12,-6.048012047118748e-08,17.84,ASK
486,1712696522.251355,626020428.9121972,17.12,-2.432474245981488e-06,17.84,ASK
487,1712696522.254892,626056742.0462337,17.12,-2.944358777815659e-06,17.84,ASK
488,1712696522.407527,626061109.1398972,17.11,-3.5409476221436374e-07,17.84,ASK
489,1712696522.4121685,626061363.2312336,17.12,-2.0602354394862112e-08,17.84,ASK
490,1712696523.1308322,626121944.2312336,17.11,-4.912057409860151e-06,17.84,ASK
491,1712696523.3572338,626124704.2312336,17.11,-2.237876306302969e-07,17.84,ASK
492,1712696523.477524,626184427.2771337,17.11,-4.842492368119306e-06,17.84,ASK
493,1712696524.3170304,626234672.8634336,17.11,-4.074036488291263e-06,17.84,ASK
494,1712696533.5680344,626236512.0373592,17.11,-1.4912477359985304e-07,17.84,ASK
495,1712696533.573505,626276868.7422379,17.11,-3.272221509002789e-06,17.84,ASK
496,1712696533.5776312,626277131.1634337,17.1,-2.1277760008350603e-08,17.84,ASK
497,1712696535.3402057,626281408.1634337,17.11,3.467897450020942e-07,17.84,BID
498,1712696550.2071147,626281408.1634337,17.11,0.0,17.84,BID
499,1712696565.900884,626281829.1634337,17.12,-3.4114904371331324e-08,17.84,ASK
500,1712696572.13729,626292660.1634337,17.12,-8.776687155484311e-07,17.84,ASK
501,1712696580.2975874,626292660.1634337,17.12,-0.0,17.84,ASK
502,1712696610.2970655,626292660.1634337,17.12,-0.0,17.84,ASK
503,1712696625.587149,626298491.0672238,17.15,4.724884088997623e-07,17.84,BID
504,1712696633.1675875,626299074.1576028,17.15,4.7248840889010256e-08,17.84,BID
505,1712696640.187049,626299074.1576028,17.15,0.0,17.84,BID
506,1712696670.196829,626299074.1576028,17.15,0.0,17.84,BID
507,1712696700.3071065,626299074.1576028,17.15,0.0,17.84,BID
508,1712696712.629876,626357485.372556,17.12,-4.751314952334292e-06,17.84,ASK
509,1712696712.6320348,626366233.372556,17.12,-7.115842948367675e-07,17.84,ASK
510,1712696730.3069549,626366233.372556,17.12,-0.0,17.84,ASK
511,1712696738.6570833,626367048.372556,17.12,-6.628794769765021e-08,17.84,ASK
512,1712696753.6620717,626367233.372556,17.12,-1.5046957452840845e-08,17.84,ASK
513,1712696760.2300255,626367233.372556,17.12,-0.0,17.84,ASK
514,1712696790.2088146,626367233.372556,17.12,-0.0,17.84,ASK
515,1712696798.7786222,626370187.372556,17.11,-2.402629752595115e-07,17.84,ASK
516,1712696814.1592124,626374767.5127429,17.12,-3.725247489545217e-07,17.84,ASK
517,1712696820.299323,626374767.5127429,17.12,-0.0,17.84,ASK
518,1712696848.6501927,626727451.785829,17.11,-2.8685201090898298e-05,17.84,ASK
519,1712696848.6555738,626792387.5826789,17.11,-5.28148412839609e-06,17.84,ASK
520,1712696848.6701047,626793387.5826789,17.11,-8.133393882266421e-08,17.84,ASK
521,1712696848.674168,626795387.5826789,17.11,-1.6266787764532842e-07,17.84,ASK
522,1712696848.6782074,626968970.1422169,17.11,-1.411815327814571e-05,17.84,ASK
523,1712696850.3002152,626968970.1422169,17.11,-0.0,17.84,ASK
524,1712696852.0202646,627366709.7816169,17.1,-3.232300339806415e-05,17.84,ASK
525,1712696856.5401824,627554002.7816169,17.1,-1.5220691315972333e-05,17.84,ASK
526,1712696856.620227,627557194.1909736,17.1,-2.593554306964964e-07,17.84,ASK
527,1712696856.625141,627849389.9755985,17.1,-2.374579851677662e-05,17.84,ASK
528,1712696859.5505493,628108549.7824705,17.09,-2.1061072340695453e-05,17.84,ASK
529,1712696859.5558023,628383753.6879565,17.09,-2.2364923912544745e-05,17.84,ASK
530,1712696859.6138697,628743753.6879565,17.09,-2.925602597934808e-05,17.84,ASK
531,1712696859.6160622,629519335.1728594,17.09,-6.302897797617467e-05,17.84,ASK
532,1712696870.0407958,629701967.2623149,17.09,-1.4841914316034172e-05,17.84,ASK
533,1712696880.2008553,629701967.2623149,17.09,-0.0,17.84,ASK
534,1712696903.131499,629948073.6952317,17.08,-1.9924624673675608e-05,17.84,ASK
535,1712696903.136591,629948366.4938265,17.08,-2.3704793238739783e-08,17.84,ASK
536,1712696903.1872282,629948894.4938265,17.08,-4.2746553606987296e-08,17.84,ASK
537,1712696910.202485,629948894.4938265,17.08,-0.0,17.84,ASK
538,1712696916.3917918,629949479.9739202,17.08,-4.738392733472901e-08,17.84,ASK
539,1712696916.3968225,629984315.5936967,17.08,-2.819307597066773e-06,17.84,ASK
540,1712696930.7125711,629984815.5936967,17.08,-4.0465873941041424e-08,17.84,ASK
541,1712696940.2968855,629984815.5936967,17.08,-0.0,17.84,ASK
542,1712696944.3422184,629985108.5638196,17.07,-2.3709406853451298e-08,17.84,ASK
543,1712696944.3472495,629994810.6260878,17.07,-7.851658706000624e-07,17.84,ASK
544,1712696950.5924027,630007087.9135561,17.07,-9.935729989410009e-07,17.84,ASK
545,1712696950.5973043,630008259.5597188,17.07,-9.481866370108129e-08,17.84,ASK
546,1712696955.652618,630018254.5921099,17.06,-8.088752774535137e-07,17.84,ASK
547,1712696967.383047,630419277.4974089,17.06,-3.245387319391493e-05,17.84,ASK
548,1712696967.3879387,630445428.8700755,17.06,-2.11637121260163e-06,17.84,ASK
549,1712696967.5224874,630445722.1838584,17.05,-2.3737218476719307e-08,17.84,ASK
550,1712696967.5254264,630446308.6941223,17.05,-4.7464943973696944e-08,17.84,ASK
551,1712696967.5282931,630565370.2777001,17.05,-9.635383626824482e-06,17.84,ASK
552,1712696967.532222,630565663.7636156,17.04,-2.375114877811863e-08,17.84,ASK
553,1712696967.71215,630565957.4218657,17.03,-2.3765095422107066e-08,17.84,ASK
554,1712696967.7157094,630624711.8284461,17.02,-4.7548607212950285e-06,17.84,ASK
555,1712696967.7180104,630636604.1793934,17.03,-9.624209602995715e-07,17.84,ASK
556,1712696967.7204056,630636898.0101807,17.02,-2.3779058466568643e-08,17.84,ASK
557,1712696968.372965,630639113.7194421,17.06,1.7931231970657077e-07,17.84,BID
558,1712696970.3132024,630639113.7194421,17.06,0.0,17.84,BID
559,1712696994.5732374,630639945.7194421,17.06,-6.727112224866334e-08,17.84,ASK
560,1712697000.2339003,630639945.7194421,17.06,-0.0,17.84,ASK
561,1712697001.743328,630640113.7194421,17.06,-1.3588296602959362e-08,17.84,ASK
562,1712697013.4740198,630641113.7194421,17.05,-8.08827178747581e-08,17.84,ASK
563,1712697013.4800415,630642113.7194421,17.05,-8.08827178747581e-08,17.84,ASK
564,1712697013.484764,630770770.9046173,17.02,-1.0406142811084629e-05,17.84,ASK
565,1712697013.4874046,630771770.9046173,17.05,-8.08827178747581e-08,17.84,ASK
566,1712697020.149506,630792706.9046173,17.05,-1.6933605814259356e-06,17.84,ASK
567,1712697021.1835618,630822327.7576978,17.05,-2.395815102920638e-06,17.84,ASK
568,1712697022.0538557,630840794.7576978,17.05,-1.493661150993158e-06,17.84,ASK
569,1712697025.123576,630858199.6322397,17.05,-1.4077535572163344e-06,17.84,ASK
570,1712697025.4840252,630947141.449068,17.05,-7.1938558777878285e-06,17.84,ASK
571,1712697028.1983914,630965005.3075215,17.05,-1.444877423450039e-06,17.84,ASK
572,1712697029.2136023,630978606.8942059,17.05,-1.100133298448682e-06,17.84,ASK
573,1712697030.2136235,630978606.8942059,17.05,-0.0,17.84,ASK
574,1712697032.6337502,630992015.5804462,17.05,-1.0840250514190787e-06,17.84,ASK
575,1712697049.1240363,631097079.3481363,17.05,-8.493878828342462e-06,17.84,ASK
576,1712697060.324361,631097079.3481363,17.05,-0.0,17.84,ASK
577,1712697061.2497509,631200902.539028,17.05,-8.392213938542017e-06,17.84,ASK
578,1712697081.4751222,631203973.7415317,17.05,-2.482507832604888e-07,17.84,ASK
579,1712697081.480476,631204054.539028,17.05,-6.531005924419175e-09,17.84,ASK
580,1712697083.2644663,631204100.8145304,17.05,-3.740531496689613e-09,17.84,ASK
581,1712697083.504912,631206344.2162899,17.05,1.813381707320189e-07,17.84,BID
582,1712697090.3246706,631206344.2162899,17.05,0.0,17.84,BID
583,1712697092.1148543,631211815.1704961,17.02,-4.42160415562745e-07,17.84,ASK
584,1712697102.12875,631214159.8363812,17.06,1.8949499539355101e-07,17.84,BID
585,1712697110.0553763,631215595.3412149,17.02,-1.1601694875964676e-07,17.84,ASK
586,1712697110.0608666,631232627.7482495,17.02,-1.3765525881928885e-06,17.84,ASK
587,1712697110.0653355,631233802.8363812,17.02,-9.497017102224522e-08,17.84,ASK
588,1712697120.216401,631233802.8363812,17.02,-0.0,17.84,ASK
589,1712697145.1458144,631235177.8485862,17.02,-1.11123759701277e-07,17.84,ASK
590,1712697145.151488,631237528.0248494,17.02,-1.8993316668636613e-07,17.84,ASK
591,1712697145.365449,631321522.1346267,17.02,6.788115216175116e-06,17.84,BID
592,1712697146.0454478,631332237.9214079,17.02,8.660130513381279e-07,17.84,BID
593,1712697149.076446,631333413.7003614,17.01,-9.502241318844576e-08,17.84,ASK
594,1712697149.0824263,631346507.7626777,17.01,-1.0582171045855798e-06,17.84,ASK
595,1712697149.0874,631356916.2930155,17.01,-8.411816418010342e-07,17.84,ASK
596,1712697149.135552,631367325.6407061,17.01,8.412476974423366e-07,17.84,BID
597,1712697150.2357078,631367325.6407061,17.01,0.0,17.84,BID
598,1712697163.4959688,631386154.108825,17.0,-1.5213726964244385e-06,17.84,ASK
599,1712697163.506263,631386652.5794132,17.0,-4.0277283211779126e-08,17.84,ASK
600,1712697163.5118718,631388416.2478436,17.01,-1.4250745088148946e-07,17.84,ASK
601,1712697163.5166612,631398347.0399938,17.0,-8.024251328188607e-07,17.84,ASK
602,1712697163.5214818,631405286.8928312,17.0,-5.607520780454992e-07,17.84,ASK
603,1712697180.3301983,631405286.8928312,17.0,-0.0,17.84,ASK
604,1712697191.3765986,631411102.7494717,17.0,-4.699067430244815e-07,17.84,ASK
605,1712697210.3337348,631411102.7494717,17.0,-0.0,17.84,ASK
606,1712697215.1968784,631411690.9847658,17.0,-4.752756819271879e-08,17.84,ASK
607,1712697215.2024148,631507228.3316694,17.0,-7.71911820904152e-06,17.84,ASK
608,1712697215.2076786,631528404.8022577,17.0,-1.7109924549764034e-06,17.84,ASK
609,1712697223.1266243,631529577.1352001,17.06,9.472082757881881e-08,17.84,BID
610,1712697240.2032871,631529577.1352001,17.06,0.0,17.84,BID
611,1712697270.209237,631529577.1352001,17.06,0.0,17.84,BID
612,1712697300.2193828,631529577.1352001,17.06,0.0,17.84,BID
613,1712697330.1981654,631529577.1352001,17.06,0.0,17.84,BID
614,1712697335.5983655,631535892.1363726,17.06,5.11267556934793e-07,17.84,BID
615,1712697335.6075993,631617502.1058918,17.06,6.607208549673485e-06,17.84,BID
616,1712697351.3557503,631619502.1058918,17.06,1.619216031716414e-07,17.84,BID
617,1712697360.3205853,631619502.1058918,17.06,0.0,17.84,BID
618,1712697390.3185172,631619502.1058918,17.06,0.0,17.84,BID
619,1712697393.5887568,631628502.1058918,17.06,7.285567249153278e-07,17.84,BID
620,1712697420.2389345,631628502.1058918,17.06,0.0,17.84,BID
621,1712697449.9889889,631669743.0264709,17.06,3.3384418425335207e-06,17.84,BID
622,1712697449.9986615,631716427.0765835,17.06,3.779061768905478e-06,17.84,BID
623,1712697450.328894,631716427.0765835,17.06,0.0,17.84,BID
624,1712697474.2191665,631717916.0741714,17.06,1.2051933518854786e-07,17.84,BID
625,1712697480.3125005,631717916.0741714,17.06,0.0,17.84,BID
626,1712697504.6297305,631747224.3977354,17.06,2.3722082813525328e-06,17.84,BID
627,1712697510.3099246,631747224.3977354,17.06,0.0,17.84,BID
628,1712697517.1503143,631747557.0517069,17.01,-2.6923838545209338e-08,17.84,ASK
629,1712697538.3194902,631747850.1349425,17.06,2.3721122821243385e-08,17.84,BID
630,1712697540.2102242,631747850.1349425,17.06,0.0,17.84,BID
631,1712697570.21249,631747850.1349425,17.06,0.0,17.84,BID
632,1712697589.6809092,631765286.4929651,17.06,1.411236069263296e-06,17.84,BID
633,1712697600.2401414,631765286.4929651,17.06,0.0,17.84,BID
634,1712697630.2102294,631765286.4929651,17.06,0.0,17.84,BID
635,1712697632.8201587,631865286.4929651,17.06,8.101537960229666e-06,17.84,BID
636,1712697635.000296,631867238.9930235,17.03,-1.581825334057993e-07,17.84,ASK
637,1712697638.170181,631868215.2430527,17.03,-7.909126670289965e-08,17.84,ASK
638,1712697643.210263,631874087.2336575,17.03,-4.757215478656102e-07,17.84,ASK
639,1712697648.5402105,631875848.8308389,17.06,1.4271646436064885e-07,17.84,BID
640,1712697660.2403202,631875848.8308389,17.06,0.0,17.84,BID
641,1712697690.2007575,631875848.8308389,17.06,0.0,17.84,BID
642,1712697695.3709562,631881710.4955517,17.06,4.748124455507628e-07,17.84,BID
643,1712697720.3120704,631881710.4955517,17.06,0.0,17.84,BID
644,1712697750.3323605,631881710.4955517,17.06,0.0,17.84,BID
645,1712697763.4536345,631883981.6223123,17.04,1.8396659809658864e-07,17.84,BID
646,1712697767.2657533,631886918.9937735,17.03,-2.3793398256251162e-07,17.84,ASK
647,1712697767.2702277,631896918.9937735,17.03,-8.100234706750822e-07,17.84,ASK
648,1712697776.5712745,631899634.3703722,17.01,-2.1995187766816578e-07,17.84,ASK
649,1712697776.577446,631899989.4093722,17.01,-2.8758992303282053e-08,17.84,ASK
650,1712697776.583574,631928558.5857422,17.0,-2.3141703397575938e-06,17.84,ASK
651,1712697780.2110877,631928558.5857422,17.0,-0.0,17.84,ASK
652,1712697793.8712337,632001285.1917645,17.0,-5.89064552336839e-06,17.84,ASK
653,1712697793.8765192,632001634.975343,17.0,-2.8331461945266848e-08,17.84,ASK
654,1712697805.0512602,632021634.975343,17.0,-1.6199423692526272e-06,17.84,ASK
655,1712697805.0572395,632037143.6634383,17.0,-1.2561590468575413e-06,17.84,ASK
656,1712697805.1936135,632045469.2210108,17.0,6.743461729659455e-07,17.84,BID
657,1712697810.2211847,632045469.2210108,17.0,0.0,17.84,BID
658,1712697824.9214144,632047233.9268931,17.0,-1.429130852216553e-07,17.84,ASK
659,1712697824.928087,632060045.8707544,16.99,-1.037563507466557e-06,17.84,ASK
660,1712697824.934656,632060634.4522729,16.99,-4.766573374116079e-08,17.84,ASK
661,1712697829.9413686,632075850.0997549,16.99,-1.2322252377011332e-06,17.84,ASK
662,1712697840.3210957,632075850.0997549,16.99,-0.0,17.84,ASK
663,1712697870.311266,632075850.0997549,16.99,-0.0,17.84,ASK
664,1712697883.4819827,632163132.1872979,16.99,-7.068164231212156e-06,17.84,ASK
665,1712697883.4849246,632244003.2722093,16.99,-6.548996773570785e-06,17.84,ASK
666,1712697883.4878745,632245850.0997549,16.99,-1.495573807500603e-07,17.84,ASK
667,1712697898.2118456,632246144.4493723,16.99,-2.3836636994778572e-08,17.84,ASK
668,1712697898.2165473,632301764.9785147,16.99,-4.504189183279256e-06,17.84,ASK
669,1712697898.3724253,632635027.7118024,16.99,2.698784822096854e-05,17.84,BID
670,1712697899.2369971,632639309.5347532,17.06,3.467450043583891e-07,17.84,BID
671,1712697899.2432723,632675826.5825227,17.1,2.9571759583200163e-06,17.84,BID
672,1712697899.2481675,632689428.6096975,17.06,1.1015016328624504e-06,17.84,BID
673,1712697900.2063596,632689428.6096975,17.06,0.0,17.84,BID
674,1712697921.9118109,632695685.6730034,17.06,5.070012599037805e-07,17.84,BID
675,1712697930.2147186,632695685.6730034,17.06,0.0,17.84,BID
676,1712697960.3117406,632695685.6730034,17.06,0.0,17.84,BID
677,1712697990.3225608,632695685.6730034,17.06,0.0,17.84,BID
678,1712698020.2451773,632695685.6730034,17.06,0.0,17.84,BID
679,1712698050.2130504,632695685.6730034,17.06,0.0,17.84,BID
680,1712698050.5679643,632696858.0059459,17.06,9.499170918383493e-08,17.84,BID
681,1712698080.322262,632696858.0059459,17.06,0.0,17.84,BID
682,1712698103.162595,632708828.4186207,16.99,-9.699361637698926e-07,17.84,ASK
683,1712698103.1687202,632803983.7127384,17.0,-7.710223819879086e-06,17.84,ASK
684,1712698103.1746793,632811413.1089869,17.0,-6.019876082916395e-07,17.84,ASK
685,1712698103.1780975,632814022.6222318,16.99,-2.114431085137585e-07,17.84,ASK
686,1712698108.4424407,632819884.2869446,17.06,4.749577762512633e-07,17.84,BID
687,1712698110.3130517,632819884.2869446,17.06,0.0,17.84,BID
688,1712698134.142575,632820177.3701802,17.06,2.3743864653260443e-08,17.84,BID
689,1712698140.2124434,632820177.3701802,17.06,0.0,17.84,BID
690,1712698170.2143855,632820177.3701802,17.06,0.0,17.84,BID
691,1712698200.2647913,632820177.3701802,17.06,0.0,17.84,BID
692,1712698208.922737,632822786.8834252,17.05,2.118084261122762e-07,17.84,BID
693,1712698208.9290757,632826039.0348803,17.05,2.6396995014115415e-07,17.84,BID
694,1712698230.2184913,632826039.0348803,17.05,0.0,17.84,BID
695,1712698255.4227197,632864951.0348803,17.0,-3.15837546901689e-06,17.84,ASK
696,1712698260.3129923,632864951.0348803,17.0,-0.0,17.84,ASK
697,1712698290.305992,632864951.0348803,17.0,-0.0,17.84,ASK
698,1712698291.813103,632865537.2013515,17.06,4.7574897367060687e-08,17.84,BID
699,1712698320.2130356,632865537.2013515,17.06,0.0,17.84,BID
700,1712698350.2130184,632865537.2013515,17.06,0.0,17.84,BID
701,1712698380.2231395,632865537.2013515,17.06,0.0,17.84,BID
702,1712698410.223074,632865537.2013515,17.06,0.0,17.84,BID
703,1712698418.5033712,632866709.5342941,17.06,9.514971751764569e-08,17.84,BID
704,1712698424.943099,632869837.6937313,17.06,2.5388989422783364e-07,17.84,BID
705,1712698440.3233478,632869837.6937313,17.06,0.0,17.84,BID
706,1712698451.7533815,632873899.3129759,17.02,-3.296500580358019e-07,17.84,ASK
707,1712698463.373267,632874485.4794471,17.06,4.7574575465667534e-08,17.84,BID
708,1712698470.3235228,632874485.4794471,17.06,0.0,17.84,BID
709,1712698500.2364445,632874485.4794471,17.06,0.0,17.84,BID
710,1712698530.2194552,632874485.4794471,17.06,0.0,17.84,BID
711,1712698547.1837246,632876247.0766286,17.03,-1.430953722995287e-07,17.84,ASK
712,1712698560.3139837,632876247.0766286,17.03,-0.0,17.84,ASK
713,1712698590.31381,632876247.0766286,17.03,-0.0,17.84,ASK
714,1712698620.2186103,632876247.0766286,17.03,-0.0,17.84,ASK
715,1712698650.2259853,632876247.0766286,17.03,-0.0,17.84,ASK
716,1712698679.6743026,632882744.663981,17.06,5.278008078466443e-07,17.84,BID
717,1712698679.6808844,632953429.4701915,17.06,5.741746250882341e-06,17.84,BID
718,1712698679.7945647,633024515.9792486,17.06,5.774376683606891e-06,17.84,BID
719,1712698680.3237565,633024515.9792486,17.06,0.0,17.84,BID
720,1712698710.3136952,633024515.9792486,17.06,0.0,17.84,BID
721,1712698740.2038286,633024515.9792486,17.06,0.0,17.84,BID
722,1712698763.7545376,633025392.2662513,17.1,7.116641174184106e-08,17.84,BID
723,1712698770.2228608,633025392.2662513,17.1,0.0,17.84,BID
724,1712698800.2261302,633025392.2662513,17.1,0.0,17.84,BID
725,1712698811.9433331,633033061.0049814,17.1,6.242978559418573e-07,17.84,BID
726,1712698817.50312,633038908.9581977,17.1,4.760710702369404e-07,17.84,BID
727,1712698819.3033707,633038912.0742391,17.04,-2.5367117686295113e-10,17.84,ASK
728,1712698819.309892,633039498.9286993,17.04,-4.777473768485935e-08,17.84,ASK
729,1712698830.2235208,633039498.9286993,17.04,-0.0,17.84,ASK
730,1712698860.3220954,633039498.9286993,17.04,-0.0,17.84,ASK
731,1712698890.3115072,633039498.9286993,17.04,-0.0,17.84,ASK
732,1712698904.5313349,633182750.614659,17.03,-1.1661626197060772e-05,17.84,ASK
733,1712698904.549811,633315633.7430172,17.03,-1.081755764637828e-05,17.84,ASK
734,1712698904.5544374,633316220.5974773,17.04,-4.7773799660027263e-08,17.84,ASK
735,1712698904.560372,633325624.3808393,17.04,-7.655296038679645e-07,17.84,ASK
736,1712698904.5637133,633333083.5705047,17.03,-6.072269308885142e-07,17.84,ASK
737,1712698904.5669818,633345642.9598241,17.04,-1.0224166125879917e-06,17.84,ASK
738,1712698904.57028,633353841.7377105,17.03,-6.674342598014233e-07,17.84,ASK
739,1712698904.5735614,633397586.5325327,17.02,-3.5611130289058326e-06,17.84,ASK
740,1712698904.5768297,633418760.9306537,17.03,-1.7237347971200303e-06,17.84,ASK
741,1712698904.5801425,633606274.3026944,17.02,-1.526481756246009e-05,17.84,ASK
742,1712698920.2272391,633606274.3026944,17.02,-0.0,17.84,ASK
743,1712698950.2237003,633606274.3026944,17.02,-0.0,17.84,ASK
744,1712698966.8901224,633619383.1192061,17.02,-1.0663059174448677e-06,17.84,ASK
745,1712698980.3094895,633619383.1192061,17.02,-0.0,17.84,ASK
746,1712699010.2991445,633619383.1192061,17.02,-0.0,17.84,ASK
747,1712699012.8790147,633639849.4259452,17.02,-1.6647534817822163e-06,17.84,ASK
748,1712699040.2048197,633639849.4259452,17.02,-0.0,17.84,ASK
749,1712699054.3483236,633669226.6292354,17.02,-2.3895085920020007e-06,17.84,ASK
750,1712699070.2072518,633669226.6292354,17.02,-0.0,17.84,ASK
751,1712699100.2359316,633669226.6292354,17.02,-0.0,17.84,ASK
752,1712699118.7274575,633698603.8325256,17.02,-2.39447714669852e-06,17.84,ASK
753,1712699118.7334397,633750037.4780439,17.02,-4.192253685562786e-06,17.84,ASK
754,1712699118.8473632,633765327.3973837,17.02,1.2462507772528742e-06,17.84,BID
755,1712699118.8512793,633863846.3058531,17.02,8.030079395823745e-06,17.84,BID
756,1712699130.2016735,633863846.3058531,17.02,0.0,17.84,BID
757,1712699160.3092,633863846.3058531,17.02,0.0,17.84,BID
758,1712699184.0266197,633886541.9107835,17.01,-1.849374102514296e-06,17.84,ASK
759,1712699184.0332348,633892799.7054416,17.02,-5.099226663033484e-07,17.84,ASK
760,1712699190.3162844,633892799.7054416,17.02,-0.0,17.84,ASK
761,1712699220.2271583,633892799.7054416,17.02,-0.0,17.84,ASK
762,1712699237.6868458,633893967.8739612,17.09,9.51855615669496e-08,17.84,BID
763,1712699250.2156494,633893967.8739612,17.09,0.0,17.84,BID
764,1712699278.705346,633899269.2197775,17.09,4.31967433847279e-07,17.84,BID
765,1712699280.315384,633899269.2197775,17.09,0.0,17.84,BID
766,1712699310.3150172,633899269.2197775,17.09,0.0,17.84,BID
767,1712699322.8751867,633941515.3117726,17.02,-3.442295949587316e-06,17.84,ASK
768,1712699322.8821046,633955475.7427105,17.02,-1.1375237945685084e-06,17.84,ASK
769,1712699340.2099085,633955475.7427105,17.02,-0.0,17.84,ASK
770,1712699370.2144177,633955475.7427105,17.02,-0.0,17.84,ASK
771,1712699388.7444997,633968662.3455303,17.09,1.0743869871301417e-06,17.84,BID
772,1712699388.751073,633975825.8714406,17.09,5.836529032726033e-07,17.84,BID
773,1712699389.7881184,633978716.8661879,17.04,-2.355456654595288e-07,17.84,ASK
774,1712699400.275275,633978716.8661879,17.04,-0.0,17.84,ASK
775,1712699430.2070024,633978716.8661879,17.04,-0.0,17.84,ASK
776,1712699460.3076415,633978716.8661879,17.04,-0.0,17.84,ASK
777,1712699486.354126,633984581.9688272,17.05,-4.784289642034881e-07,17.84,ASK
778,1712699490.3061097,633984581.9688272,17.05,-0.0,17.84,ASK
779,1712699490.346616,633990524.7436148,17.05,-4.847608931299965e-07,17.84,ASK
780,1712699493.053372,634000934.7436148,17.07,-8.491590339346808e-07,17.84,ASK
781,1712699498.9735904,634006792.974429,17.07,-4.778645166924283e-07,17.84,ASK
782,1712699502.443046,634021638.3437864,17.07,-1.2109586457145732e-06,17.84,ASK
783,1712699508.223245,634024570.895106,17.07,-2.392125307891152e-07,17.84,ASK
784,1712699508.6233292,634027496.5746007,17.07,-2.386519859130371e-07,17.84,ASK
785,1712699520.21306,634027496.5746007,17.07,-0.0,17.84,ASK
786,1712699525.7429905,634027977.9864342,17.07,-3.92671263394253e-08,17.84,ASK
787,1712699529.0932353,634032647.9864342,17.07,-3.809160208267004e-07,17.84,ASK
788,1712699529.9129777,634047403.9864342,17.07,-1.2035967458926748e-06,17.84,ASK
789,1712699529.933006,634062159.9864342,17.07,-1.2035967458926748e-06,17.84,ASK
790,1712699544.7230458,634165879.1204307,17.09,8.46001708897924e-06,17.84,BID
791,1712699550.2244625,634165879.1204307,17.09,0.0,17.84,BID
792,1712699575.2227116,634362711.4053718,17.09,1.6051844685253e-05,17.84,BID
793,1712699575.2280717,634368562.7804449,17.09,4.771847458676944e-07,17.84,BID
794,1712699575.8830364,634411021.0804449,17.09,-3.46251143406198e-06,17.84,ASK
795,1712699575.9029455,634446729.9764539,17.09,-2.912091645887255e-06,17.84,ASK
796,1712699580.304286,634446729.9764539,17.09,-0.0,17.84,ASK
797,1712699586.7027123,634447315.1139612,17.09,4.769980378364762e-08,17.84,BID
798,1712699610.3025846,634447315.1139612,17.09,0.0,17.84,BID
799,1712699638.3054123,634459160.169045,17.09,9.655958396898183e-07,17.84,BID
800,1712699640.1929233,634459160.169045,17.09,0.0,17.84,BID
801,1712699661.7220745,634481135.6076415,17.1,1.7913839806372826e-06,17.84,BID
802,1712699670.2047546,634481135.6076415,17.1,0.0,17.84,BID
803,1712699700.2267802,634481135.6076415,17.1,0.0,17.84,BID
804,1712699705.2921038,634495796.7885051,17.1,1.1978030850342092e-06,17.84,BID
805,1712699705.2990782,634511400.9058188,17.1,1.2748400031007592e-06,17.84,BID
806,1712699709.6921432,634586764.6266469,17.11,6.15713687370889e-06,17.84,BID
807,1712699709.6982815,634589102.4407907,17.11,1.909969612748766e-07,17.84,BID
808,1712699730.223268,634589102.4407907,17.11,0.0,17.84,BID
809,1712699749.8118422,634589742.4407907,17.1,-5.2279439215677953e-08,17.84,ASK
810,1712699752.4416986,634590742.4407907,17.11,8.168662377449682e-08,17.84,BID
811,1712699752.4479318,634624610.301027,17.11,2.766551157178564e-06,17.84,BID
812,1712699752.5829449,634625778.5253261,17.12,9.54282988026193e-08,17.84,BID
813,1712699752.5862615,634697040.9301534,17.12,5.821185252388404e-06,17.84,BID
814,1712699752.589296,634698209.1544524,17.12,9.54282988026193e-08,17.84,BID
815,1712699758.541443,634698501.0400333,17.13,2.3843147631960748e-08,17.84,BID
816,1712699760.2709672,634698501.0400333,17.13,0.0,17.84,BID
817,1712699761.971946,634704338.7516503,17.13,4.7679002184583465e-07,17.84,BID
818,1712699777.1417603,634711502.2775607,17.12,-5.85074751784577e-07,17.84,ASK
819,1712699777.1482568,634751701.4483906,17.11,-3.283232334118204e-06,17.84,ASK
820,1712699790.2315657,634751701.4483906,17.11,-0.0,17.84,ASK
821,1712699797.6516457,634752069.1689788,17.11,-3.003102629105081e-08,17.84,ASK
822,1712699820.304139,634752069.1689788,17.11,-0.0,17.84,ASK
823,1712699850.3069477,634752069.1689788,17.11,-0.0,17.84,ASK
824,1712699865.10121,634753569.1689788,17.12,-1.225020239141413e-07,17.84,ASK
825,1712699865.1081555,634810514.5225732,17.11,-4.650614045215439e-06,17.84,ASK
826,1712699872.9819484,634816243.8891417,17.13,4.679060002537821e-07,17.84,BID
827,1712699872.991106,634816352.2341902,17.13,8.848325152038535e-09,17.84,BID
828,1712699880.2145083,634816352.2341902,17.13,0.0,17.84,BID
829,1712699910.233045,634816352.2341902,17.13,0.0,17.84,BID
830,1712699940.3007278,634816352.2341902,17.13,0.0,17.84,BID
831,1712699962.1508577,634817411.431465,17.13,8.649476957743062e-08,17.84,BID
832,1712699962.1570463,634820914.0584353,17.13,2.860268997265445e-07,17.84,BID
833,1712699962.162791,634833149.8995903,17.13,9.99187107498644e-07,17.84,BID
834,1712699966.7116065,634840915.8995903,17.13,-6.341768398739052e-07,17.84,ASK
835,1712699970.3360074,634840915.8995903,17.13,-0.0,17.84,ASK
836,1712699990.610613,634860915.8995903,17.13,-1.6331574807777446e-06,17.84,ASK
837,1712700000.2976575,634860915.8995903,17.13,-0.0,17.84,ASK
838,1712700030.231742,634860915.8995903,17.13,-0.0,17.84,ASK
839,1712700031.4979782,634873800.8995903,17.13,-1.0570476672172415e-06,17.84,ASK
840,1712700060.3020148,634873800.8995903,17.13,-0.0,17.84,ASK
841,1712700067.9202824,634932178.0157608,17.13,-4.789000941977874e-06,17.84,ASK
842,1712700075.0603385,634932761.4463326,17.14,4.786206892681872e-08,17.84,BID
843,1712700080.2002857,634933689.897103,17.13,-7.616600314638044e-08,17.84,ASK
844,1712700080.2067192,634971028.4463326,17.13,-3.063089771519569e-06,17.84,ASK
845,1712700084.449944,635000066.4463326,17.13,-2.382149350216893e-06,17.84,ASK
846,1712700090.312198,635000066.4463326,17.13,-0.0,17.84,ASK
847,1712700094.670579,635000361.4463326,17.14,2.4196204593359863e-08,17.84,BID
848,1712700096.8803048,635000653.2199614,17.14,2.393157429877876e-08,17.84,BID
849,1712700099.6199968,635000944.9935904,17.14,2.3931574308556423e-08,17.84,BID
850,1712700110.8202398,635003862.1464492,17.14,2.392678895014239e-07,17.84,BID
851,1712700111.670296,635089059.8188653,17.13,-6.988001059856912e-06,17.84,ASK
852,1712700111.676044,635117822.297409,17.13,-2.359128187989496e-06,17.84,ASK
853,1712700120.2046845,635117822.297409,17.13,-0.0,17.84,ASK
854,1712700135.070299,635118114.012695,17.14,2.3922830859594334e-08,17.84,BID
855,1712700150.20528,635118114.012695,17.14,0.0,17.84,BID
856,1712700177.729928,635124435.961695,17.13,-5.184467935961965e-07,17.84,ASK
857,1712700180.3037715,635124435.961695,17.13,-0.0,17.84,ASK
858,1712700210.304412,635124435.961695,17.13,-0.0,17.84,ASK
859,1712700240.2096589,635124435.961695,17.13,-0.0,17.84,ASK
860,1712700247.7098093,635182779.0188711,17.14,4.784521718488609e-06,17.84,BID
861,1712700247.7196145,635184843.6528236,17.14,1.6931382180812638e-07,17.84,BID
862,1712700247.7230098,635190523.9740571,17.14,4.658244121093527e-07,17.84,BID
863,1712700270.1928551,635190523.9740571,17.14,0.0,17.84,BID
864,1712700277.501572,635192273.2451941,17.15,1.4343863285432694e-07,17.84,BID
865,1712700289.7706144,635248548.2563765,17.15,4.614499431870155e-06,17.84,BID
866,1712700293.9395895,635249206.2997766,17.14,-5.395895677087279e-08,17.84,ASK
867,1712700297.6698165,635518468.7473253,17.14,-2.207927435518042e-05,17.84,ASK
868,1712700300.2995028,635518468.7473253,17.14,-0.0,17.84,ASK
869,1712700305.526429,635518630.7479086,17.15,1.3316436111517832e-08,17.84,BID
870,1712700330.3049974,635518630.7479086,17.15,0.0,17.84,BID
871,1712700344.6593876,635519213.8382876,17.15,4.7929975609815284e-08,17.84,BID
872,1712700351.299497,635559319.0691189,17.14,-3.2966462915511773e-06,17.84,ASK
873,1712700359.1499405,635600430.8743188,17.14,-3.379386612227971e-06,17.84,ASK
874,1712700359.3896224,635676888.3101918,17.14,-6.2847942078281655e-06,17.84,ASK
875,1712700359.9395697,635733497.341832,17.14,-4.653257202543842e-06,17.84,ASK
876,1712700360.056083,635733789.28579,17.13,-2.3997766532823573e-08,17.84,ASK
877,1712700360.0647614,635735540.5992751,17.13,-1.4395780765953856e-07,17.84,ASK
878,1712700360.2193522,635735540.5992751,17.13,-0.0,17.84,ASK
879,1712700390.199285,635735540.5992751,17.13,-0.0,17.84,ASK
880,1712700413.1992528,635736378.5992751,17.13,-6.886247836611195e-08,17.84,ASK
881,1712700413.2792003,635764729.1573603,17.13,-2.32970130406862e-06,17.84,ASK
882,1712700419.179726,635764891.2524873,17.14,1.3320133860811782e-08,17.84,BID
883,1712700420.304431,635764891.2524873,17.14,0.0,17.84,BID
884,1712700421.1909928,635766570.5527788,17.15,1.3799045634048982e-07,17.84,BID
885,1712700421.1985276,635767570.5527788,17.15,8.2171400216986e-08,17.84,BID
886,1712700421.202729,635819045.4397041,17.14,4.229763534656392e-06,17.84,BID
887,1712700421.2060878,635820555.7324622,17.15,1.2410287067124112e-07,17.84,BID
888,1712700421.209448,635845013.8523517,17.15,2.009757957994945e-06,17.84,BID
889,1712700421.2128737,635873575.3581114,17.16,2.3469389205813764e-06,17.84,BID
890,1712700421.2162323,635875678.21475,17.15,1.7279467445509578e-07,17.84,BID
891,1712700421.2195442,635878009.2170811,17.16,1.915417254488441e-07,17.84,BID
892,1712700421.2228813,635889932.0515051,17.15,9.797159991769111e-07,17.84,BID
893,1712700421.2262442,635971313.2595558,17.16,6.687207816878159e-06,17.84,BID
894,1712700421.2299988,635971615.0326054,17.18,2.4797114032804445e-08,17.84,BID
895,1712700421.2333145,635972779.85497,17.17,9.571508470067144e-08,17.84,BID
896,1712700421.2366557,636054890.0204211,17.19,6.747107267170944e-06,17.84,BID
897,1712700421.2400248,636056054.8427857,17.17,9.571508470067144e-08,17.84,BID
898,1712700421.2434103,636057218.3099178,17.19,9.560372335040137e-08,17.84,BID
899,1712700421.2467284,636058382.4542717,17.18,9.565937161191508e-08,17.84,BID
900,1712700421.2500918,636060060.7759501,17.16,1.379100423286533e-07,17.84,BID
901,1712700421.2534833,636061225.5983146,17.17,9.571508470067144e-08,17.84,BID
902,1712700421.2568588,636090924.5070542,17.18,2.4404009160466862e-06,17.84,BID
903,1712700421.2602224,636092089.3294188,17.17,9.571508470067144e-08,17.84,BID
904,1712700421.2636733,636093253.4737726,17.18,9.565937161191508e-08,17.84,BID
905,1712700421.2670252,636094418.9749382,17.16,9.577086272442205e-08,17.84,BID
906,1712700421.2703657,636095582.4420702,17.19,9.560372335040137e-08,17.84,BID
907,1712700421.2737243,636096747.2644348,17.17,9.571508470067144e-08,17.84,BID
908,1712700421.2771096,636099075.5531427,17.18,1.913187432336257e-07,17.84,BID
909,1712700421.2804902,636105482.0761479,17.17,5.264329658634886e-07,17.84,BID
910,1712700421.283902,636115819.6780106,17.18,8.494552199412333e-07,17.84,BID
911,1712700421.2873006,636116983.1451426,17.19,9.560372334060577e-08,17.84,BID
912,1712700422.3696156,636117588.5971283,17.18,4.9750837430505684e-08,17.84,BID
1112,1712700422.3696156,636117588.5971283,17.18,4.975083743050568e-08,17.84,BID
913,1712700422.377072,636119892.1651845,17.19,1.892874126751928e-07,17.84,BID
914,1712700423.7393675,636120476.277334,17.12,-4.799731320627891e-08,17.84,ASK
915,1712700423.7471788,636124820.958782,17.12,-3.570085580775078e-07,17.84,ASK
916,1712700450.3093076,636124820.958782,17.12,-0.0,17.84,ASK
917,1712700480.1924517,636124820.958782,17.12,-0.0,17.84,ASK
918,1712700488.5592563,636182994.3153846,17.19,4.777760552081791e-06,17.84,BID
919,1712700510.2109582,636182994.3153846,17.19,0.0,17.84,BID
920,1712700512.0793958,636183578.0865463,17.13,-4.794101526671112e-08,17.84,ASK
921,1712700512.0883565,636350188.7470539,17.13,-1.3682560467812864e-05,17.84,ASK
922,1712700540.308998,636350188.7470539,17.13,-0.0,17.84,ASK
923,1712700567.5131898,636351188.7470539,17.19,8.2103648091372e-08,17.84,BID
924,1712700567.5200598,636502093.1596229,17.19,1.2389802785004167e-05,17.84,BID
925,1712700567.6491249,636508685.5312388,17.19,-5.412577592383101e-07,17.84,ASK
926,1712700567.769078,636536702.5312388,17.13,-2.300297908575969e-06,17.84,ASK
927,1712700568.148649,636543294.9028388,17.13,-5.412577579365702e-07,17.84,ASK
928,1712700568.4492333,636549227.9028388,17.13,-4.871209441261101e-07,17.84,ASK
929,1712700570.319243,636549227.9028388,17.13,-0.0,17.84,ASK
930,1712700574.5489032,636552145.0556977,17.13,-2.394416765171876e-07,17.84,ASK
931,1712700600.223563,636552145.0556977,17.13,-0.0,17.84,ASK
932,1712700622.9387298,636610556.2706509,17.13,-4.804328704654803e-06,17.84,ASK
933,1712700630.1964972,636610556.2706509,17.13,-0.0,17.84,ASK
934,1712700660.3086307,636610556.2706509,17.13,-0.0,17.84,ASK
935,1712700675.2787511,636612010.604566,17.19,1.1960927712593828e-07,17.84,BID
936,1712700690.3000762,636612010.604566,17.19,0.0,17.84,BID
937,1712700707.588899,636631538.2782134,17.19,1.6060177805643862e-06,17.84,BID
938,1712700707.5970123,636635574.9442984,17.19,3.319882144579411e-07,17.84,BID
939,1712700712.1688402,636640759.2049894,17.19,4.263700325619184e-07,17.84,BID
940,1712700720.2144206,636640759.2049894,17.19,0.0,17.84,BID
941,1712700747.6965704,636698932.5615921,17.19,4.784166801958327e-06,17.84,BID
942,1712700750.201841,636698932.5615921,17.19,0.0,17.84,BID
943,1712700780.3149536,636698932.5615921,17.19,0.0,17.84,BID
944,1712700785.9991777,636713484.3660158,17.18,1.1966394716577093e-06,17.84,BID
945,1712700810.3185043,636713484.3660158,17.18,0.0,17.84,BID
946,1712700840.2185187,636713484.3660158,17.18,0.0,17.84,BID
947,1712700870.2037916,636713484.3660158,17.18,0.0,17.84,BID
948,1712700872.798644,636714066.4861381,17.17,4.786853746654285e-08,17.84,BID
1148,1712700872.798644,636714066.4861381,17.17,4.7868537466542854e-08,17.84,BID
949,1712700891.2086823,636716954.4385381,17.14,-2.3748029377528257e-07,17.84,ASK
950,1712700892.989241,636737325.0094271,17.18,1.6751000325146557e-06,17.84,BID
951,1712700892.9968555,636758178.621307,17.17,1.714821156878486e-06,17.84,BID
952,1712700893.0017824,636775161.6562331,17.18,1.3965382959494136e-06,17.84,BID
953,1712700900.2387533,636775161.6562331,17.18,0.0,17.84,BID
954,1712700901.2394946,636799823.2431005,17.14,-2.0414021154535664e-06,17.84,ASK
955,1712700930.191424,636799823.2431005,17.14,-0.0,17.84,ASK
956,1712700935.9388216,636805007.5037916,17.14,-4.291204175424102e-07,17.84,ASK
957,1712700952.779358,636817523.1287916,17.14,-1.0359645368682007e-06,17.84,ASK
958,1712700956.0594232,636867559.1287916,17.14,-4.141664644533316e-06,17.84,ASK
959,1712700960.3099976,636867559.1287916,17.14,-0.0,17.84,ASK
960,1712700985.5490122,636868059.1287916,17.14,-4.1382871033834376e-08,17.84,ASK
961,1712700990.308922,636868059.1287916,17.14,-0.0,17.84,ASK
962,1712700994.1194627,636868321.9439739,17.17,2.1752078163243687e-08,17.84,BID
963,1712700994.1264296,636868641.5399739,17.17,2.6451581336057443e-08,17.84,BID
964,1712701017.939216,636869112.5399739,17.15,-3.8982636863393735e-08,17.84,ASK
965,1712701020.2126172,636869112.5399739,17.15,-0.0,17.84,ASK
966,1712701048.6695478,636869224.9705456,17.15,-9.305379182534566e-09,17.84,ASK
967,1712701050.203421,636869224.9705456,17.15,-0.0,17.84,ASK
968,1712701059.729367,636886843.3941729,17.15,1.4581984567871405e-06,17.84,BID
969,1712701059.769441,636886843.3941729,17.15,0.0,17.84,BID
970,1712701060.1095874,636898689.3941729,17.15,-9.804406616932662e-07,17.84,ASK
971,1712701060.770715,637139648.5040746,17.14,-1.994311237151869e-05,17.84,ASK
972,1712701060.7781007,637261653.3941729,17.15,-1.0097801382561554e-05,17.84,ASK
973,1712701080.331699,637261653.3941729,17.15,-0.0,17.84,ASK
974,1712701110.2995825,637261653.3941729,17.15,-0.0,17.84,ASK
975,1712701140.2278612,637261653.3941729,17.15,-0.0,17.84,ASK
976,1712701170.2106106,637261653.3941729,17.15,-0.0,17.84,ASK
977,1712701171.7999728,637278687.4931566,17.17,1.409051913239438e-06,17.84,BID
978,1712701171.8071668,637311653.3941729,17.17,2.7269223892237534e-06,17.84,BID
979,1712701183.6197722,637335322.3941729,17.15,-1.957887515300025e-06,17.84,ASK
980,1712701183.759771,637355713.3941729,17.15,-1.6867330400305388e-06,17.84,ASK
981,1712701200.2398813,637355713.3941729,17.15,-0.0,17.84,ASK
982,1712701211.2996905,637369638.3941729,17.15,-1.1565845911435824e-06,17.84,ASK
983,1712701226.9766648,637369842.1423645,17.15,-1.6922945699981117e-08,17.84,ASK
984,1712701226.9831326,637373058.3941729,17.14,-2.671358910476708e-07,17.84,ASK
985,1712701227.5297723,637381968.3941729,17.14,-7.40048022053093e-07,17.84,ASK
986,1712701230.20671,637381968.3941729,17.14,-0.0,17.84,ASK
987,1712701238.9499578,637388110.3941729,17.14,-5.101240192761156e-07,17.84,ASK
988,1712701238.9578917,637391220.3941729,17.15,-2.583011559669032e-07,17.84,ASK
989,1712701260.2999654,637391220.3941729,17.15,-0.0,17.84,ASK
990,1712701275.8600364,637391803.4845519,17.15,4.8427953335094496e-08,17.84,BID
991,1712701290.329044,637391803.4845519,17.15,0.0,17.84,BID
992,1712701290.7509134,637402499.652503,17.15,8.883581531142534e-07,17.84,BID
993,1712701313.050037,637403082.742882,17.15,4.842791311380461e-08,17.84,BID
994,1712701320.210248,637403082.742882,17.15,0.0,17.84,BID
995,1712701339.5203578,637415511.4726619,17.18,1.0322375359170806e-06,17.84,BID
996,1712701339.528288,637438207.0775923,17.15,1.8849275609407463e-06,17.84,BID
997,1712701339.5341015,637498205.1926209,17.16,4.982995649102584e-06,17.84,BID
998,1712701339.537612,637515531.4019971,17.15,1.4389856397311978e-06,17.84,BID
999,1712701339.5411494,637552139.9871701,17.18,3.040435862858321e-06,17.84,BID
1000,1712701339.5447211,637574877.742882,17.15,1.888428290268354e-06,17.84,BID
1201,1712701350.203278,637574877.742882,17.15,0.0,17.84,BID
1202,1712701357.0602243,637578758.8907247,17.18,3.222602622072096e-07,17.84,BID
1203,1712701357.0628555,637603981.3517294,17.18,2.094276545609764e-06,17.84,BID
1204,1712701380.3323836,637603981.3517294,17.18,0.0,17.84,BID
1205,1712701399.530289,637605145.4960834,17.18,9.665745947922013e-08,17.84,BID
1206,1712701410.3231702,637605145.4960834,17.18,0.0,17.84,BID
1207,1712701421.1401489,637616664.0984709,17.17,9.563736583927552e-07,17.84,BID
1208,1712701429.4102323,637673308.2468109,17.17,-4.703085457053392e-06,17.84,ASK
1209,1712701434.9507172,637692609.0529346,17.17,-1.602519293698314e-06,17.84,ASK
1210,1712701434.9534848,637715791.358066,17.17,-1.924794799096679e-06,17.84,ASK
1211,1712701436.2502258,637730714.0540159,17.17,-1.2390108485842824e-06,17.84,ASK
1212,1712701440.217831,637730714.0540159,17.17,-0.0,17.84,ASK
1213,1712701470.2076595,637730714.0540159,17.17,-0.0,17.84,ASK
1214,1712701478.8305156,637742170.2639284,17.15,-9.510230539918856e-07,17.84,ASK
1215,1712701478.8501108,637762576.3874571,17.15,-1.6939890301047854e-06,17.84,ASK
1216,1712701500.3020911,637762576.3874571,17.15,-0.0,17.84,ASK
1217,1712701530.3005056,637762576.3874571,17.15,-0.0,17.84,ASK
1218,1712701560.2105842,637762576.3874571,17.15,-0.0,17.84,ASK
1219,1712701576.2403653,637763158.7986395,17.17,4.845066091842565e-08,17.84,BID
1220,1712701583.7212029,637776290.0172867,17.15,-1.0923832531714467e-06,17.84,ASK
1221,1712701587.810585,637782120.9210768,17.15,4.850716313807495e-07,17.84,BID
1222,1712701590.2041364,637782120.9210768,17.15,0.0,17.84,BID
1223,1712701600.9441185,637783408.7104329,17.14,-1.0712793208968433e-07,17.84,ASK
1224,1712701620.3004525,637783408.7104329,17.14,-0.0,17.84,ASK
1225,1712701621.5718174,637788343.3380765,17.15,4.104984110286649e-07,17.84,BID
1226,1712701637.5324285,637792294.8507407,17.14,-3.287157181802619e-07,17.84,ASK
1227,1712701644.9028594,637809502.433276,17.14,-1.4314525428485095e-06,17.84,ASK
1228,1712701650.307948,637809502.433276,17.14,-0.0,17.84,ASK
1229,1712701660.0511906,637816057.433276,17.14,-5.452725431088099e-07,17.84,ASK
1230,1712701660.0903857,637887747.6835189,17.15,5.963497340353092e-06,17.84,BID
1231,1712701664.0405724,637902324.9429941,17.15,-1.21259791695138e-06,17.84,ASK
1232,1712701664.043421,637931114.6835189,17.14,-2.3948520261454554e-06,17.84,ASK
1233,1712701670.9638023,637936356.3841596,17.17,4.360267640820432e-07,17.84,BID
1234,1712701680.210498,637936356.3841596,17.17,0.0,17.84,BID
1235,1712701710.2006698,637936356.3841596,17.17,0.0,17.84,BID
1236,1712701711.8456228,637947774.0833789,17.17,9.496005401279744e-07,17.84,BID
1237,1712701711.8490071,637953828.7196285,17.17,5.035590570735867e-07,17.84,BID
1238,1712701740.310616,637953828.7196285,17.17,0.0,17.84,BID
1239,1712701748.670679,637965033.1348931,17.17,9.318386410738492e-07,17.84,BID
1240,1712701750.5304124,637967943.7355043,17.17,2.42066190354984e-07,17.84,BID
1241,1712701770.3107214,637967943.7355043,17.17,0.0,17.84,BID
1242,1712701800.23911,637967943.7355043,17.17,0.0,17.84,BID
1243,1712701817.1708603,637979586.137949,17.17,-9.69731236236117e-07,17.84,ASK
1244,1712701817.2906482,637982501.589844,17.15,-2.42836887296057e-07,17.84,ASK
1245,1712701817.293525,637986857.137949,17.14,-3.627868962959917e-07,17.84,ASK
1246,1712701822.000729,637995496.0897396,17.14,-7.195646636879442e-07,17.84,ASK
1247,1712701830.2111666,637995496.0897396,17.14,-0.0,17.84,ASK
1248,1712701831.7405229,638545788.096595,17.14,-4.5833696621773226e-05,17.84,ASK
1249,1712701852.770939,638646609.5570804,17.18,8.397396609946868e-06,17.84,BID
1250,1712701852.7740183,638697499.8163197,17.18,4.238638166501182e-06,17.84,BID
1251,1712701852.850529,638769190.0665625,17.18,-5.9710647064363685e-06,17.84,ASK
1252,1712701852.8707469,639237018.1509508,17.18,-3.896529519576978e-05,17.84,ASK
1253,1712701852.9341197,639274667.8416191,17.14,-3.1358342089269604e-06,17.84,ASK
1254,1712701852.9370492,639277291.1509508,17.14,-2.1849484011084345e-07,17.84,ASK
1255,1712701853.0503976,639305482.1509508,17.14,-2.3480220053491105e-06,17.84,ASK
1256,1712701860.3514836,639305482.1509508,17.14,-0.0,17.84,ASK
1257,1712701885.2806497,639308296.3535119,17.18,2.3395622926482722e-07,17.84,BID
1258,1712701890.2904978,639308296.3535119,17.18,0.0,17.84,BID
1259,1712701920.2106633,639308296.3535119,17.18,0.0,17.84,BID
1260,1712701950.2107742,639308296.3535119,17.18,0.0,17.84,BID
1261,1712701980.1905642,639308296.3535119,17.18,0.0,17.84,BID
1262,1712701992.3007877,639382575.6511291,17.18,6.175118583931301e-06,17.84,BID
1263,1712701992.3038285,639422164.448568,17.18,3.291166268696617e-06,17.84,BID
1264,1712702009.5809922,639446123.2594802,17.18,1.991786450049674e-06,17.84,BID
1265,1712702009.5841196,639480371.666263,17.18,2.8471994213527964e-06,17.84,BID
1266,1712702010.200744,639480371.666263,17.18,0.0,17.84,BID
1267,1712702040.3005247,639480371.666263,17.18,0.0,17.84,BID
1268,1712702044.82055,639484451.1518679,17.14,-3.3905971879569815e-07,17.84,ASK
1269,1712702056.1829972,639487361.752479,17.14,-2.4190977008030734e-07,17.84,ASK
1270,1712702070.3204834,639487361.752479,17.14,-0.0,17.84,ASK
1271,1712702095.450868,639490841.3292814,17.14,-2.8919640819655105e-07,17.84,ASK
1272,1712702100.230625,639490841.3292814,17.14,-0.0,17.84,ASK
1273,1712702130.2105503,639490841.3292814,17.14,-0.0,17.84,ASK
1274,1712702144.860716,639491423.4014584,17.18,4.8479396828360974e-08,17.84,BID
1275,1712702160.310738,639491423.4014584,17.18,0.0,17.84,BID
1276,1712702190.290661,639491423.4014584,17.18,0.0,17.84,BID
1277,1712702220.2128005,639491423.4014584,17.18,0.0,17.84,BID
1278,1712702224.7175956,639494042.1588446,17.15,-2.1810984585056249e-07,17.84,ASK
1279,1712702224.7213705,639494333.7623432,17.15,-2.42869364146994e-08,17.84,ASK
1280,1712702250.2005424,639494333.7623432,17.15,-0.0,17.84,ASK
1281,1712702280.310647,639494333.7623432,17.15,-0.0,17.84,ASK
1282,1712702310.3005085,639494333.7623432,17.15,-0.0,17.84,ASK
1283,1712702310.9106348,639503322.0739427,17.15,-7.486111993534824e-07,17.84,ASK
1284,1712702340.2108006,639503322.0739427,17.15,-0.0,17.84,ASK
1285,1712702370.2207322,639503322.0739427,17.15,-0.0,17.84,ASK
1286,1712702400.2322223,639503322.0739427,17.15,-0.0,17.84,ASK
1287,1712702430.2035427,639503322.0739427,17.15,-0.0,17.84,ASK
1288,1712702440.9406314,639509709.9949647,17.17,5.335143519826247e-07,17.84,BID
1289,1712702446.673954,639519602.9949647,17.15,-8.262559079767798e-07,17.84,ASK
1290,1712702460.3105924,639519602.9949647,17.15,-0.0,17.84,ASK
1291,1712702480.0307608,639523664.1483716,17.18,3.39176560190523e-07,17.84,BID
1292,1712702480.03402,639525424.7415266,17.17,1.470399835692937e-07,17.84,BID
1293,1712702490.3005493,639525424.7415266,17.17,0.0,17.84,BID
1294,1712702520.2105577,639525424.7415266,17.17,0.0,17.84,BID
1295,1712702549.5708065,639527170.9580574,17.18,1.45838068756244e-07,17.84,BID
1296,1712702550.2005274,639527170.9580574,17.18,0.0,17.84,BID
1297,1712702557.112671,639532991.6798269,17.18,4.861256778771786e-07,17.84,BID
1298,1712702580.3004932,639532991.6798269,17.18,0.0,17.84,BID
1299,1712702586.5117888,639533278.7988313,17.18,2.397894291094005e-08,17.84,BID
1300,1712702586.5140655,639547529.3469654,17.18,1.1901444168290983e-06,17.84,BID
1301,1712702604.9611893,639548111.4191424,17.18,4.861216179548884e-08,17.84,BID
1302,1712702609.2711506,639549273.1101044,17.15,-9.701942687303025e-08,17.84,ASK
1303,1712702609.2744272,639582999.4191424,17.15,-2.8166761042490347e-06,17.84,ASK
1304,1712702610.3106542,639582999.4191424,17.15,-0.0,17.84,ASK
1305,1712702640.1910417,639582999.4191424,17.15,-0.0,17.84,ASK
1306,1712702653.210798,639639983.0517954,17.15,-4.758686600809791e-06,17.84,ASK
1307,1712702653.2204487,639670240.4191424,17.15,-2.52678395297747e-06,17.84,ASK
1308,1712702670.2368755,639670240.4191424,17.15,-0.0,17.84,ASK
1309,1712702700.2407105,639670240.4191424,17.15,-0.0,17.84,ASK
1310,1712702730.2126586,639670240.4191424,17.15,-0.0,17.84,ASK
1311,1712702752.530516,639670531.6247334,17.17,2.4462365047079343e-08,17.84,BID
1312,1712702755.6812725,639688947.1547334,17.15,-1.546973791677657e-06,17.84,ASK
1313,1712702760.3106737,639688947.1547334,17.15,-0.0,17.84,ASK
1314,1712702761.1604693,639702685.1547334,17.16,-1.1540125753746923e-06,17.84,ASK
1315,1712702766.0808966,639720718.9145412,17.16,-1.5148628329827375e-06,17.84,ASK
1316,1712702766.0835886,639742978.637251,17.15,-1.8698500459625808e-06,17.84,ASK
1317,1712702766.086211,639760461.1547334,17.16,-1.468557652052514e-06,17.84,ASK
1318,1712702790.3011887,639760461.1547334,17.16,-0.0,17.84,ASK
1319,1712702820.2043366,639760461.1547334,17.16,-0.0,17.84,ASK
1320,1712702841.690868,639764191.1547334,17.16,-3.132932964389337e-07,17.84,ASK
1321,1712702850.2010572,639764191.1547334,17.16,-0.0,17.84,ASK
1322,1712702880.320567,639764191.1547334,17.16,-0.0,17.84,ASK
1323,1712702904.0911431,639778749.1547334,17.16,-1.2227612036590308e-06,17.84,ASK
1324,1712702910.3013918,639778749.1547334,17.16,-0.0,17.84,ASK
1325,1712702940.2418633,639778749.1547334,17.16,-0.0,17.84,ASK
1326,1712702943.4835722,639939612.2036846,17.16,-1.351098833860308e-05,17.84,ASK
1327,1712702970.2325685,639939612.2036846,17.16,-0.0,17.84,ASK
1328,1712702983.202741,639952312.0950856,17.15,-1.0664245922896411e-06,17.84,ASK
1329,1712703000.3521729,639952312.0950856,17.15,-0.0,17.84,ASK
1330,1712703030.2333972,639952312.0950856,17.15,-0.0,17.84,ASK
1331,1712703054.2439067,639961921.5923611,17.15,-8.084532109988373e-07,17.84,ASK
1332,1712703054.246771,639973017.8236167,17.15,-9.335331007912676e-07,17.84,ASK
1333,1712703060.2995772,639973017.8236167,17.15,-0.0,17.84,ASK
1334,1712703086.2745368,639987283.7002776,17.15,-1.2001615605826844e-06,17.84,ASK
1335,1712703090.314711,639987283.7002776,17.15,-0.0,17.84,ASK
1336,1712703120.2115774,639987283.7002776,17.15,-0.0,17.84,ASK
1337,1712703136.0962496,640019215.8402193,17.15,-2.686336004723521e-06,17.84,ASK
1338,1712703136.0990355,640056043.2075214,17.15,-3.098153863902267e-06,17.84,ASK
1339,1712703136.1017425,640061874.1113114,17.15,-4.9053294955333e-07,17.84,ASK
1340,1712703138.0255172,640113222.5469058,17.15,4.319759075812784e-06,17.84,BID
1341,1712703150.2076075,640113222.5469058,17.15,0.0,17.84,BID
1342,1712703166.366891,640124864.9464399,17.15,-9.792552388827633e-07,17.84,ASK
1343,1712703180.310843,640124864.9464399,17.15,-0.0,17.84,ASK
1344,1712703210.3181765,640124864.9464399,17.15,-0.0,17.84,ASK
1345,1712703211.1364863,640125153.4634624,17.16,2.4267081723945905e-08,17.84,BID
1346,1712703235.9466035,640153375.6922258,17.15,-2.373763343053199e-06,17.84,ASK
1347,1712703235.9494655,640281789.5754101,17.15,-1.0800853865825466e-05,17.84,ASK
1348,1712703240.206589,640281789.5754101,17.15,-0.0,17.84,ASK
1349,1712703256.037109,640311876.3845475,17.15,-2.5300199506127314e-06,17.84,ASK
1350,1712703256.1773698,640320948.603397,17.15,7.628889650903813e-07,17.84,BID
1351,1712703270.2286842,640320948.603397,17.15,0.0,17.84,BID
1352,1712703272.187575,640336272.0994242,17.16,1.2884902884185668e-06,17.84,BID
1353,1712703272.19145,640338151.7041649,17.16,1.5804829720646537e-07,17.84,BID
1354,1712703272.9771025,640455628.7881256,17.16,-9.878168893455656e-06,17.84,ASK
1355,1712703277.7071934,640456428.281827,17.16,-6.722616483837412e-08,17.84,ASK
1356,1712703300.297383,640456428.281827,17.16,-0.0,17.84,ASK
1357,1712703330.3196027,640456428.281827,17.16,-0.0,17.84,ASK
1358,1712703360.2200415,640456428.281827,17.16,-0.0,17.84,ASK
1359,1712703373.772015,640456719.487418,17.17,2.4501043207796504e-08,17.84,BID
1360,1712703390.218289,640456719.487418,17.17,0.0,17.84,BID
1361,1712703420.2085755,640456719.487418,17.17,0.0,17.84,BID
1362,1712703427.7488022,640524863.2838949,17.17,5.73338373499682e-06,17.84,BID
1363,1712703450.1989248,640524863.2838949,17.17,0.0,17.84,BID
1364,1712703480.2991967,640524863.2838949,17.17,0.0,17.84,BID
1365,1712703510.3102891,640524863.2838949,17.17,0.0,17.84,BID
1366,1712703525.059554,640530687.3957179,17.17,4.899724241601898e-07,17.84,BID
1367,1712703540.2399857,640530687.3957179,17.17,0.0,17.84,BID
1368,1712703540.3929408,640542525.5436503,17.17,9.959144706113465e-07,17.84,BID
1369,1712703548.2898104,640576111.0818835,17.16,-2.825469298134063e-06,17.84,ASK
1370,1712703548.2936463,640576693.8324662,17.16,-4.902538314073839e-08,17.84,ASK
1371,1712703570.202309,640576693.8324662,17.16,-0.0,17.84,ASK
1372,1712703574.500032,640583253.2730256,17.16,5.517930591751125e-07,17.84,BID
1373,1712703593.819995,640607659.6798788,17.16,2.0531150147745595e-06,17.84,BID
1374,1712703600.292498,640607659.6798788,17.16,0.0,17.84,BID
1375,1712703613.5802598,640666237.4245979,17.16,-4.950386691754885e-06,17.84,ASK
1376,1712703613.74027,640666820.5149769,17.15,-4.9276783634055055e-08,17.84,ASK
1377,1712703613.744041,640667986.695735,17.15,-9.855356727818445e-08,17.84,ASK
1378,1712703613.7475226,640673876.5803381,17.16,-4.977522862176418e-07,17.84,ASK
1379,1712703613.750693,640674376.5803381,17.15,-4.225484196685704e-08,17.84,ASK
1380,1712703613.7535937,640693989.2120122,17.14,-1.6574573038824235e-06,17.84,ASK
1381,1712703613.7564917,640723609.7711269,17.15,-2.503224088722734e-06,17.84,ASK
1382,1712703630.2200985,640723609.7711269,17.15,-0.0,17.84,ASK
1383,1712703660.2973173,640723609.7711269,17.15,-0.0,17.84,ASK
1384,1712703690.3111122,640723609.7711269,17.15,-0.0,17.84,ASK
1385,1712703709.3409696,640724182.8582616,17.16,4.8423273195358376e-08,17.84,BID
1386,1712703709.3440406,640728444.533233,17.16,3.600922772662053e-07,17.84,BID
1387,1712703720.2218864,640728444.533233,17.16,0.0,17.84,BID
1388,1712703721.3408434,640764190.533233,17.15,-3.020354296521012e-06,17.84,ASK
1389,1712703721.4412203,640786997.8221862,17.15,-1.92709934487072e-06,17.84,ASK
1390,1712703721.444252,640816152.3411366,17.15,-2.463407837930737e-06,17.84,ASK
1391,1712703721.4472148,640824080.1778713,17.15,-6.698616836564902e-07,17.84,ASK
1392,1712703721.5408125,640849102.1778713,17.14,-2.11423110858694e-06,17.84,ASK
1393,1712703733.7622168,640851260.513363,17.16,1.823683174498066e-07,17.84,BID
1394,1712703750.2229536,640851260.513363,17.16,0.0,17.84,BID
1395,1712703753.3709693,640859786.2725047,17.16,7.202549003343468e-07,17.84,BID
1396,1712703753.3741376,640861458.6485611,17.16,1.412820875924534e-07,17.84,BID
1397,1712703780.3158011,640861458.6485611,17.16,0.0,17.84,BID
1398,1712703793.641852,640865315.3849943,17.14,-3.258117197894761e-07,17.84,ASK
1399,1712703794.6816263,640876404.4181659,17.14,-9.36786070576696e-07,17.84,ASK
1400,1712703795.761266,640882060.3625065,17.14,-4.778062967439487e-07,17.84,ASK
1401,1712703795.7733731,640883677.8847147,17.14,-1.366460222498526e-07,17.84,ASK
1402,1712703795.8211584,640897843.8267076,17.14,-1.1967190403441975e-06,17.84,ASK
1403,1712703795.9814413,640909414.0360072,17.14,-9.77435159378499e-07,17.84,ASK
1404,1712703797.0710382,640912338.462155,17.14,-2.47051445991674e-07,17.84,ASK
1405,1712703797.1917305,640921174.2944554,17.14,-7.464388006474837e-07,17.84,ASK
1406,1712703797.1957147,640945605.5616698,17.14,-2.063919411072533e-06,17.84,ASK
1407,1712703798.1112907,640958455.2776619,17.14,-1.0855261018634166e-06,17.84,ASK
1408,1712703798.1144493,640973027.051809,17.14,-1.2310031752294783e-06,17.84,ASK
1409,1712703798.1511438,641029690.81978,17.14,-4.786876161336508e-06,17.84,ASK
1410,1712703799.1612709,641041388.5243714,17.14,-9.882057839767669e-07,17.84,ASK
1411,1712703802.131575,641913580.6035985,17.14,-7.368157151660978e-05,17.84,ASK
1412,1712703802.2141557,641922652.822448,17.14,-7.664084069291981e-07,17.84,ASK
1413,1712703802.2160206,641953652.1169158,17.14,-2.618777201368571e-06,17.84,ASK
1414,1712703810.3242128,641953652.1169158,17.14,-0.0,17.84,ASK
1415,1712703812.8613362,641976037.142203,17.14,-1.8880698448173905e-06,17.84,ASK
1416,1712703812.8713648,641982454.8784924,17.14,-5.413053684119545e-07,17.84,ASK
1417,1712703812.8744977,641982746.6521213,17.14,-2.4609710432172704e-08,17.84,ASK
1418,1712703840.216079,641982746.6521213,17.14,-0.0,17.84,ASK
1419,1712703850.5761006,641987124.2061201,17.13,-3.692102182517288e-07,17.84,ASK
1420,1712703850.578004,642002302.3730787,17.13,-1.280151960874819e-06,17.84,ASK
1421,1712703856.8517592,642003510.9883873,17.12,-1.0193663447800138e-07,17.84,ASK
1422,1712703856.8650525,642004010.9883873,17.12,-4.217083539695717e-08,17.84,ASK
1423,1712703870.217518,642004010.9883873,17.12,-0.0,17.84,ASK
1424,1712703881.0629458,642004303.2736007,17.11,-2.4651065944546144e-08,17.84,ASK
1425,1712703881.067261,642022139.5893902,17.1,-1.5042984613982907e-06,17.84,ASK
1426,1712703881.0714378,642038950.8401207,17.11,-1.417845417551778e-06,17.84,ASK
1427,1712703881.0738692,642054228.5740387,17.1,-1.288510020672868e-06,17.84,ASK
1428,1712703881.2419846,642055982.9600037,17.1,1.4796329796941976e-07,17.84,BID
1429,1712703882.541623,642067110.9716996,17.1,9.385262668649384e-07,17.84,BID
1430,1712703882.805633,642098323.362486,17.1,2.6324243184963443e-06,17.84,BID
1431,1712703882.8098693,642100670.7972996,17.1,1.9798049216227842e-07,17.84,BID
1432,1712703886.7223687,642100963.424567,17.09,-2.467991446495729e-08,17.84,ASK
1433,1712703886.727537,642102133.6995816,17.09,-9.869991789304077e-08,17.84,ASK
1434,1712703886.7317824,642103579.8173414,17.08,-1.219642412021573e-07,17.84,ASK
1435,1712703892.1218128,642118579.8173414,17.08,-1.2650861975827392e-06,17.84,ASK
1436,1712703900.321742,642118579.8173414,17.08,-0.0,17.84,ASK
1437,1712703901.931936,642316383.863756,17.08,-1.674659049813362e-05,17.84,ASK
1438,1712703902.0719318,642402264.2991414,17.08,7.270854713396952e-06,17.84,BID
1439,1712703905.0324025,642533767.7544262,17.08,1.1133414885406336e-05,17.84,BID
1440,1712703905.0358267,642549929.4233061,17.08,1.3682877342681256e-06,17.84,BID
1441,1712703912.7920034,642552218.8969903,17.1,1.9383262850482442e-07,17.84,BID
1442,1712703913.1718318,642557882.1521815,17.08,-4.794654977625487e-07,17.84,ASK
1443,1712703925.0319948,642558359.2890881,17.08,-4.039561642754219e-08,17.84,ASK
1444,1712703930.3148894,642558359.2890881,17.08,-0.0,17.84,ASK
1445,1712703939.1620593,642624816.4963881,17.08,-5.622859327814922e-06,17.84,ASK
1446,1712703939.7718875,642635004.2659881,17.08,-8.619741582975632e-07,17.84,ASK
1447,1712703940.1419885,642636738.9725882,17.08,-1.467713071842154e-07,17.84,ASK
1448,1712703942.712844,642637043.4222368,17.08,-2.575909545610666e-08,17.84,ASK
1449,1712703942.71722,642639646.5074887,17.08,-2.2024371448285057e-07,17.84,ASK
1450,1712703953.1922562,642643503.243922,17.07,3.263135378356381e-07,17.84,BID
1451,1712703954.2120516,642644088.7240156,17.08,4.953672203950879e-08,17.84,BID
1452,1712703954.292107,642655517.5807556,17.07,-9.669809541757252e-07,17.84,ASK
1453,1712703955.0771415,642662791.0473045,17.07,-6.153987037937868e-07,17.84,ASK
1454,1712703955.082055,642676956.9892973,17.07,-1.1985622373773243e-06,17.84,ASK
1455,1712703955.252236,642688046.0224689,17.07,-9.382289166058804e-07,17.84,ASK
1456,1712703956.625041,642688946.0224689,17.08,7.614784912933605e-08,17.84,BID
1457,1712703957.3620608,642691870.4486167,17.07,-2.474319567710817e-07,17.84,ASK
1458,1712703957.9418387,642724890.6223866,17.07,-2.7937946782773336e-06,17.84,ASK
1459,1712703960.213809,642724890.6223866,17.07,-0.0,17.84,ASK
1460,1712703966.0965817,642766125.4662086,17.07,3.4879882444326462e-06,17.84,BID
1461,1712703966.1001098,642795219.332404,17.07,2.4610027313998e-06,17.84,BID
1462,1712703966.1036067,642806555.2913206,17.07,9.588902921752354e-07,17.84,BID
1463,1712703966.252154,642821984.2154697,17.07,1.305107551487372e-06,17.84,BID
1464,1712703966.2564764,642833681.9200611,17.07,9.894897693259858e-07,17.84,BID
1465,1712703966.2784083,642835143.7060037,17.08,1.236500908192188e-07,17.84,BID
1466,1712703990.1977568,642835143.7060037,17.08,0.0,17.84,BID
1467,1712704020.3027003,642835143.7060037,17.08,0.0,17.84,BID
1468,1712704029.372579,642840992.6550654,17.08,-4.946743186585031e-07,17.84,ASK
1469,1712704029.3771908,643055282.8647281,17.08,-1.8123574396172115e-05,17.84,ASK
1470,1712704034.7525434,643063282.8647281,17.08,-6.765992501365797e-07,17.84,ASK
1471,1712704039.6814094,643155669.8592924,17.08,-7.813621405571767e-06,17.84,ASK
1472,1712704039.832245,643172456.8592924,17.08,-1.4197589515053454e-06,17.84,ASK
1473,1712704039.9329093,643179276.3404757,17.08,-5.767569818668568e-07,17.84,ASK
1474,1712704039.9373431,643179569.4823279,17.06,-2.479244467781471e-08,17.84,ASK
1475,1712704039.941694,643180069.4823279,17.08,-4.228745313353624e-08,17.84,ASK
1476,1712704039.9461107,643180655.3054094,17.07,-4.954593220638997e-08,17.84,ASK
1477,1712704039.9495368,643186465.8592924,17.06,-4.914270500108203e-07,17.84,ASK
1478,1712704050.312493,643186465.8592924,17.06,-0.0,17.84,ASK
1479,1712704080.2233813,643186465.8592924,17.06,-0.0,17.84,ASK
1480,1712704110.227717,643186465.8592924,17.06,-0.0,17.84,ASK
1481,1712704123.1629798,643276568.3303158,17.07,-7.616542738170356e-06,17.84,ASK
1482,1712704136.593066,643277568.3303158,17.08,-8.453200729854452e-08,17.84,ASK
1483,1712704136.595786,643351875.7918303,17.07,-6.281358879077744e-06,17.84,ASK
1484,1712704140.2499535,643351875.7918303,17.07,-0.0,17.84,ASK
1485,1712704148.2329156,643372364.7918303,17.07,-1.731563006371961e-06,17.84,ASK
1486,1712704148.2728071,643392853.7918303,17.07,-1.731563006371961e-06,17.84,ASK
1487,1712704148.6939,643393146.6030518,17.1,2.47460139082432e-08,17.84,BID
1488,1712704152.4432452,643407225.5761517,17.07,-1.189839864687108e-06,17.84,ASK
1489,1712704153.3030388,643450761.5494518,17.07,-3.679305032595515e-06,17.84,ASK
1490,1712704153.8728526,643463789.1166518,17.07,-1.1009836217702326e-06,17.84,ASK
1491,1712704158.923687,643496667.8108518,17.07,-2.778638809829847e-06,17.84,ASK
1492,1712704159.142971,643496960.2085125,17.1,2.4711063130152617e-08,17.84,BID
1493,1712704170.2134645,643496960.2085125,17.1,0.0,17.84,BID
1494,1712704181.202964,643500954.5057126,17.07,-3.374947510549969e-07,17.84,ASK
1495,1712704200.2529287,643500954.5057126,17.07,-0.0,17.84,ASK
1496,1712704214.904343,643506617.7609037,17.07,-4.814571307664537e-07,17.84,ASK
1497,1712704217.3528812,643517565.4928586,17.07,-9.30712715138928e-07,17.84,ASK
1498,1712704223.4532237,643530275.6638587,17.07,-1.0805450672332305e-06,17.84,ASK
1499,1712704226.6630692,643530752.8007653,17.07,-4.056341420167821e-08,17.84,ASK
1500,1712704230.233451,643530752.8007653,17.07,-0.0,17.84,ASK
1501,1712704260.3132603,643530752.8007653,17.07,-0.0,17.84,ASK
1502,1712704276.8036778,643532193.5616653,17.08,-1.2247984432204657e-07,17.84,ASK
1503,1712704290.3135166,643532193.5616653,17.08,-0.0,17.84,ASK
1504,1712704307.8632357,643556779.5616653,17.08,-2.090064460374864e-06,17.84,ASK
1505,1712704320.2174797,643556779.5616653,17.08,-0.0,17.84,ASK
1506,1712704325.9136612,643561836.696687,17.08,-4.298934707524008e-07,17.84,ASK
1507,1712704325.9183614,643575092.5616653,17.08,-1.126845492342002e-06,17.84,ASK
1508,1712704325.9833612,643587911.5616653,17.08,-1.089708773434563e-06,17.84,ASK
1509,1712704327.6134484,643599693.7315315,17.08,-1.0015706274513702e-06,17.84,ASK
1510,1712704339.0535424,643699693.7315315,17.08,-8.500731519108846e-06,17.84,ASK
1511,1712704347.6637392,643700249.287087,17.1,4.722628620938962e-08,17.84,BID
1512,1712704348.2038405,643706107.5179013,17.08,-4.979924732965542e-07,17.84,ASK
1513,1712704348.9840565,643717751.6826881,17.1,9.898391861698107e-07,17.84,BID
1514,1712704348.9890623,643727456.3723377,17.1,8.249696118737031e-07,17.84,BID
1515,1712704348.993097,643820622.514024,17.1,7.919803571466636e-06,17.84,BID
1516,1712704348.997268,644036554.212997,17.1,1.835577399433998e-05,17.84,BID
1517,1712704349.0010478,644314203.8757167,17.1,2.36022523915152e-05,17.84,BID
1518,1712704349.104082,644331035.6354606,17.1,-1.430822705772839e-06,17.84,ASK
1519,1712704349.107948,644335898.4752581,17.11,4.133769553895789e-07,17.84,BID
1520,1712704349.563727,644342614.0988091,17.12,5.708771279054961e-07,17.84,BID
1521,1712704350.0733669,644365423.0988091,17.1,-1.938931852193537e-06,17.84,ASK
1522,1712704350.1220531,644388232.0988091,17.1,-1.938931852193537e-06,17.84,ASK
1523,1712704350.2357955,644388232.0988091,17.1,-0.0,17.84,ASK
1524,1712704362.793888,644433234.8711091,17.1,-3.820947681594827e-06,17.84,ASK
1525,1712704364.2435129,644434994.401901,17.1,-1.493924653153621e-07,17.84,ASK
1526,1712704364.403725,644464106.489901,17.1,-2.47175361571542e-06,17.84,ASK
1527,1712704380.3277838,644464106.489901,17.1,-0.0,17.84,ASK
1528,1712704387.8098662,644464719.6471049,17.1,-5.2054205073970414e-08,17.84,ASK
1529,1712704396.3138096,644465150.0497253,17.1,-3.6539187871425376e-08,17.84,ASK
1530,1712704410.3239386,644465150.0497253,17.1,-0.0,17.84,ASK
1531,1712704434.623822,644465650.0497253,17.17,4.24476185573247e-08,17.84,BID
1532,1712704440.2260363,644465650.0497253,17.17,0.0,17.84,BID
1533,1712704469.6040435,644467650.0497253,17.17,1.697903504817429e-07,17.84,BID
1534,1712704470.203889,644467650.0497253,17.17,0.0,17.84,BID
1535,1712704500.2540338,644467650.0497253,17.17,0.0,17.84,BID
1536,1712704518.5366368,644480572.7265224,17.11,-1.101832779842411e-06,17.84,ASK
1537,1712704518.5411088,644481498.0497253,17.1,-7.88963039818426e-08,17.84,ASK
1538,1712704530.2241015,644481498.0497253,17.1,-0.0,17.84,ASK
1539,1712704533.454178,644515527.0497253,17.1,-2.901373363211581e-06,17.84,ASK
1540,1712704533.6040184,644539347.0497253,17.1,-2.0309357757118886e-06,17.84,ASK
1541,1712704560.3246696,644539347.0497253,17.1,-0.0,17.84,ASK
1542,1712704584.444831,644541103.4900063,17.1,-1.497446079782213e-07,17.84,ASK
1543,1712704586.29449,644572319.9227062,17.1,-2.6613443836401426e-06,17.84,ASK
1544,1712704586.2995322,644636333.4076596,17.1,-5.457443850027634e-06,17.84,ASK
1545,1712704586.4143264,644649710.3231555,17.1,1.1404435371457972e-06,17.84,BID
1546,1712704586.674075,644653165.1408702,17.1,2.945390913138428e-07,17.84,BID
1547,1712704590.3263464,644653165.1408702,17.1,0.0,17.84,BID
1548,1712704606.9888587,644682404.906952,17.1,-2.49241090206144e-06,17.84,ASK
1549,1712704606.9912252,644882080.4492978,17.1,-1.7020433652757922e-05,17.84,ASK
1550,1712704616.6352572,644882580.4492978,17.09,-4.262022642534004e-08,17.84,ASK
1551,1712704616.64425,644982580.4492978,17.09,-8.524045285068008e-06,17.84,ASK
1552,1712704616.6466808,645333639.2441972,17.08,-2.99244106544443e-05,17.84,ASK
