,time,acc_trade_volume,trade_price,dev,high,ask_bid
0,1712689619.141471,42578971.05740822,790.8,0.0,865.0,ASK
1,1712689620.4457772,42578971.05740822,790.8,-0.0,865.0,ASK
2,1712689650.4461584,42578971.05740822,790.8,-0.0,865.0,ASK
3,1712689651.6248913,42578976.99730211,790.7,-1.5846040661400366e-10,865.0,ASK
4,1712689651.6262877,42578978.20561774,790.8,-3.223461398826113e-11,865.0,ASK
5,1712689655.6549385,42578997.55976674,790.7,-5.163166848863217e-10,865.0,ASK
6,1712689680.455679,42578997.55976674,790.7,-0.0,865.0,ASK
7,1712689696.2750766,42578997.5597671,790.7,-9.54054514877824e-18,865.0,ASK
8,1712689710.446319,42578997.5597671,790.7,-0.0,865.0,ASK
9,1712689711.2051735,42578997.55976752,790.1,-1.1329397364174077e-17,865.0,ASK
10,1712689711.2067957,42579314.99755539,790.1,-8.468382395634256e-09,865.0,ASK
11,1712689740.0853548,42579325.11401108,790.0,-2.6987970096099063e-10,865.0,ASK
12,1712689740.0865438,42579331.56970655,790.0,-1.7222051054283727e-10,865.0,ASK
13,1712689740.087768,42579344.22793512,790.0,-3.376873329772503e-10,865.0,ASK
14,1712689740.1859975,42581114.44022512,789.9,-4.722448040549928e-08,865.0,ASK
15,1712689740.696797,42581114.44022512,789.9,-0.0,865.0,ASK
16,1712689758.1551514,42582038.07660512,789.9,-2.4639023620753416e-08,865.0,ASK
17,1712689758.1568851,42582038.07660516,789.9,-1.1925149460801132e-18,865.0,ASK
18,1712689758.255047,42582045.67635116,789.5,-2.0273164328378624e-10,865.0,ASK
19,1712689758.256662,42582144.01894916,789.7,-2.623397743396281e-09,865.0,ASK
20,1712689770.6750312,42582144.01894916,789.7,-0.0,865.0,ASK
21,1712689776.5352252,42582482.39713049,789.5,-9.026417014796104e-09,865.0,ASK
22,1712689776.5371192,42582482.39713116,789.5,-1.7887336141210206e-17,865.0,ASK
23,1712689776.544824,42582482.39713141,789.5,-6.757438097790521e-18,865.0,ASK
24,1712689777.354983,42582495.07140263,789.0,-3.3809289040641536e-10,865.0,ASK
25,1712689777.356615,42583001.97887951,789.0,-1.3522025138376164e-08,865.0,ASK
26,1712689777.414928,42583601.97887951,788.9,-1.6005317445636804e-08,865.0,ASK
27,1712689778.394943,42583840.83887951,789.1,6.371716875092112e-09,865.0,BID
28,1712689778.714939,42584464.36646112,789.1,1.6632928132958045e-08,865.0,BID
29,1712689800.445434,42584464.36646112,789.1,0.0,865.0,BID
30,1712689830.4549687,42584464.36646112,789.1,0.0,865.0,BID
31,1712689860.6652725,42584483.2415083,788.3,-5.037086997575654e-10,865.0,ASK
32,1712689860.6749415,42584483.2415083,788.3,-0.0,865.0,ASK
33,1712689860.8049166,42584502.11655548,788.3,-5.037084999470638e-10,865.0,ASK
34,1712689864.5950656,42584686.08874648,788.3,-4.9095695207476145e-09,865.0,ASK
35,1712689866.445379,42584966.02008365,790.0,7.470381003858831e-09,865.0,BID
36,1712689866.4476466,42585017.04049108,790.0,1.361554895329621e-09,865.0,BID
37,1712689878.8150134,42590017.04049108,789.9,1.3343238165782858e-07,865.0,BID
38,1712689890.6653764,42590017.04049108,789.9,0.0,865.0,BID
39,1712689913.6352062,42590017.04049167,788.3,-1.5705717719562933e-17,865.0,ASK
40,1712689913.6369236,42590529.72762691,788.2,-1.3680217401889296e-08,865.0,ASK
41,1712689920.4351416,42590529.72762691,788.2,-0.0,865.0,ASK
42,1712689920.925639,42590542.41798223,788.0,-3.386177178157856e-10,865.0,ASK
43,1712689920.9278493,42592370.95422172,788.0,-4.879097180111397e-08,865.0,ASK
44,1712689943.2356198,42592720.85148072,788.8,9.336335221955338e-09,865.0,BID
45,1712689943.2549715,42596045.07220972,788.8,8.870043499635791e-08,865.0,BID
46,1712689943.2649412,42596900.76262572,788.8,2.2832452568104813e-08,865.0,BID
47,1712689943.3651602,42598113.13413075,788.8,3.234980124388081e-08,865.0,BID
48,1712689945.1251352,42601370.24334434,788.8,8.690969331699791e-08,865.0,BID
49,1712689950.45707,42601370.24334434,788.8,0.0,865.0,BID
50,1712689980.664988,42601370.24334434,788.8,0.0,865.0,BID
51,1712689997.044872,42602021.10452534,788.8,-1.7363017499893438e-08,865.0,ASK
52,1712689997.064957,42602021.10452632,788.8,-2.6037437818364764e-17,865.0,ASK
53,1712690008.8052657,42602671.97715732,788.8,1.7363322951238016e-08,865.0,BID
54,1712690010.6751108,42602671.97715732,788.8,0.0,865.0,BID
55,1712690040.426371,42602671.97715732,788.8,0.0,865.0,BID
56,1712690070.4262736,42602671.97715732,788.8,0.0,865.0,BID
57,1712690099.5977442,42603870.66458149,788.8,3.1976497044108755e-08,865.0,BID
58,1712690100.47737,42603870.66458149,788.8,0.0,865.0,BID
59,1712690124.195006,42604036.68418079,788.8,4.429128671290399e-09,865.0,BID
60,1712690124.235496,42605835.66752172,788.8,4.7993903902217546e-08,865.0,BID
61,1712690124.2776527,42606338.82503758,788.8,1.3423411387111273e-08,865.0,BID
62,1712690124.2792616,42606663.19814999,788.8,8.653738826199474e-09,865.0,BID
63,1712690124.3150902,42607597.16720854,788.8,2.4916751714035322e-08,865.0,BID
64,1712690124.8150034,42607844.52421286,788.8,6.5990762809470125e-09,865.0,BID
65,1712690130.4163623,42607844.52421286,788.8,0.0,865.0,BID
66,1712690132.99508,42608178.93885536,788.8,8.920884249351942e-09,865.0,BID
67,1712690137.7951229,42608191.61634014,788.8,3.3818607180431275e-10,865.0,BID
68,1712690138.175283,42608209.57204185,788.0,-4.789884060206669e-10,865.0,ASK
69,1712690160.675248,42608209.57204185,788.0,-0.0,865.0,ASK
70,1712690178.9251308,42608526.50916152,788.8,8.454586859620814e-09,865.0,BID
71,1712690180.1251433,42609143.0712263,788.0,-1.6447355666224555e-08,865.0,ASK
72,1712690180.126924,42612694.75624352,788.0,-9.474443860457749e-08,865.0,ASK
73,1712690180.1450517,42616780.7150263,788.0,-1.0899667880419325e-07,865.0,ASK
74,1712690180.2650456,42618073.40074741,787.8,-3.448357113462912e-08,865.0,ASK
75,1712690182.1352704,42619406.22633766,787.8,3.5554338769724155e-08,865.0,BID
76,1712690182.1373816,42622647.71742354,787.8,8.646973244672164e-08,865.0,BID
77,1712690182.1395187,42623073.40074741,787.9,1.1355491083139092e-08,865.0,BID
78,1712690190.2250404,42623493.33987041,788.7,1.1202259283568264e-08,865.0,BID
79,1712690190.2465217,42623493.33987058,788.7,4.571273822919208e-18,865.0,BID
80,1712690190.2666411,42623620.11471845,788.8,3.3818347439675757e-09,865.0,BID
81,1712690190.3661044,42624845.41682213,788.7,-3.268605165461047e-08,865.0,ASK
82,1712690190.7363658,42624845.41682213,788.7,-0.0,865.0,ASK
83,1712690192.6553864,42624845.41682217,788.7,-1.1920893368503746e-18,865.0,ASK
84,1712690192.658815,42625705.80953317,788.7,-2.2943737134364068e-08,865.0,ASK
85,1712690216.6551926,42628947.30061817,788.1,-8.643950422512194e-08,865.0,ASK
86,1712690216.6750154,42628947.30061905,788.1,-2.344442362472404e-17,865.0,ASK
87,1712690220.4450023,42628947.30061905,788.1,-0.0,865.0,ASK
88,1712690249.4254937,42629247.30061905,788.1,7.999286430187041e-09,865.0,BID
89,1712690250.4978485,42629247.30061905,788.1,0.0,865.0,BID
90,1712690261.679294,42629459.86193194,788.8,5.6677603550787305e-09,865.0,BID
91,1712690274.4502723,42629618.29746632,788.8,4.224544101564672e-09,865.0,BID
92,1712690280.6550612,42629618.29746632,788.8,0.0,865.0,BID
93,1712690282.7450595,42629656.19746632,788.8,1.0105622626319196e-09,865.0,BID
94,1712690286.4951782,42629694.09746632,788.8,1.0105622626319196e-09,865.0,BID
95,1712690286.6351178,42629981.66491562,788.8,7.667673146090249e-09,865.0,BID
96,1712690289.3050218,42630019.56491562,788.8,1.0105622626319196e-09,865.0,BID
97,1712690292.3150458,42630057.46491562,788.8,1.0105622626319196e-09,865.0,BID
98,1712690292.5149355,42635002.32423462,788.8,1.3184929345654608e-07,865.0,BID
99,1712690292.5954833,42636227.6263383,788.8,3.2671347397218566e-08,865.0,BID
100,1712690292.6597729,42639752.22470002,788.8,9.397958035420024e-08,865.0,BID
101,1712690298.7450323,42639980.80438202,789.5,-6.0948285129991525e-09,865.0,ASK
102,1712690298.7650545,42639980.80438232,789.5,-7.946464998675304e-18,865.0,ASK
103,1712690310.675547,42639980.80438232,789.5,-0.0,865.0,ASK
104,1712690335.0951214,42640234.12927149,789.5,6.753160662293434e-09,865.0,BID
105,1712690340.426621,42640234.12927149,789.5,0.0,865.0,BID
106,1712690370.4560287,42640234.12927149,789.5,0.0,865.0,BID
107,1712690400.496508,42640234.12927149,789.5,0.0,865.0,BID
108,1712690430.4451935,42640234.12927149,789.5,0.0,865.0,BID
109,1712690441.655211,42640654.06839449,789.5,-1.1202616848693186e-08,865.0,ASK
110,1712690441.656361,42641500.75371734,789.5,-2.2586824479732733e-08,865.0,ASK
111,1712690444.5251577,42641837.82865309,789.5,8.992068487319338e-09,865.0,BID
112,1712690444.7649534,42642347.43903909,789.5,1.3594755962997298e-08,865.0,BID
113,1712690460.676117,42642347.43903909,789.5,0.0,865.0,BID
114,1712690490.6851072,42642347.43903909,789.5,0.0,865.0,BID
115,1712690520.4451132,42642347.43903909,789.5,0.0,865.0,BID
116,1712690526.045313,42645588.93012497,790.7,8.646864383732528e-08,865.0,BID
117,1712690526.0472107,42646009.74041242,790.7,1.1225357067117593e-08,865.0,BID
118,1712690536.22523,42646330.24156642,790.8,8.549553091549558e-09,865.0,BID
119,1712690536.2654457,42646619.21538377,790.8,7.708543207003245e-09,865.0,BID
120,1712690545.3757954,42650845.07267777,791.0,1.1272718004811801e-07,865.0,BID
121,1712690545.3951185,42650845.07267798,791.0,5.564958940978544e-18,865.0,BID
122,1712690549.885614,42651223.86055677,791.6,1.0104385084870838e-08,865.0,BID
123,1712690550.445917,42651223.86055677,791.6,0.0,865.0,BID
124,1712690556.4552796,42651746.29630177,791.6,1.3933665397999345e-08,865.0,BID
125,1712690556.4784188,42651746.29630219,791.6,1.1326545300450637e-17,865.0,BID
126,1712690580.6651697,42651746.29630219,791.6,0.0,865.0,BID
127,1712690588.7452898,42654563.53449819,792.0,7.513655368652203e-08,865.0,BID
128,1712690588.7651286,42654563.53449833,792.0,3.5767643277742375e-18,865.0,BID
129,1712690591.8553874,42654689.63790312,793.0,3.363214107177953e-09,865.0,BID
130,1712690594.765368,42655212.61110012,793.0,1.3947845712590092e-08,865.0,BID
131,1712690594.7679667,42656163.99449833,793.0,2.5373669105147722e-08,865.0,BID
132,1712690599.3752978,42659405.48558421,793.2,-8.645150038940067e-08,865.0,ASK
133,1712690610.6753547,42659405.48558421,793.2,-0.0,865.0,ASK
134,1712690640.4451675,42659405.48558421,793.2,-0.0,865.0,ASK
135,1712690670.4452045,42659405.48558421,793.2,-0.0,865.0,ASK
136,1712690700.6755035,42659405.48558421,793.2,-0.0,865.0,ASK
137,1712690730.7049432,42659405.48558421,793.2,-0.0,865.0,ASK
138,1712690760.4062104,42659405.48558421,793.2,-0.0,865.0,ASK
139,1712690790.4410722,42659405.48558421,793.2,-0.0,865.0,ASK
140,1712690794.0348754,42659531.39862821,794.6,3.3578226645122903e-09,865.0,BID
141,1712690794.0366306,42659629.74122621,794.5,2.622579789526912e-09,865.0,BID
142,1712690820.6666925,42659629.74122621,794.5,0.0,865.0,BID
143,1712690850.6949291,42659629.74122621,794.5,0.0,865.0,BID
144,1712690880.4446986,42659629.74122621,794.5,0.0,865.0,BID
145,1712690902.5949872,42659629.7412271,794.5,-2.3644059721643505e-17,865.0,ASK
146,1712690902.604612,42659807.2889921,794.5,-4.7347840821338365e-09,865.0,ASK
147,1712690910.4248655,42659807.2889921,794.5,-0.0,865.0,ASK
148,1712690918.0785997,42659854.0488921,794.0,-1.2469725956202254e-09,865.0,ASK
149,1712690918.0808742,42660088.7638921,794.0,-6.2592771317558035e-09,865.0,ASK
150,1712690918.083082,42663003.1704921,794.0,-7.772012263515217e-08,865.0,ASK
151,1712690940.6746848,42663003.1704921,794.0,-0.0,865.0,ASK
152,1712690954.7851453,42663003.17049247,794.6,9.933769287815932e-18,865.0,BID
153,1712690970.6757874,42663003.17049247,794.6,0.0,865.0,BID
154,1712691000.539524,42663003.17049247,794.6,0.0,865.0,BID
155,1712691030.4346287,42663003.17049247,794.6,0.0,865.0,BID
156,1712691045.1832776,42664261.66533264,794.6,3.3580135508155626e-08,865.0,BID
157,1712691060.6645803,42664261.66533264,794.6,0.0,865.0,BID
158,1712691090.6963372,42664261.66533264,794.6,0.0,865.0,BID
159,1712691091.9345548,42666244.66157764,794.6,5.2910432172342784e-08,865.0,BID
160,1712691120.4646227,42666244.66157764,794.6,0.0,865.0,BID
161,1712691150.426108,42666244.66157764,794.6,0.0,865.0,BID
162,1712691153.2244391,42666244.66157835,794.6,1.8884908323781712e-17,865.0,BID
163,1712691153.2345667,42669132.70447764,795.0,7.705570505009133e-08,865.0,BID
164,1712691159.5544877,42669145.28942604,795.8,3.3577827831204686e-10,865.0,BID
165,1712691171.3746707,42669155.71643234,794.7,-2.782023500969183e-10,865.0,ASK
166,1712691171.6147468,42669532.96959214,794.7,1.0065469670767846e-08,865.0,BID
167,1712691172.9079924,42670842.16863614,794.7,3.493066374169944e-08,865.0,BID
168,1712691172.9247184,42670892.22077336,794.7,1.335438169418971e-09,865.0,BID
169,1712691180.6446166,42670892.22077336,794.7,0.0,865.0,BID
170,1712691210.6664624,42670892.22077336,794.7,0.0,865.0,BID
171,1712691215.444979,42672313.17992075,794.0,3.790879200971649e-08,865.0,BID
172,1712691215.448231,42672843.97289702,794.0,1.4160660828879576e-08,865.0,BID
173,1712691240.4161758,42672843.97289702,794.0,0.0,865.0,BID
174,1712691244.144651,42673096.02456609,793.5,-6.7240351699327325e-09,865.0,ASK
175,1712691244.1473155,42673106.46734176,793.5,-2.7858411378176687e-10,865.0,ASK
176,1712691270.4260166,42673106.46734176,793.5,-0.0,865.0,ASK
177,1712691300.6543217,42673106.46734176,793.5,-0.0,865.0,ASK
178,1712691330.7060854,42673106.46734176,793.5,-0.0,865.0,ASK
179,1712691360.446099,42673106.46734176,793.5,-0.0,865.0,ASK
180,1712691390.446077,42673106.46734176,793.5,-0.0,865.0,ASK
181,1712691395.7163064,42673180.57618454,791.1,-1.9772583688040596e-09,865.0,ASK
182,1712691395.7187138,42675469.4546092,792.0,-6.106834016561825e-08,865.0,ASK
183,1712691395.7211218,42675477.8864078,792.2,-2.2496430546269567e-10,865.0,ASK
184,1712691395.7235446,42687402.66951592,790.4,-3.181587555732351e-07,865.0,ASK
185,1712691420.6644218,42687402.66951592,790.4,-0.0,865.0,ASK
186,1712691427.304686,42690644.1606018,791.1,-8.645841447500543e-08,865.0,ASK
187,1712691427.3077283,42690784.25501287,790.6,-3.736657092929666e-09,865.0,ASK
188,1712691450.666321,42690784.25501287,790.6,-0.0,865.0,ASK
189,1712691480.4159577,42690784.25501287,790.6,-0.0,865.0,ASK
190,1712691510.4161313,42690784.25501287,790.6,-0.0,865.0,ASK
191,1712691540.654481,42690784.25501287,790.6,-0.0,865.0,ASK
192,1712691570.6645017,42690784.25501287,790.6,-0.0,865.0,ASK
193,1712691600.4357996,42690784.25501287,790.6,-0.0,865.0,ASK
194,1712691630.4343705,42690784.25501287,790.6,-0.0,865.0,ASK
195,1712691643.2344456,42690847.3146673,792.9,1.6832149187319071e-09,865.0,BID
196,1712691644.925907,42691248.42761174,790.4,-1.0706676055932562e-08,865.0,ASK
197,1712691660.667699,42691248.42761174,790.4,-0.0,865.0,ASK
198,1712691690.675093,42691248.42761174,790.4,-0.0,865.0,ASK
199,1712691720.454166,42691248.42761174,790.4,-0.0,865.0,ASK
200,1712691722.514358,42691248.42761262,791.5,-2.346690714089968e-17,865.0,ASK
201,1712691722.5175176,42694151.86540762,791.5,-7.74990281338787e-08,865.0,ASK
202,1712691750.434203,42694151.86540762,791.5,-0.0,865.0,ASK
203,1712691780.67424,42694151.86540762,791.5,-0.0,865.0,ASK
204,1712691810.7142265,42694151.86540762,791.5,-0.0,865.0,ASK
205,1712691840.416144,42694151.86540762,791.5,-0.0,865.0,ASK
206,1712691869.444479,42694164.46939047,793.4,3.3640689984034067e-10,865.0,BID
207,1712691870.4342637,42694164.46939047,793.4,0.0,865.0,BID
208,1712691872.4946032,42694290.81177834,791.5,-3.3721435680699803e-09,865.0,ASK
209,1712691872.4978466,42694356.27747564,791.5,-1.747313263685944e-09,865.0,ASK
210,1712691900.467342,42694356.27747564,791.5,-0.0,865.0,ASK
211,1712691930.434746,42694356.27747564,791.5,-0.0,865.0,ASK
212,1712691932.34455,42694722.17575591,791.1,-9.772250987597309e-09,865.0,ASK
213,1712691960.6541786,42694722.17575591,791.1,-0.0,865.0,ASK
214,1712691990.6642184,42694722.17575591,791.1,-0.0,865.0,ASK
215,1712692020.4243252,42694722.17575591,791.1,-0.0,865.0,ASK
216,1712692042.4442856,42695960.25920273,791.0,-3.306593472783492e-08,865.0,ASK
217,1712692050.4263458,42695960.25920273,791.0,-0.0,865.0,ASK
218,1712692080.6442957,42695960.25920273,791.0,-0.0,865.0,ASK
219,1712692110.674511,42695960.25920273,791.0,-0.0,865.0,ASK
220,1712692137.3047104,42699648.45690248,791.0,-9.84994307787614e-08,865.0,ASK
221,1712692140.45443,42699648.45690248,791.0,-0.0,865.0,ASK
222,1712692145.794389,42699870.85925548,791.0,-5.9391606111085635e-09,865.0,ASK
223,1712692170.434233,42699870.85925548,791.0,-0.0,865.0,ASK
224,1712692200.4645712,42699870.85925548,791.0,-0.0,865.0,ASK
225,1712692223.1443603,42699870.85925591,791.0,-1.1549539576531592e-17,865.0,ASK
226,1712692223.1476018,42699997.34546848,790.6,-3.380568568745745e-09,865.0,ASK
227,1712692230.436297,42699997.34546848,790.6,-0.0,865.0,ASK
228,1712692260.6641188,42699997.34546848,790.6,-0.0,865.0,ASK
229,1712692290.6640985,42699997.34546848,790.6,-0.0,865.0,ASK
230,1712692320.4442437,42699997.34546848,790.6,-0.0,865.0,ASK
231,1712692350.4459505,42699997.34546848,790.6,-0.0,865.0,ASK
232,1712692380.6672137,42699997.34546848,790.6,-0.0,865.0,ASK
233,1712692410.684543,42699997.34546848,790.6,-0.0,865.0,ASK
234,1712692440.4060278,42699997.34546848,790.6,-0.0,865.0,ASK
235,1712692470.444613,42699997.34546848,790.6,-0.0,865.0,ASK
236,1712692500.664321,42699997.34546848,790.6,-0.0,865.0,ASK
237,1712692530.6849508,42699997.34546848,790.6,-0.0,865.0,ASK
238,1712692560.4543936,42699997.34546848,790.6,-0.0,865.0,ASK
239,1712692590.4162774,42699997.34546848,790.6,-0.0,865.0,ASK
240,1712692620.674673,42699997.34546848,790.6,-0.0,865.0,ASK
241,1712692650.674491,42699997.34546848,790.6,-0.0,865.0,ASK
242,1712692680.48322,42699997.34546848,790.6,-0.0,865.0,ASK
243,1712692697.342989,42700132.34044348,793.0,3.610050518796866e-09,865.0,BID
244,1712692697.386797,42702972.17326848,793.0,7.594312279519138e-08,865.0,BID
245,1712692698.322884,42703478.17326848,793.0,-1.3531507839479404e-08,865.0,ASK
246,1712692710.4552376,42703478.17326848,793.0,-0.0,865.0,ASK
247,1712692740.6422064,42703478.17326848,793.0,-0.0,865.0,ASK
248,1712692767.4368596,42703515.53586848,793.1,-9.99081023987292e-10,865.0,ASK
249,1712692770.6864617,42703515.53586848,793.1,-0.0,865.0,ASK
250,1712692780.5512877,42704739.04831576,793.1,-3.2716863926766515e-08,865.0,ASK
251,1712692800.5222783,42704739.04831576,793.1,-0.0,865.0,ASK
252,1712692807.0510316,42704991.22332521,793.1,-6.754299074035364e-09,865.0,ASK
253,1712692822.960166,42705571.52014534,792.2,-1.5542770409853377e-08,865.0,ASK
254,1712692822.961597,42705823.98164421,792.2,-6.761972456407299e-09,865.0,ASK
255,1712692822.973247,42705823.98164496,792.2,-1.9955763950484808e-17,865.0,ASK
256,1712692823.0733206,42705972.62135884,792.2,3.981191808259094e-09,865.0,BID
257,1712692823.290879,42706328.90464416,792.2,9.5427531436688e-09,865.0,BID
258,1712692823.2938187,42706834.89733484,792.2,1.3552595753341964e-08,865.0,BID
259,1712692830.140433,42706834.89733549,792.2,1.7561072276426638e-17,865.0,BID
260,1712692830.4203863,42706834.89733549,792.2,0.0,865.0,BID
261,1712692860.6627357,42706834.89733549,792.2,0.0,865.0,BID
262,1712692890.6632345,42706834.89733549,792.2,0.0,865.0,BID
263,1712692920.429113,42706834.89733549,792.2,0.0,865.0,BID
264,1712692950.4304795,42706834.89733549,792.2,0.0,865.0,BID
265,1712692980.6683872,42706834.89733549,792.2,0.0,865.0,BID
266,1712693010.6578078,42706834.89733549,792.2,0.0,865.0,BID
267,1712693040.4106872,42706834.89733549,792.2,0.0,865.0,BID
268,1712693070.4385953,42706834.89733549,792.2,0.0,865.0,BID
269,1712693100.6566136,42706834.89733549,792.2,0.0,865.0,BID
270,1712693130.686237,42706834.89733549,792.2,0.0,865.0,BID
271,1712693143.656075,42706998.46049603,794.7,4.380722271631868e-09,865.0,BID
272,1712693160.4361477,42706998.46049603,794.7,0.0,865.0,BID
273,1712693190.41585,42706998.46049603,794.7,0.0,865.0,BID
274,1712693220.6755378,42706998.46049603,794.7,0.0,865.0,BID
275,1712693250.6655612,42706998.46049603,794.7,0.0,865.0,BID
276,1712693280.4279342,42706998.46049603,794.7,0.0,865.0,BID
277,1712693289.350088,42707234.17562651,794.5,6.3131509784776705e-09,865.0,BID
278,1712693290.8547132,42707833.17227525,794.2,-1.6042908537312078e-08,865.0,ASK
279,1712693297.2948165,42708462.49889576,794.5,1.6855235223802946e-08,865.0,BID
280,1712693304.5747466,42708487.05135529,793.0,-6.575877568605472e-10,865.0,ASK
281,1712693304.584432,42708499.66169576,793.0,-3.3774235516292187e-10,865.0,ASK
282,1712693310.446324,42708499.66169576,793.0,-0.0,865.0,ASK
283,1712693329.7244828,42708536.82449576,793.8,-9.952983241277982e-10,865.0,ASK
284,1712693340.6642082,42708536.82449576,793.8,-0.0,865.0,ASK
285,1712693345.2547653,42708584.82449576,794.0,-1.2855404279103339e-09,865.0,ASK
286,1712693356.4342866,42708686.37544102,793.0,-2.7197467838284276e-09,865.0,ASK
287,1712693356.4381151,42708862.5425844,793.1,-4.718124684950607e-09,865.0,ASK
288,1712693356.4418294,42708988.64598919,793.0,-3.3773130198936717e-09,865.0,ASK
289,1712693356.534139,42725074.35911519,793.0,4.308090528176193e-07,865.0,BID
290,1712693356.554088,42726084.82449576,793.0,2.7062377036017253e-08,865.0,BID
291,1712693370.6551218,42726084.82449576,793.0,0.0,865.0,BID
292,1712693400.4640248,42726084.82449576,793.0,0.0,865.0,BID
293,1712693425.3436625,42726094.24150627,792.3,-2.5219169160682007e-10,865.0,ASK
294,1712693430.4233515,42726094.24150627,792.3,-0.0,865.0,ASK
295,1712693460.656211,42726094.24150627,792.3,-0.0,865.0,ASK
296,1712693490.663154,42726094.24150627,792.3,-0.0,865.0,ASK
297,1712693520.4230776,42726094.24150627,792.3,-0.0,865.0,ASK
298,1712693550.4335656,42726094.24150627,792.3,-0.0,865.0,ASK
299,1712693580.6425698,42726094.24150627,792.3,-0.0,865.0,ASK
300,1712693610.6823778,42726094.24150627,792.3,-0.0,865.0,ASK
301,1712693640.4623277,42726094.24150627,792.3,-0.0,865.0,ASK
302,1712693670.4118629,42726094.24150627,792.3,-0.0,865.0,ASK
303,1712693684.1217802,42726164.33071901,794.7,1.877019631231975e-09,865.0,BID
304,1712693700.4445074,42726164.33071901,794.7,0.0,865.0,BID
305,1712693730.4145155,42726164.33071901,794.7,0.0,865.0,BID
306,1712693760.6342072,42726164.33071901,794.7,0.0,865.0,BID
307,1712693790.6611917,42726164.33071901,794.7,0.0,865.0,BID
308,1712693820.4209478,42726164.33071901,794.7,0.0,865.0,BID
309,1712693820.6218762,42726792.62928648,795.8,1.6831685484505136e-08,865.0,BID
310,1712693822.851064,42726805.22374491,794.0,-3.3739685876613487e-10,865.0,ASK
311,1712693831.940994,42729674.27669491,795.9,7.685995065528539e-08,865.0,BID
312,1712693831.961137,42729674.27669559,795.9,1.8163228528055978e-17,865.0,BID
313,1712693850.4330957,42729674.27669559,795.9,0.0,865.0,BID
314,1712693880.640501,42729674.27669559,795.9,0.0,865.0,BID
315,1712693910.660537,42729674.27669559,795.9,0.0,865.0,BID
316,1712693938.8303475,42729737.09865815,795.9,-1.6828311334386915e-09,865.0,ASK
317,1712693938.8334365,42729745.27669559,795.9,-2.1906759107464117e-10,865.0,ASK
318,1712693940.140565,42729745.46122263,795.9,-4.9429824688249415e-12,865.0,ASK
319,1712693940.1473014,42729751.99470673,795.9,-1.7501443753115128e-10,865.0,ASK
320,1712693940.1543505,42729814.82456259,795.8,-1.6830425735228231e-09,865.0,ASK
321,1712693940.4304807,42729814.82456259,795.8,-0.0,865.0,ASK
322,1712693957.7804956,42729814.82456348,795.8,-2.3949646099900522e-17,865.0,ASK
323,1712693957.8402016,42730348.06345533,795.8,1.4283990556523338e-08,865.0,BID
324,1712693957.8603532,42730348.06345534,795.8,3.9916076833167544e-19,865.0,BID
325,1712693970.4114509,42730348.06345534,795.8,0.0,865.0,BID
326,1712694000.4701056,42730348.06345534,795.8,0.0,865.0,BID
327,1712694030.4098954,42730348.06345534,795.8,0.0,865.0,BID
328,1712694052.62966,42730360.6057857,797.3,3.3608880623254836e-10,865.0,BID
329,1712694060.6396344,42730360.6057857,797.3,0.0,865.0,BID
330,1712694069.4297874,42730360.60578636,795.8,-1.7768706748666846e-17,865.0,ASK
331,1712694069.4332695,42732426.86720136,795.8,-5.5368271016537524e-08,865.0,ASK
332,1712694090.649573,42732426.86720136,795.8,-0.0,865.0,ASK
333,1712694118.9631429,42732776.62373436,795.8,9.371786709068837e-09,865.0,BID
334,1712694119.6494906,42732776.62373439,795.8,7.985583756027197e-19,865.0,BID
335,1712694119.6531177,42732782.89804732,796.9,1.6812129856464563e-10,865.0,BID
336,1712694120.402074,42732782.89804732,796.9,0.0,865.0,BID
337,1712694137.069621,42734768.32152032,795.8,-5.319936097401427e-08,865.0,ASK
338,1712694137.0894678,42734768.32152062,795.8,-7.985523129586417e-18,865.0,ASK
339,1712694150.449226,42734768.32152062,795.8,-0.0,865.0,ASK
340,1712694180.6532748,42734768.32152062,795.8,-0.0,865.0,ASK
341,1712694210.679085,42734768.32152062,795.8,-0.0,865.0,ASK
342,1712694240.4187748,42734768.32152062,795.8,-0.0,865.0,ASK
343,1712694270.4090931,42734768.32152062,795.8,-0.0,865.0,ASK
344,1712694300.6462562,42734768.32152062,795.8,-0.0,865.0,ASK
345,1712694330.648424,42734768.32152062,795.8,-0.0,865.0,ASK
346,1712694349.8885665,42735084.32152062,795.8,-8.470939499919167e-09,865.0,ASK
347,1712694349.988359,42737069.74499392,795.8,-5.322279153174491e-08,865.0,ASK
348,1712694350.0686195,42737569.67079179,795.8,-1.3401396165267747e-08,865.0,ASK
349,1712694360.4322157,42737569.67079179,795.8,-0.0,865.0,ASK
350,1712694390.428334,42737569.67079179,795.8,-0.0,865.0,ASK
351,1712694420.6685846,42737569.67079179,795.8,-0.0,865.0,ASK
352,1712694450.6683269,42737569.67079179,795.8,-0.0,865.0,ASK
353,1712694480.3978765,42737569.67079179,795.8,-0.0,865.0,ASK
354,1712694510.3909452,42737569.67079179,795.8,-0.0,865.0,ASK
355,1712694540.427506,42737569.67079179,795.8,-0.0,865.0,ASK
356,1712694570.4537528,42737569.67079179,795.8,-0.0,865.0,ASK
357,1712694600.7474678,42737569.67079179,795.8,-0.0,865.0,ASK
358,1712694630.6471553,42737569.67079179,795.8,-0.0,865.0,ASK
359,1712694660.3972232,42737569.67079179,795.8,-0.0,865.0,ASK
360,1712694690.4655,42737569.67079179,795.8,-0.0,865.0,ASK
361,1712694720.6486237,42737569.67079179,795.8,-0.0,865.0,ASK
362,1712694750.6377208,42737569.67079179,795.8,-0.0,865.0,ASK
363,1712694753.032508,42738210.51168963,795.1,-1.7181526003549193e-08,865.0,ASK
364,1712694753.0361776,42739191.90677279,795.1,-2.63120927484561e-08,865.0,ASK
365,1712694780.4481516,42739191.90677279,795.1,-0.0,865.0,ASK
366,1712694790.778154,42739820.91671078,794.9,-1.6863744055543652e-08,865.0,ASK
367,1712694790.7884326,42739820.91671114,794.9,-9.587996118767085e-18,865.0,ASK
368,1712694790.7915852,42740449.92664949,794.9,-1.6863744065331396e-08,865.0,ASK
369,1712694790.794444,42741826.40786415,794.9,-3.690343426952654e-08,865.0,ASK
370,1712694798.348348,42741863.97026415,794.8,-1.0070472045495222e-09,865.0,ASK
371,1712694810.391923,42741863.97026415,794.8,-0.0,865.0,ASK
372,1712694814.648995,42742043.97026415,794.8,-4.825521667799744e-09,865.0,ASK
373,1712694819.8382893,42742148.97026415,794.8,-2.81488763954985e-09,865.0,ASK
374,1712694840.698718,42742148.97026415,794.8,-0.0,865.0,ASK
375,1712694858.6610725,42742218.97026415,794.8,-1.876580363983016e-09,865.0,ASK
376,1712694870.6418629,42742218.97026415,794.8,-0.0,865.0,ASK
377,1712694900.429315,42742218.97026415,794.8,-0.0,865.0,ASK
378,1712694930.249504,42742282.78647346,795.1,1.711529478257665e-09,865.0,BID
379,1712694930.4193983,42742282.78647346,795.1,0.0,865.0,BID
380,1712694960.6404717,42742282.78647346,795.1,0.0,865.0,BID
381,1712694983.1196516,42744756.76976346,795.5,6.635131752948692e-08,865.0,BID
382,1712694983.219671,42745809.50378154,795.8,2.823393730669259e-08,865.0,BID
383,1712694983.224178,42746505.079577,795.8,1.865508577066612e-08,865.0,BID
384,1712694983.5484388,42748491.2517965,795.5,-5.32684048986416e-08,865.0,ASK
385,1712694983.6597118,42749866.00402376,794.8,-3.687034666889096e-08,865.0,ASK
386,1712694983.6896102,42750477.00402376,794.8,-1.6386794193136135e-08,865.0,ASK
387,1712694983.8095112,42751185.12618076,794.8,-1.8991574550505283e-08,865.0,ASK
388,1712694990.6595757,42751185.12618076,794.8,-0.0,865.0,ASK
389,1712695020.401322,42751185.12618076,794.8,-0.0,865.0,ASK
390,1712695050.4338312,42751185.12618076,794.8,-0.0,865.0,ASK
391,1712695077.400006,42751365.12618076,794.8,-4.826616926843641e-09,865.0,ASK
392,1712695079.4499109,42751545.12618076,794.8,-4.826616926843641e-09,865.0,ASK
393,1712695080.666299,42751545.12618076,794.8,-0.0,865.0,ASK
394,1712695110.6499555,42751545.12618076,794.8,-0.0,865.0,ASK
395,1712695140.420207,42751545.12618076,794.8,-0.0,865.0,ASK
396,1712695146.440776,42752736.53780998,794.8,-3.1946907871093184e-08,865.0,ASK
397,1712695146.4448843,42753559.4366273,794.8,-2.206548270909167e-08,865.0,ASK
398,1712695146.448038,42753609.43662676,794.8,-1.3407166232376231e-09,865.0,ASK
399,1712695146.4510648,42753619.43662676,794.8,-2.6814332752439046e-10,865.0,ASK
400,1712695146.4601448,42753619.4366273,794.8,-1.4384329007384266e-17,865.0,ASK
401,1712695146.480497,42758361.2309343,794.7,-1.271480503915442e-07,865.0,ASK
402,1712695146.4843335,42764506.8830593,794.7,-1.647915610605097e-07,865.0,ASK
403,1712695146.4882026,42793978.3889503,794.7,-7.902587656768145e-07,865.0,ASK
404,1712695146.5607457,42794178.2669273,794.7,-5.359594585127146e-09,865.0,ASK
405,1712695146.5646136,42794917.6728273,794.7,-1.9826675841757588e-08,865.0,ASK
406,1712695146.5684822,42795512.69535126,794.7,-1.5955131952512384e-08,865.0,ASK
407,1712695146.572373,42796979.50899084,794.7,-3.9331629017546594e-08,865.0,ASK
408,1712695170.410469,42796979.50899084,794.7,-0.0,865.0,ASK
409,1712695200.460731,42796979.50899084,794.7,-0.0,865.0,ASK
410,1712695200.5712895,42798346.37699079,794.7,3.662085345321615e-08,865.0,BID
411,1712695200.6046484,42798967.68062712,794.7,1.6645842478589442e-08,865.0,BID
412,1712695210.2205884,42798980.24028549,796.2,3.3649584937312117e-10,865.0,BID
413,1712695230.423867,42798980.24028549,796.2,0.0,865.0,BID
414,1712695256.060804,42799166.13868549,795.8,-4.9803405102372865e-09,865.0,ASK
415,1712695256.0650449,42799259.05518549,795.8,-2.489294200733517e-09,865.0,ASK
416,1712695259.650589,42799461.70698549,795.8,-5.429175124918731e-09,865.0,ASK
417,1712695259.653797,42799554.87338549,795.8,-2.495989186193959e-09,865.0,ASK
418,1712695260.6405077,42799554.87338549,795.8,-0.0,865.0,ASK
419,1712695260.9318497,42799825.66398549,795.8,-7.254569554795202e-09,865.0,ASK
420,1712695290.6605897,42799825.66398549,795.8,-0.0,865.0,ASK
421,1712695293.9906,42800220.66398549,795.9,-1.0582119286405381e-08,865.0,ASK
422,1712695295.010496,42800581.66398549,795.9,-9.67125332251226e-09,865.0,ASK
423,1712695299.7207558,42800844.59348549,795.8,-7.0439274250659425e-09,865.0,ASK
424,1712695299.7305932,42801099.31518549,795.8,-6.824039023322789e-09,865.0,ASK
425,1712695299.7340198,42801244.23388549,795.8,-3.882397393046522e-09,865.0,ASK
426,1712695299.737527,42802517.27233549,795.8,-3.4104923377490806e-08,865.0,ASK
427,1712695299.8106878,42802702.49618549,795.8,-4.962179431277749e-09,865.0,ASK
428,1712695299.8141785,42802963.95118549,795.8,-7.004425311413155e-09,865.0,ASK
429,1712695317.1706882,42802970.31239433,795.8,-1.7041790066674448e-10,865.0,ASK
430,1712695320.415873,42802970.31239433,795.8,-0.0,865.0,ASK
431,1712695350.404353,42802970.31239433,795.8,-0.0,865.0,ASK
432,1712695380.640663,42802970.31239433,795.8,-0.0,865.0,ASK
433,1712695410.6507013,42802970.31239433,795.8,-0.0,865.0,ASK
434,1712695440.4128706,42802970.31239433,795.8,-0.0,865.0,ASK
435,1712695470.4288085,42802970.31239433,795.8,-0.0,865.0,ASK
436,1712695500.4313345,42802970.31239433,795.8,-0.0,865.0,ASK
437,1712695513.951178,42803152.53007524,794.0,-4.8815117272209565e-09,865.0,ASK
438,1712695530.432937,42803152.53007524,794.0,-0.0,865.0,ASK
439,1712695538.4009416,42803748.94658624,795.8,1.5977609274059807e-08,865.0,BID
440,1712695538.5015352,42804157.80778224,795.8,1.0953124731791835e-08,865.0,BID
441,1712695538.5034473,42804157.80778321,795.8,2.59475052218179e-17,865.0,BID
442,1712695547.9513314,42804756.80443195,795.8,-1.6046729481155588e-08,865.0,ASK
443,1712695560.655304,42804756.80443195,795.8,-0.0,865.0,ASK
444,1712695590.6518924,42804756.80443195,795.8,-0.0,865.0,ASK
445,1712695620.4643986,42804756.80443195,795.8,-0.0,865.0,ASK
446,1712695650.4111652,42804756.80443195,795.8,-0.0,865.0,ASK
447,1712695680.681931,42804756.80443195,795.8,-0.0,865.0,ASK
448,1712695699.9510896,42806433.91188395,795.7,-4.49270780530295e-08,865.0,ASK
449,1712695699.9711013,42806433.9118845,795.7,-1.4769613214618533e-17,865.0,ASK
450,1712695710.6435328,42806433.9118845,795.7,-0.0,865.0,ASK
451,1712695740.4130418,42806433.9118845,795.7,-0.0,865.0,ASK
452,1712695770.4319737,42806433.9118845,795.7,-0.0,865.0,ASK
453,1712695800.5223277,42806433.9118845,795.7,-0.0,865.0,ASK
454,1712695823.4912548,42806444.94319176,795.7,2.9555579548136245e-10,865.0,BID
455,1712695830.411298,42806444.94319176,795.7,0.0,865.0,BID
456,1712695860.6516936,42806444.94319176,795.7,0.0,865.0,BID
457,1712695890.6509292,42806444.94319176,795.7,0.0,865.0,BID
458,1712695920.4012878,42806444.94319176,795.7,0.0,865.0,BID
459,1712695948.7315178,42807450.8593652,794.5,-2.6950956760230523e-08,865.0,ASK
460,1712695948.7374227,42807982.6260652,794.0,-1.4247331653056652e-08,865.0,ASK
461,1712695948.740232,42808122.05064431,794.0,-3.735525784364615e-09,865.0,ASK
462,1712695950.4212103,42808122.05064431,794.0,-0.0,865.0,ASK
463,1712695956.650954,42808713.61766758,794.5,1.5848963039982453e-08,865.0,BID
464,1712695980.6714668,42808713.61766758,794.5,0.0,865.0,BID
465,1712696010.651116,42808713.61766758,794.5,0.0,865.0,BID
466,1712696040.444073,42808713.61766758,794.5,0.0,865.0,BID
467,1712696070.430824,42808713.61766758,794.5,0.0,865.0,BID
468,1712696100.6410334,42808713.61766758,794.5,0.0,865.0,BID
469,1712696130.6394258,42808713.61766758,794.5,0.0,865.0,BID
470,1712696160.3942971,42808713.61766758,794.5,0.0,865.0,BID
471,1712696190.4206028,42808713.61766758,794.5,0.0,865.0,BID
472,1712696220.0839183,42808746.15756955,795.7,8.7199970978603e-10,865.0,BID
473,1712696220.6469772,42808746.15756955,795.7,0.0,865.0,BID
474,1712696250.6775658,42808746.15756955,795.7,0.0,865.0,BID
475,1712696280.420549,42808746.15756955,795.7,0.0,865.0,BID
476,1712696310.4006636,42808746.15756955,795.7,0.0,865.0,BID
477,1712696340.6715002,42808746.15756955,795.7,0.0,865.0,BID
478,1712696370.661485,42808746.15756955,795.7,0.0,865.0,BID
479,1712696400.5805857,42808746.15756955,795.7,0.0,865.0,BID
480,1712696409.4203503,42808758.71092129,796.6,3.365123448121457e-10,865.0,BID
481,1712696430.4283657,42808758.71092129,796.6,0.0,865.0,BID
482,1712696460.6603577,42808758.71092129,796.6,0.0,865.0,BID
483,1712696467.6403182,42808778.46362026,796.3,5.295020329897509e-10,865.0,BID
484,1712696490.6503966,42808778.46362026,796.3,0.0,865.0,BID
485,1712696512.5703106,42808816.19946932,795.0,1.0115681100844743e-09,865.0,BID
486,1712696520.4082472,42808816.19946932,795.0,0.0,865.0,BID
487,1712696533.170485,42810278.58266032,794.2,-3.920142379020168e-08,865.0,ASK
488,1712696533.1800802,42810369.44576231,794.2,-2.435724774391062e-09,865.0,ASK
489,1712696550.430325,42810369.44576231,794.2,-0.0,865.0,ASK
490,1712696580.634799,42810369.44576231,794.2,-0.0,865.0,ASK
491,1712696610.6802323,42810369.44576231,794.2,-0.0,865.0,ASK
492,1712696620.5603468,42810369.44576255,794.5,6.59068188877841e-18,865.0,BID
493,1712696620.5704396,42810981.59626955,794.5,1.6409090365827532e-08,865.0,BID
494,1712696640.3901205,42810981.59626955,794.5,0.0,865.0,BID
495,1712696670.4033935,42810981.59626955,794.5,0.0,865.0,BID
496,1712696700.6499512,42810981.59626955,794.5,0.0,865.0,BID
497,1712696706.8498287,42810994.17646831,794.9,3.3751221418090797e-10,865.0,BID
498,1712696730.6639512,42810994.17646831,794.9,0.0,865.0,BID
499,1712696760.4231107,42810994.17646831,794.9,0.0,865.0,BID
500,1712696789.4019492,42811621.12244116,794.0,-1.6820232386822178e-08,865.0,ASK
501,1712696789.405918,42811633.71689959,794.0,-3.3789469391499183e-10,865.0,ASK
502,1712696789.4098732,42812263.4398215,794.0,-1.689473470534433e-08,865.0,ASK
503,1712696789.4126058,42813011.52312496,794.0,-2.007020629211194e-08,865.0,ASK
504,1712696789.4149346,42813137.4518493,794.1,-3.378521434400809e-09,865.0,ASK
505,1712696789.4172468,42818804.95814531,794.0,-1.5205261231711597e-07,865.0,ASK
506,1712696789.4814885,42818804.95814652,794.0,-3.238224887402817e-17,865.0,ASK
507,1712696790.431909,42818804.95814652,794.0,-0.0,865.0,ASK
508,1712696817.9622216,42819028.19000552,793.3,-5.988055209738011e-09,865.0,ASK
509,1712696817.965156,42819128.98390552,793.3,-2.703733421837442e-09,865.0,ASK
510,1712696818.0435295,42819467.04592988,794.1,9.068302684389801e-09,865.0,BID
511,1712696818.047228,42820079.19643688,793.3,-1.6420555063457646e-08,865.0,ASK
512,1712696818.0509255,42820132.4911177,793.3,-1.4295965305342995e-09,865.0,ASK
513,1712696820.6423712,42820132.4911177,793.3,-0.0,865.0,ASK
514,1712696828.1424842,42820488.0576327,793.1,-9.53758021211302e-09,865.0,ASK
515,1712696830.7837317,42821302.0576327,793.1,-2.1834424686162986e-08,865.0,ASK
516,1712696830.7859268,42822446.0576327,793.1,-3.0686218477850683e-08,865.0,ASK
517,1712696830.9440098,42822679.49147957,793.1,-6.261540231760682e-09,865.0,ASK
518,1712696830.9476628,42823681.51019446,793.0,-2.6877766786718665e-08,865.0,ASK
519,1712696831.0127454,42825096.10813232,793.0,-3.794463407296903e-08,865.0,ASK
520,1712696831.0169966,42845025.60380014,793.0,-5.345811697693922e-07,865.0,ASK
521,1712696831.096096,42865025.60380014,793.0,-5.364723510113755e-07,865.0,ASK
522,1712696831.1342323,42866850.65044097,793.0,-4.895435310552728e-08,865.0,ASK
523,1712696831.1735814,42868877.65469303,793.0,-5.437158683066762e-08,865.0,ASK
524,1712696831.1773582,42871377.61782621,793.0,-6.705805497490578e-08,865.0,ASK
525,1712696831.252705,42871610.61782621,792.8,-6.2499028892825246e-09,865.0,ASK
526,1712696833.6040082,42871732.61782621,792.8,-3.2724813411693902e-09,865.0,ASK
527,1712696834.8526034,42871770.44884765,792.9,1.01476485073465e-09,865.0,BID
528,1712696837.0626864,42871972.44884765,792.8,-5.4183707452148925e-09,865.0,ASK
529,1712696840.8398032,42872272.44884765,792.2,-8.047085265170632e-09,865.0,ASK
530,1712696850.6332428,42872272.44884765,792.2,-0.0,865.0,ASK
531,1712696880.4137406,42872272.44884765,792.2,-0.0,865.0,ASK
532,1712696910.444443,42872272.44884765,792.2,-0.0,865.0,ASK
533,1712696912.175241,42872603.44884765,792.2,-8.86878128287003e-09,865.0,ASK
534,1712696912.3996096,42872603.6025967,792.2,-4.119536814069977e-12,865.0,ASK
535,1712696913.7761564,42872840.42393508,792.0,-6.345367532296336e-09,865.0,ASK
536,1712696940.6449437,42872840.42393508,792.0,-0.0,865.0,ASK
537,1712696942.8148727,42875150.02567706,791.7,6.188249481470067e-08,865.0,BID
538,1712696970.6757135,42875150.02567706,791.7,0.0,865.0,BID
539,1712697000.457089,42875150.02567706,791.7,0.0,865.0,BID
540,1712697030.4414597,42875150.02567706,791.7,0.0,865.0,BID
541,1712697053.2569578,42875276.35210454,791.6,3.385725016579376e-09,865.0,BID
542,1712697054.7970426,42875650.02567706,791.6,1.0014974600528257e-08,865.0,BID
543,1712697060.6779604,42875650.02567706,791.6,0.0,865.0,BID
544,1712697063.2378416,42875991.8020816,792.3,9.159988697734313e-09,865.0,BID
545,1712697090.6652389,42875991.8020816,792.3,0.0,865.0,BID
546,1712697120.442967,42875991.8020816,792.3,0.0,865.0,BID
547,1712697120.5579684,42876964.24940736,791.2,-2.6062483391827208e-08,865.0,ASK
548,1712697135.9984572,42877931.95940899,792.2,2.5935518744913355e-08,865.0,BID
549,1712697150.4231298,42877931.95940899,792.2,0.0,865.0,BID
550,1712697180.6799288,42877931.95940899,792.2,0.0,865.0,BID
551,1712697210.6923952,42877931.95940899,792.2,0.0,865.0,BID
552,1712697240.4048536,42877931.95940899,792.2,0.0,865.0,BID
553,1712697270.4339335,42877931.95940899,792.2,0.0,865.0,BID
554,1712697300.422888,42877931.95940899,792.2,0.0,865.0,BID
555,1712697330.4319353,42877931.95940899,792.2,0.0,865.0,BID
556,1712697360.681296,42877931.95940899,792.2,0.0,865.0,BID
557,1712697390.666392,42877931.95940899,792.2,0.0,865.0,BID
558,1712697420.4515824,42877931.95940899,792.2,0.0,865.0,BID
559,1712697450.4318242,42877931.95940899,792.2,0.0,865.0,BID
560,1712697480.6535554,42877931.95940899,792.2,0.0,865.0,BID
561,1712697482.432725,42878037.9308035,792.4,-2.8411482746880683e-09,865.0,ASK
562,1712697482.521873,42878067.9308035,792.3,-8.04315623433087e-10,865.0,ASK
563,1712697484.2725198,42878412.65355635,792.3,9.242196528917537e-09,865.0,BID
564,1712697510.6621706,42878412.65355635,792.3,0.0,865.0,BID
565,1712697524.3163254,42878419.09051204,792.3,-1.7257637209611375e-10,865.0,ASK
566,1712697524.3248692,42878425.52746773,792.3,-1.7257637209611375e-10,865.0,ASK
567,1712697540.4324238,42878425.52746773,792.3,-0.0,865.0,ASK
568,1712697542.3175702,42878551.77415375,792.1,-3.384703911639658e-09,865.0,ASK
569,1712697544.02248,42879814.40041637,792.0,-3.385131273375284e-08,865.0,ASK
570,1712697570.426331,42879814.40041637,792.0,-0.0,865.0,ASK
571,1712697573.2226837,42879822.76298085,791.1,-2.2419574632452423e-10,865.0,ASK
572,1712697600.4659278,42879822.76298085,791.1,-0.0,865.0,ASK
573,1712697630.4332309,42879822.76298085,791.1,-0.0,865.0,ASK
574,1712697660.47601,42879822.76298085,791.1,-0.0,865.0,ASK
575,1712697676.643424,42880193.04486922,791.1,-9.934317745776609e-09,865.0,ASK
576,1712697676.7032788,42880319.46711953,791.0,-3.391791076291939e-09,865.0,ASK
577,1712697676.9035325,42880357.39379462,791.0,1.0175373227876355e-09,865.0,BID
578,1712697677.483569,42880483.80006437,791.0,3.3913623328613914e-09,865.0,BID
579,1712697683.1136456,42880832.04055597,791.0,9.342967625793276e-09,865.0,BID
580,1712697690.4258783,42880832.04055597,791.0,0.0,865.0,BID
581,1712697709.8635232,42880844.682781,791.0,3.3917184277933627e-10,865.0,BID
582,1712697713.814011,42881360.68278057,790.6,-1.3843502251343066e-08,865.0,ASK
583,1712697713.819195,42881360.682781,790.6,-1.1593495159912717e-17,865.0,ASK
584,1712697720.6699753,42881360.682781,790.6,-0.0,865.0,ASK
585,1712697720.817723,42882109.54491145,790.6,-2.0090616967952176e-08,865.0,ASK
586,1712697720.8307571,42882122.19353275,790.6,-3.393396398963173e-10,865.0,ASK
587,1712697723.674098,42883077.90353438,790.4,-2.563997135727578e-08,865.0,ASK
588,1712697723.6792123,42883089.90353438,790.4,-3.2193830321093435e-10,865.0,ASK
589,1712697730.4739716,42883567.1938488,790.4,-1.280483616364406e-08,865.0,ASK
590,1712697735.7537863,42883693.77612728,790.0,-3.3959736624057274e-09,865.0,ASK
591,1712697735.757992,42883959.59891208,790.0,-7.131544691211937e-09,865.0,ASK
592,1712697735.7621386,42884034.2115703,790.0,-2.001722715384601e-09,865.0,ASK
593,1712697735.7662015,42884210.79384878,790.0,-4.737383259317841e-09,865.0,ASK
594,1712697735.8738673,42884371.80066918,789.7,-4.319521880295296e-09,865.0,ASK
595,1712697735.8790517,42884470.14326718,789.7,-2.6383540944208047e-09,865.0,ASK
596,1712697742.613896,42884940.29019583,789.7,-1.2613192039201502e-08,865.0,ASK
597,1712697742.6192143,42885661.13780399,789.7,-1.933903798696374e-08,865.0,ASK
598,1712697742.7847166,42885914.46269316,789.5,-6.796248748524058e-09,865.0,ASK
599,1712697742.78798,42885954.13780399,789.0,-1.064411488209591e-09,865.0,ASK
600,1712697747.3739655,42889165.59540289,790.0,8.615760085203862e-08,865.0,BID
601,1712697750.7096975,42889165.59540289,790.0,0.0,865.0,BID
602,1712697777.7741504,42891165.1909611,790.0,5.3636660256603374e-08,865.0,BID
603,1712697777.7797508,42894165.59540289,790.0,8.048211200298669e-08,865.0,BID
604,1712697780.443866,42894165.59540289,790.0,0.0,865.0,BID
605,1712697810.4340563,42894165.59540289,790.0,0.0,865.0,BID
606,1712697831.7842338,42894471.67065651,789.9,8.209217648879458e-09,865.0,BID
607,1712697831.8641524,42895675.01596074,790.0,3.227481932076791e-08,865.0,BID
608,1712697831.8843248,42898419.18865651,790.0,7.36012162342565e-08,865.0,BID
609,1712697831.9641707,42898554.20473167,790.6,-3.621254361493666e-09,865.0,ASK
610,1712697832.6443868,42900331.58597645,790.5,4.7670987153713573e-08,865.0,BID
611,1712697836.741812,42900540.28948833,790.5,-5.597618666754076e-09,865.0,ASK
612,1712697840.6645098,42900540.28948833,790.5,-0.0,865.0,ASK
613,1712697846.2142458,42900552.9397097,790.4,3.3924465128504875e-10,865.0,BID
614,1712697870.6674588,42900552.9397097,790.4,0.0,865.0,BID
615,1712697885.3645082,42900679.53801329,789.9,-3.395022472786493e-09,865.0,ASK
616,1712697885.374869,42901312.44940569,789.8,-1.697296361507621e-08,865.0,ASK
617,1712697885.3791652,42901399.45363486,789.0,-2.3332169932553407e-09,865.0,ASK
618,1712697885.3834631,42903190.19196165,788.6,-4.802273561437389e-08,865.0,ASK
619,1712697885.3861763,42903196.78813165,789.9,-1.7689135420566074e-10,865.0,ASK
620,1712697885.388695,42905568.61369089,789.0,-6.360591609093413e-08,865.0,ASK
621,1712697900.4260669,42905568.61369089,789.0,-0.0,865.0,ASK
622,1712697930.4453657,42905568.61369089,789.0,-0.0,865.0,ASK
623,1712697955.7248175,42907516.74120327,789.0,5.2260452262044384e-08,865.0,BID
624,1712697960.6506934,42907516.74120327,789.0,0.0,865.0,BID
625,1712697965.7447803,42907868.06613134,790.7,9.424250970638473e-09,865.0,BID
626,1712697985.0348885,42908487.53883869,790.6,1.6617284448534297e-08,865.0,BID
627,1712697990.67518,42908487.53883869,790.6,0.0,865.0,BID
628,1712698020.4650967,42908487.53883869,790.6,0.0,865.0,BID
629,1712698050.409135,42908487.53883869,790.6,0.0,865.0,BID
630,1712698080.697886,42908487.53883869,790.6,0.0,865.0,BID
631,1712698091.6754644,42908987.95436649,789.1,-1.3423312860663174e-08,865.0,ASK
632,1712698101.0152388,42909114.44057949,790.6,3.392908323831312e-09,865.0,BID
633,1712698110.6615255,42909114.44057949,790.6,0.0,865.0,BID
634,1712698114.9758642,42910379.47063881,790.1,-3.3933137376212024e-08,865.0,ASK
635,1712698133.021079,42913752.28899297,790.1,9.047240238542824e-08,865.0,BID
636,1712698140.4456992,42913752.28899297,790.1,0.0,865.0,BID
637,1712698170.4397776,42913752.28899297,790.1,0.0,865.0,BID
638,1712698178.715612,42914093.44634181,790.6,9.150297513504236e-09,865.0,BID
639,1712698181.565694,42917248.62959433,790.6,8.462624524500897e-08,865.0,BID
640,1712698181.5699615,42919315.84027837,790.6,5.544536222445772e-08,865.0,BID
641,1712698182.1455312,42921467.25255941,790.7,5.7703761951907423e-08,865.0,BID
642,1712698200.5560546,42921467.25255941,790.7,0.0,865.0,BID
643,1712698230.4317636,42921467.25255941,790.7,0.0,865.0,BID
644,1712698235.1057682,42921593.30827603,790.2,-3.382143573740461e-09,865.0,ASK
645,1712698241.777487,42921670.0035984,791.0,2.0577772960563638e-09,865.0,BID
646,1712698243.695925,42922024.14647121,791.0,9.501846275506516e-09,865.0,BID
647,1712698260.6462083,42922024.14647121,791.0,0.0,865.0,BID
648,1712698261.9259624,42922483.74647121,791.0,-1.2331172761242893e-08,865.0,ASK
649,1712698271.5156977,42923287.73717901,791.0,-2.157125395187347e-08,865.0,ASK
650,1712698290.6599112,42923287.73717901,791.0,-0.0,865.0,ASK
651,1712698320.437678,42923287.73717901,791.0,-0.0,865.0,ASK
652,1712698334.1559908,42923919.36931645,791.6,1.6946379773711436e-08,865.0,BID
653,1712698350.4400177,42923919.36931645,791.6,0.0,865.0,BID
654,1712698380.476205,42923919.36931645,791.6,0.0,865.0,BID
655,1712698390.0364037,42924588.89938213,791.6,-1.7962921591727855e-08,865.0,ASK
656,1712698390.1793306,42929841.35577213,791.6,1.4091893274726092e-07,865.0,BID
657,1712698390.256158,42930491.88851913,791.6,1.7453239706847483e-08,865.0,BID
658,1712698410.4404657,42930491.88851913,791.6,0.0,865.0,BID
659,1712698439.5363,42930498.26861913,791.6,1.7114876047234296e-10,865.0,BID
660,1712698439.8565242,42935744.34490913,791.6,1.4072811630073948e-07,865.0,BID
661,1712698440.6765423,42935744.34490913,791.6,0.0,865.0,BID
662,1712698448.7063627,42935744.34490919,791.6,1.598740364117017e-18,865.0,BID
663,1712698470.6565542,42935744.34490919,791.6,0.0,865.0,BID
664,1712698500.4672503,42935744.34490919,791.6,0.0,865.0,BID
665,1712698530.441999,42935744.34490919,791.6,0.0,865.0,BID
666,1712698534.9997294,42936244.76043619,792.4,1.3437246532530566e-08,865.0,BID
667,1712698535.003301,42936244.76043699,792.4,2.1406881419874478e-17,865.0,BID
668,1712698560.6466863,42936244.76043699,792.4,0.0,865.0,BID
669,1712698568.8667667,42936287.80593168,792.4,-1.1558529549454352e-09,865.0,ASK
670,1712698590.67119,42936287.80593168,792.4,-0.0,865.0,ASK
671,1712698612.0767083,42936321.61340003,792.4,9.077936420363335e-10,865.0,BID
672,1712698620.453923,42936321.61340003,792.4,0.0,865.0,BID
673,1712698650.4628713,42936321.61340003,792.4,0.0,865.0,BID
674,1712698652.8569164,42936715.18704675,792.4,-1.0568179595490357e-08,865.0,ASK
675,1712698652.9570868,42937583.60229452,792.4,-2.3318553918085136e-08,865.0,ASK
676,1712698664.75695,42937962.19896286,792.4,1.0166020053872584e-08,865.0,BID
677,1712698680.6768603,42937962.19896286,792.4,0.0,865.0,BID
678,1712698710.657848,42937962.19896286,792.4,0.0,865.0,BID
679,1712698740.4118755,42937962.19896286,792.4,0.0,865.0,BID
680,1712698770.4314065,42937962.19896286,792.4,0.0,865.0,BID
681,1712698800.43901,42937962.19896286,792.4,0.0,865.0,BID
682,1712698830.4512358,42937962.19896286,792.4,0.0,865.0,BID
683,1712698830.630254,42938005.24445755,792.7,1.1571205528998103e-09,865.0,BID
684,1712698830.6337333,42938340.56774719,792.9,9.013939161303253e-09,865.0,BID
685,1712698854.5251849,42938440.56774719,792.0,-2.688133941121081e-09,865.0,ASK
686,1712698860.6764886,42938440.56774719,792.0,-0.0,865.0,ASK
687,1712698867.485131,42938465.59590386,792.8,6.72783516273941e-10,865.0,BID
688,1712698890.6602526,42938465.59590386,792.8,0.0,865.0,BID
689,1712698920.4547122,42938465.59590386,792.8,0.0,865.0,BID
690,1712698938.7332578,42938845.15055973,790.4,-1.0202828085992377e-08,865.0,ASK
691,1712698938.8532686,42941940.47381494,790.4,8.320554248218702e-08,865.0,BID
692,1712698938.8577995,42942375.15552681,790.4,1.1684701293193434e-08,865.0,BID
693,1712698938.8733876,42943756.85371908,790.4,3.714149966108328e-08,865.0,BID
694,1712698938.9333334,42944113.49690616,792.0,9.586943723529924e-09,865.0,BID
695,1712698950.4511,42944113.49690616,792.0,0.0,865.0,BID
696,1712698980.6732173,42944113.49690616,792.0,0.0,865.0,BID
697,1712699010.6523073,42944113.49690616,792.0,0.0,865.0,BID
698,1712699040.4083884,42944113.49690616,792.0,0.0,865.0,BID
699,1712699070.4515128,42944113.49690616,792.0,0.0,865.0,BID
700,1712699100.4504454,42944113.49690616,792.0,0.0,865.0,BID
701,1712699101.1607409,42944239.55262278,791.9,3.392048463803092e-09,865.0,BID
702,1712699101.1667533,42944602.78049905,792.0,9.774142678760129e-09,865.0,BID
703,1712699130.430358,42944602.78049905,792.0,0.0,865.0,BID
704,1712699160.6625886,42944602.78049905,792.0,0.0,865.0,BID
705,1712699178.45006,42944775.88729591,790.8,-4.658103078674753e-09,865.0,ASK
706,1712699190.679868,42944775.88729591,790.8,-0.0,865.0,ASK
707,1712699197.6295965,42946043.23472112,790.8,-3.4102723314108793e-08,865.0,ASK
708,1712699220.4388297,42946043.23472112,790.8,-0.0,865.0,ASK
709,1712699250.4200234,42946043.23472112,790.8,-0.0,865.0,ASK
710,1712699280.6633897,42946043.23472112,790.8,-0.0,865.0,ASK
711,1712699310.6787124,42946043.23472112,790.8,-0.0,865.0,ASK
712,1712699332.467889,42948348.73972112,791.3,-6.203656333037148e-08,865.0,ASK
713,1712699332.7679365,42949425.09853272,791.2,-2.8962679144947824e-08,865.0,ASK
714,1712699332.7743866,42949432.84951714,791.2,-2.0856360561302886e-10,865.0,ASK
715,1712699340.4419894,42949432.84951714,791.2,-0.0,865.0,ASK
716,1712699346.3576796,42949726.84951714,791.4,-7.910385545389605e-09,865.0,ASK
717,1712699370.450428,42949726.84951714,791.4,-0.0,865.0,ASK
718,1712699385.5272565,42950459.72796048,791.4,1.9718757659723835e-08,865.0,BID
719,1712699397.147131,42950472.34307338,792.7,3.3942102731814577e-10,865.0,BID
720,1712699400.490574,42950472.34307338,792.7,0.0,865.0,BID
721,1712699430.4378755,42950472.34307338,792.7,0.0,865.0,BID
722,1712699455.386795,42950804.68777847,791.1,-8.952579382148796e-09,865.0,ASK
723,1712699460.65687,42950804.68777847,791.1,-0.0,865.0,ASK
724,1712699470.5870352,42952014.68777847,791.1,-3.259430394479583e-08,865.0,ASK
725,1712699473.046433,42952471.34877847,791.1,-1.2301278870813136e-08,865.0,ASK
726,1712699488.8463027,42952479.33297847,791.1,2.1507391866190606e-10,865.0,BID
727,1712699489.3064806,42952491.97680196,791.0,-3.405922527625096e-10,865.0,ASK
728,1712699489.312775,42952915.34877847,790.8,-1.1404557755426284e-08,865.0,ASK
729,1712699490.6563118,42952915.34877847,790.8,-0.0,865.0,ASK
730,1712699513.9061675,42953359.36602308,790.9,-1.1960150542601568e-08,865.0,ASK
731,1712699514.0260217,42953591.73446687,790.9,6.259129803824115e-09,865.0,BID
732,1712699520.4496572,42953591.73446687,790.9,0.0,865.0,BID
733,1712699531.5461488,42954446.73446687,790.8,-2.303014463606348e-08,865.0,ASK
734,1712699549.0459893,42954478.28817127,792.3,8.499255860128e-10,865.0,BID
735,1712699550.4238927,42954478.28817127,792.3,0.0,865.0,BID
736,1712699580.630406,42954478.28817127,792.3,0.0,865.0,BID
737,1712699610.6470492,42954478.28817127,792.3,0.0,865.0,BID
738,1712699612.5501742,42954484.54285759,792.1,1.6847205872463932e-10,865.0,BID
739,1712699640.4181938,42954484.54285759,792.1,0.0,865.0,BID
740,1712699670.4278097,42954484.54285759,792.1,0.0,865.0,BID
741,1712699700.4444091,42954484.54285759,792.1,0.0,865.0,BID
742,1712699706.7350736,42954560.31663931,791.8,2.0432974938894264e-09,865.0,BID
743,1712699730.463636,42954560.31663931,791.8,0.0,865.0,BID
744,1712699760.4983234,42954560.31663931,791.8,0.0,865.0,BID
745,1712699764.55469,42954560.57444249,790.8,-6.951847010844027e-12,865.0,ASK
746,1712699764.5603747,42954569.24699645,790.8,-2.338616166685957e-10,865.0,ASK
747,1712699773.3456445,42954573.21986484,790.8,-1.0713123599408252e-10,865.0,ASK
748,1712699773.3523557,42954636.21728383,790.8,-1.698770434332449e-09,865.0,ASK
749,1712699790.4330385,42954636.21728383,790.8,-0.0,865.0,ASK
750,1712699820.2243474,42954750.02608504,792.0,3.0689307091807716e-09,865.0,BID
751,1712699820.6442058,42954750.02608504,792.0,0.0,865.0,BID
752,1712699850.6501536,42954750.02608504,792.0,0.0,865.0,BID
753,1712699863.236859,42955402.46336288,792.6,1.75933663278448e-08,865.0,BID
754,1712699863.2432065,42955702.36488704,792.7,8.087026226092941e-09,865.0,BID
755,1712699880.4369478,42955702.36488704,792.7,0.0,865.0,BID
756,1712699910.433989,42955702.36488704,792.7,0.0,865.0,BID
757,1712699910.7539852,42956888.37405456,792.5,-3.198080450440975e-08,865.0,ASK
758,1712699910.894222,42959143.07355478,792.5,-6.079809997026359e-08,865.0,ASK
759,1712699940.6543386,42959143.07355478,792.5,-0.0,865.0,ASK
760,1712699953.5439217,42959643.48908178,792.5,-1.3492740997971264e-08,865.0,ASK
761,1712699953.5502236,42962738.81233699,792.5,-8.34594306812456e-08,865.0,ASK
762,1712699953.5639665,42963732.87771568,792.5,-2.6803058590273723e-08,865.0,ASK
763,1712699953.5688531,42964868.4279123,792.5,-3.061792423804843e-08,865.0,ASK
764,1712699953.6049726,42966069.97272902,790.8,-3.2397342078058664e-08,865.0,ASK
765,1712699953.6113498,42966196.42695259,790.8,-3.4095946162944636e-09,865.0,ASK
766,1712699953.6175504,42966884.50765664,790.9,-1.855277109618168e-08,865.0,ASK
767,1712699953.620432,42966956.1643607,790.3,-1.932085030322757e-09,865.0,ASK
768,1712699953.6233208,42967241.57331147,790.9,-7.695502724105178e-09,865.0,ASK
769,1712699953.626244,42967431.19258331,790.8,-5.1127185010741615e-09,865.0,ASK
770,1712699953.629211,42970593.4279123,790.5,-8.526358589323423e-08,865.0,ASK
771,1712699970.673958,42970593.4279123,790.5,-0.0,865.0,ASK
772,1712699971.1637113,42970748.7805047,792.7,4.187760043617976e-09,865.0,BID
773,1712700000.5080645,42970748.7805047,792.7,0.0,865.0,BID
774,1712700030.483637,42970748.7805047,792.7,0.0,865.0,BID
775,1712700060.6435645,42970748.7805047,792.7,0.0,865.0,BID
776,1712700062.473714,42970875.3147322,790.3,-3.413812619529235e-09,865.0,ASK
777,1712700062.4812305,42971227.20342555,790.3,-9.4937321369411e-09,865.0,ASK
778,1712700070.4037206,42971351.6744238,790.3,-3.358148012546309e-09,865.0,ASK
779,1712700090.6592722,42971351.6744238,790.3,-0.0,865.0,ASK
780,1712700120.4071248,42971351.6744238,790.3,-0.0,865.0,ASK
781,1712700150.4173949,42971351.6744238,790.3,-0.0,865.0,ASK
782,1712700180.6539748,42971351.6744238,790.3,-0.0,865.0,ASK
783,1712700189.252925,42971377.24991047,790.4,-6.900014211752321e-10,865.0,ASK
784,1712700210.6989615,42971377.24991047,790.4,-0.0,865.0,ASK
785,1712700240.4377637,42971377.24991047,790.4,-0.0,865.0,ASK
786,1712700260.2029548,42971394.35963517,790.5,-4.616032560458522e-10,865.0,ASK
787,1712700260.3428524,42971908.55920839,790.5,1.3872590086290525e-08,865.0,BID
788,1712700265.3129804,42972290.39479239,791.4,-1.0301542072375398e-08,865.0,ASK
789,1712700265.5629666,42972290.39479296,791.4,-1.527670003825313e-17,865.0,ASK
790,1712700270.4200184,42972290.39479296,791.4,-0.0,865.0,ASK
791,1712700300.6425002,42972290.39479296,791.4,-0.0,865.0,ASK
792,1712700330.6426897,42972290.39479296,791.4,-0.0,865.0,ASK
793,1712700332.903857,42972923.0659305,790.3,-1.7110296506623026e-08,865.0,ASK
794,1712700332.909849,42972925.65433493,790.3,-7.000219336958167e-11,865.0,ASK
795,1712700332.914884,42973030.07884826,790.4,-2.8241123698090194e-09,865.0,ASK
796,1712700332.9198945,42973281.06077335,790.3,-6.787689371804428e-09,865.0,ASK
797,1712700332.9227865,42973304.75479296,790.4,-6.40793734491201e-10,865.0,ASK
798,1712700342.3328347,42973304.75479353,791.1,1.55153063587712e-17,865.0,BID
799,1712700342.3394566,42973321.95479296,791.1,4.6516598069009056e-10,865.0,BID
800,1712700342.344686,42973698.67900753,791.1,1.0188331077569613e-08,865.0,BID
801,1712700348.4126823,42974694.95800753,790.9,-2.694390194493194e-08,865.0,ASK
802,1712700355.0928638,42974702.43526753,790.4,-2.0221901724715195e-10,865.0,ASK
803,1712700355.102486,42975205.87700753,790.3,-1.3615347585890914e-08,865.0,ASK
804,1712700359.2930195,42975216.36607615,791.3,2.83671979825602e-10,865.0,BID
805,1712700360.4374273,42975216.36607615,791.3,0.0,865.0,BID
806,1712700377.154307,42975682.80773315,790.3,-1.2613908420735506e-08,865.0,ASK
807,1712700390.4276197,42975682.80773315,790.3,-0.0,865.0,ASK
808,1712700391.1286209,42976197.08798386,790.2,-1.390746135155772e-08,865.0,ASK
809,1712700391.1354349,42976241.56493685,790.3,-1.202771259085099e-09,865.0,ASK
810,1712700391.2825322,42976446.08243859,790.2,-5.53067952200082e-09,865.0,ASK
811,1712700420.6441429,42976446.08243859,790.2,-0.0,865.0,ASK
812,1712700427.0025208,42980044.58144667,790.3,-9.731108582123805e-08,865.0,ASK
813,1712700443.7825963,42980080.67283512,790.3,-9.759880969503043e-10,865.0,ASK
814,1712700446.7525082,42980909.64142212,791.4,2.2417078101689323e-08,865.0,BID
815,1712700446.75884,42980909.64142228,791.4,4.231071291501406e-18,865.0,BID
816,1712700446.7723558,42981301.89085028,791.5,1.0607260879079031e-08,865.0,BID
817,1712700446.832369,42986892.64142228,791.5,1.5118581594569689e-07,865.0,BID
818,1712700450.683,42986892.64142228,791.5,0.0,865.0,BID
819,1712700461.9455187,42988121.92617696,790.3,-3.3235053572056764e-08,865.0,ASK
820,1712700478.6025178,42988271.89341534,790.3,-4.05452779162288e-09,865.0,ASK
821,1712700480.4173417,42988271.89341534,790.3,-0.0,865.0,ASK
822,1712700485.932271,42988410.6140815,792.6,3.750353927330721e-09,865.0,BID
823,1712700486.7726278,42988450.6140815,790.3,-1.0814117408960246e-09,865.0,ASK
824,1712700510.4513278,42988450.6140815,790.3,-0.0,865.0,ASK
825,1712700531.8021204,42988460.6140815,791.1,-2.7035190054126304e-10,865.0,ASK
826,1712700540.66902,42988460.6140815,791.1,-0.0,865.0,ASK
827,1712700552.1022344,42988490.6140815,791.2,-8.110555281589726e-10,865.0,ASK
828,1712700570.6834495,42988490.6140815,791.2,-0.0,865.0,ASK
829,1712700578.9520712,42988503.23556326,792.3,3.4122386623719325e-10,865.0,BID
830,1712700584.4220562,42988556.89326925,791.1,-1.450645038026427e-09,865.0,ASK
831,1712700584.4319751,42988564.07587438,791.1,-1.9418292870026847e-10,865.0,ASK
832,1712700600.4325604,42988564.07587438,791.1,-0.0,865.0,ASK
833,1712700630.417672,42988564.07587438,791.1,-0.0,865.0,ASK
834,1712700651.077257,42989128.41852906,790.4,-1.5262569828727186e-08,865.0,ASK
835,1712700660.6522086,42989128.41852906,790.4,-0.0,865.0,ASK
836,1712700661.21209,42989462.46888968,790.4,-9.034237281510476e-09,865.0,ASK
837,1712700665.171424,42989968.54176417,790.4,-1.3686506493693625e-08,865.0,ASK
838,1712700665.1783056,42991636.46806896,790.4,-4.5108294382781664e-08,865.0,ASK
839,1712700665.18137,42991636.46888968,790.3,-2.2196158761225663e-14,865.0,ASK
840,1712700665.5416925,43004277.09578968,790.3,-3.418598997757033e-07,865.0,ASK
841,1712700666.5320015,43004277.09579009,790.4,1.1082362575505753e-17,865.0,BID
842,1712700666.538937,43005188.54441609,790.4,2.464970593638911e-08,865.0,BID
843,1712700666.6519685,43006175.38652117,790.4,-2.6688687658027823e-08,865.0,ASK
844,1712700666.6590564,43006277.31546877,790.3,-2.756621177749349e-09,865.0,ASK
845,1712700668.8733969,43006327.15111984,791.0,1.347782100902985e-09,865.0,BID
846,1712700679.6519518,43007591.70103111,790.4,-3.4199166651113334e-08,865.0,ASK
847,1712700679.6581807,43007592.15111984,790.3,-1.2172441288715116e-11,865.0,ASK
848,1712700686.4916196,43009032.33827209,790.3,-3.894919448375137e-08,865.0,ASK
849,1712700687.0419376,43009126.49965444,790.3,-2.5465509732405107e-09,865.0,ASK
850,1712700687.0489442,43011257.93260694,790.3,-5.76436169887172e-08,865.0,ASK
851,1712700690.6663845,43011257.93260694,790.3,-0.0,865.0,ASK
852,1712700698.7818286,43011268.42830749,790.8,2.8371716262528194e-10,865.0,BID
853,1712700703.9016657,43011275.13260694,790.8,1.8122895266076384e-10,865.0,BID
854,1712700704.0465596,43013015.54981994,790.8,-4.7046524556499824e-08,865.0,ASK
855,1712700704.0521417,43013796.24886863,790.8,-2.1103662208749973e-08,865.0,ASK
856,1712700720.4351094,43013796.24886863,790.8,-0.0,865.0,ASK
857,1712700722.183898,43023796.24886863,790.3,-2.703028420963117e-07,865.0,ASK
858,1712700722.1886797,43023808.90229138,790.3,-3.4202561317150983e-10,865.0,ASK
859,1712700722.1935582,43023826.09384742,790.4,-4.6469264567164716e-10,865.0,ASK
1060,1712700722.1976843,43026005.21259717,790.1,-5.8902199132350024e-08,865.0,ASK
860,1712700722.1976843,43026005.21259717,790.1,-5.890219913235002e-08,865.0,ASK
861,1712700722.2015357,43026131.76283761,790.2,-3.4206889659486582e-09,865.0,ASK
862,1712700722.205304,43028180.44373776,790.3,-5.5376426985871774e-08,865.0,ASK
863,1712700722.209049,43033796.24886863,790.2,-1.517968087532981e-07,865.0,ASK
864,1712700749.371774,43035012.24279498,790.1,-3.286866142652724e-08,865.0,ASK
865,1712700749.6521242,43036277.11276444,790.2,-3.4189794762660694e-08,865.0,ASK
866,1712700749.6581435,43036277.24279498,790.1,-3.514762522736965e-12,865.0,ASK
867,1712700750.4484053,43036277.24279498,790.1,-0.0,865.0,ASK
868,1712700753.9118338,43036317.24279498,790.1,-1.08069241718616e-09,865.0,ASK
869,1712700762.7016597,43036324.86825828,790.8,2.060195091312624e-10,865.0,BID
870,1712700776.382221,43036331.86825828,790.8,1.89121173007578e-10,865.0,BID
871,1712700780.6785772,43036331.86825828,790.8,0.0,865.0,BID
872,1712700799.851678,43036337.24279498,790.8,1.4520535709653718e-10,865.0,BID
873,1712700809.4817405,43036458.32248185,790.8,-3.27124367140544e-09,865.0,ASK
1073,1712700809.4817405,43036458.32248185,790.8,-3.2712436714054402e-09,865.0,ASK
874,1712700810.5839767,43036468.32248185,790.2,-2.7017278918528126e-10,865.0,ASK
875,1712700810.5877194,43037555.41728307,790.1,-2.9370343455571457e-08,865.0,ASK
876,1712700810.672174,43037555.41728307,790.1,-0.0,865.0,ASK
877,1712700840.4519975,43037555.41728307,790.1,-0.0,865.0,ASK
878,1712700855.0821247,43037593.35355014,790.8,1.024907937230505e-09,865.0,BID
879,1712700856.6620052,43037600.35355014,790.1,-1.8911601258199987e-10,865.0,ASK
880,1712700856.6691563,43050084.89646042,790.1,-3.372895677286604e-07,865.0,ASK
881,1712700856.6730375,43050085.35355014,790.0,-1.2348997949493736e-11,865.0,ASK
882,1712700870.411743,43050085.35355014,790.0,-0.0,865.0,ASK
883,1712700875.4520214,43050209.90648178,790.2,-3.364093630320481e-09,865.0,ASK
884,1712700875.459373,43050295.36123434,790.1,-2.3080772566346996e-09,865.0,ASK
885,1712700875.4646635,43054567.72764971,790.0,-1.1539383662435278e-07,865.0,ASK
886,1712700898.8519382,43055514.12837141,790.0,-2.5561667620061642e-08,865.0,ASK
887,1712700900.4652398,43055514.12837141,790.0,-0.0,865.0,ASK
888,1712700905.5121295,43055521.7233074,790.0,-2.0518833038620388e-10,865.0,ASK
889,1712700905.5194285,43055695.52186541,790.0,-4.695422842906075e-09,865.0,ASK
890,1712700905.6321666,43055695.52186612,790.0,-1.9122393989652964e-17,865.0,ASK
891,1712700912.5819993,43056056.02287363,790.0,9.739463232197928e-09,865.0,BID
892,1712700930.4249327,43056056.02287363,790.0,0.0,865.0,BID
893,1712700954.8823705,43056064.71334868,789.4,-2.3478320867556557e-10,865.0,ASK
894,1712700954.9623392,43056106.02287363,789.4,-1.1160244710869103e-09,865.0,ASK
895,1712700955.1423855,43056374.96481973,789.4,7.265776923954257e-09,865.0,BID
896,1712700955.242024,43056678.84443094,789.4,8.209658250887993e-09,865.0,BID
897,1712700958.012009,43056981.05050786,789.4,8.164445791489388e-09,865.0,BID
898,1712700960.641882,43056981.05050786,789.4,0.0,865.0,BID
899,1712700980.2125435,43056988.65218022,789.3,-2.0536389667940027e-10,865.0,ASK
900,1712700980.219754,43057038.65218022,789.3,-1.3507810320275663e-09,865.0,ASK
901,1712700982.9869964,43057091.30740027,789.3,1.422513449726046e-09,865.0,BID
902,1712700990.6684537,43057091.30740027,789.3,0.0,865.0,BID
903,1712701020.449047,43057091.30740027,789.3,0.0,865.0,BID
904,1712701020.6922553,43057600.75361027,790.7,1.3762973188536212e-08,865.0,BID
905,1712701050.4192667,43057600.75361027,790.7,0.0,865.0,BID
906,1712701060.0225008,43057609.4575336,789.5,-2.351387790594553e-10,865.0,ASK
907,1712701080.6917667,43057609.4575336,789.5,-0.0,865.0,ASK
908,1712701110.653375,43057609.4575336,789.5,-0.0,865.0,ASK
909,1712701133.706035,43057621.04035405,789.6,-3.12912884287296e-10,865.0,ASK
910,1712701140.4459512,43057621.04035405,789.6,-0.0,865.0,ASK
911,1712701170.4438834,43057621.04035405,789.6,-0.0,865.0,ASK
912,1712701196.043136,43057931.32277554,789.6,-8.382357635590348e-09,865.0,ASK
913,1712701196.0501077,43057937.65636216,789.6,-1.7110343504257282e-10,865.0,ASK
914,1712701200.455558,43057937.65636216,789.6,-0.0,865.0,ASK
915,1712701203.0032585,43057950.32100248,791.9,3.425691112166065e-10,865.0,BID
916,1712701230.4382565,43057950.32100248,791.9,0.0,865.0,BID
917,1712701260.6536517,43057950.32100248,791.9,0.0,865.0,BID
918,1712701290.6739974,43057950.32100248,791.9,0.0,865.0,BID
919,1712701320.4339058,43057950.32100248,791.9,0.0,865.0,BID
920,1712701326.1613092,43059278.32602383,791.9,3.5921539409057864e-08,865.0,BID
921,1712701350.4440718,43059278.32602383,791.9,0.0,865.0,BID
922,1712701357.723191,43059290.95228645,791.9,3.4152121523039576e-10,865.0,BID
923,1712701362.5431845,43059303.5801435,791.9,3.4156434198318605e-10,865.0,BID
924,1712701380.6848974,43059303.5801435,791.9,0.0,865.0,BID
925,1712701382.6232233,43061179.14744804,791.9,5.07312177699509e-08,865.0,BID
926,1712701382.7334695,43061364.03416038,791.9,-5.000901883868853e-09,865.0,ASK
927,1712701382.7530434,43062153.15361575,791.9,-2.1344470464884094e-08,865.0,ASK
928,1712701382.8131056,43065617.50866975,791.9,-9.370548860124485e-08,865.0,ASK
929,1712701382.8573754,43065617.50866982,791.9,-2.015267731844895e-18,865.0,ASK
930,1712701400.353819,43066004.40872725,791.8,1.0465052904798753e-08,865.0,BID
931,1712701410.6958487,43066004.40872725,791.8,0.0,865.0,BID
932,1712701440.4534056,43066004.40872725,791.8,0.0,865.0,BID
933,1712701462.9032676,43066635.88132133,791.8,1.7077913587762155e-08,865.0,BID
934,1712701470.4368396,43066635.88132133,791.8,0.0,865.0,BID
935,1712701500.6541111,43066635.88132133,791.8,0.0,865.0,BID
936,1712701530.6606572,43066635.88132133,791.8,0.0,865.0,BID
937,1712701554.7635286,43066765.38132133,791.0,3.504571759077597e-09,865.0,BID
1137,1712701554.7635286,43066765.38132133,791.0,3.5045717590775973e-09,865.0,BID
938,1712701560.4472804,43066765.38132133,791.0,0.0,865.0,BID
939,1712701590.4562514,43066765.38132133,791.0,0.0,865.0,BID
940,1712701620.641442,43066765.38132133,791.0,0.0,865.0,BID
941,1712701634.633763,43066854.3149341,791.6,-2.406744121469057e-09,865.0,ASK
942,1712701650.6739326,43066854.3149341,791.6,-0.0,865.0,ASK
943,1712701653.1837227,43068067.79083619,792.6,3.2839331935759334e-08,865.0,BID
944,1712701676.2836523,43068610.48936019,791.6,-1.4686617954135428e-08,865.0,ASK
945,1712701680.4445128,43068610.48936019,791.6,-0.0,865.0,ASK
946,1712701684.2035353,43068610.48936086,791.6,-1.8145938345895882e-17,865.0,ASK
947,1712701684.7937098,43068623.14278294,791.6,3.424165911799639e-10,865.0,BID
948,1712701710.4591484,43068623.14278294,791.6,0.0,865.0,BID
949,1712701740.583594,43068736.67879908,792.7,3.07241826267025e-09,865.0,BID
1149,1712701740.583594,43068736.67879908,792.7,3.0724182626702504e-09,865.0,BID
950,1712701740.6701388,43068736.67879908,792.7,0.0,865.0,BID
951,1712701770.6653445,43068736.67879908,792.7,0.0,865.0,BID
952,1712701800.5047345,43068736.67879908,792.7,0.0,865.0,BID
953,1712701807.3936734,43069052.67879908,791.9,-8.560684050632241e-09,865.0,ASK
954,1712701811.0643198,43069368.67879908,791.9,-8.560684050632241e-09,865.0,ASK
955,1712701811.723426,43072609.67879908,792.0,-8.780119306360474e-08,865.0,ASK
956,1712701812.143548,43072925.67879908,791.9,-8.560684050632241e-09,865.0,ASK
957,1712701830.4292316,43072925.67879908,791.9,-0.0,865.0,ASK
958,1712701860.70528,43072925.67879908,791.9,-0.0,865.0,ASK
959,1712701883.6138704,43074172.80612628,791.9,-3.3782606214519656e-08,865.0,ASK
960,1712701883.6214776,43074453.24355549,791.9,-7.596583790786068e-09,865.0,ASK
961,1712701890.6508582,43074453.24355549,791.9,-0.0,865.0,ASK
962,1712701920.444616,43074453.24355549,791.9,-0.0,865.0,ASK
963,1712701933.383889,43074467.91367028,792.7,3.973760023560676e-10,865.0,BID
964,1712701936.4942102,43074500.92111319,792.7,8.94087463185066e-10,865.0,BID
965,1712701950.4397414,43074500.92111319,792.7,0.0,865.0,BID
966,1712701980.4064205,43074500.92111319,792.7,0.0,865.0,BID
967,1712701995.0446155,43075145.96471319,792.7,1.7472568446263664e-08,865.0,BID
968,1712701995.1456318,43075145.96471332,792.7,3.43088940119572e-18,865.0,BID
969,1712702010.433282,43075145.96471332,792.7,0.0,865.0,BID
970,1712702040.645318,43075145.96471332,792.7,0.0,865.0,BID
971,1712702070.674273,43075145.96471332,792.7,0.0,865.0,BID
972,1712702100.456515,43075145.96471332,792.7,0.0,865.0,BID
973,1712702118.7037694,43075508.31543495,793.9,9.82351391228499e-09,865.0,BID
974,1712702127.213777,43078308.6015825,793.9,7.591719372126719e-08,865.0,BID
975,1712702130.4298806,43078308.6015825,793.9,0.0,865.0,BID
976,1712702140.9638622,43078406.9441805,794.5,2.665936802556427e-09,865.0,BID
977,1712702148.713858,43078532.79366451,794.6,3.411611832425897e-09,865.0,BID
978,1712702153.6071758,43078532.85722487,794.6,1.7230366510251837e-12,865.0,BID
979,1712702160.6746163,43078532.85722487,794.6,0.0,865.0,BID
980,1712702181.2435794,43079151.00900887,794.6,-1.675719031062274e-08,865.0,ASK
981,1712702181.2637572,43079151.00900978,794.6,-2.46408691629374e-17,865.0,ASK
982,1712702190.6438866,43079151.00900978,794.6,-0.0,865.0,ASK
983,1712702190.8737867,43079178.53173588,794.5,-7.460908957257592e-10,865.0,ASK
984,1712702196.673866,43079329.93499612,793.0,-4.104266184303727e-09,865.0,ASK
985,1712702196.680254,43079810.16387332,793.0,-1.3018128792739152e-08,865.0,ASK
986,1712702201.1937463,43081008.28476252,794.5,3.247887160740743e-08,865.0,BID
987,1712702204.7150946,43081303.9386296,794.5,8.014636983425245e-09,865.0,BID
988,1712702204.7502315,43081458.16124608,795.2,4.180693788907845e-09,865.0,BID
989,1712702220.4446793,43081458.16124608,795.2,0.0,865.0,BID
990,1712702250.464513,43081458.16124608,795.2,0.0,865.0,BID
991,1712702280.6561089,43081458.16124608,795.2,0.0,865.0,BID
992,1712702285.223569,43082741.9875519,794.5,-3.48004606532567e-08,865.0,ASK
993,1712702285.2838233,43084001.43339572,794.0,-3.41395836293339e-08,865.0,ASK
994,1712702310.654651,43084001.43339572,794.0,-0.0,865.0,ASK
995,1712702340.4444394,43084001.43339572,794.0,-0.0,865.0,ASK
996,1712702370.4446924,43084001.43339572,794.0,-0.0,865.0,ASK
997,1712702400.480805,43084001.43339572,794.0,-0.0,865.0,ASK
998,1712702430.404692,43084001.43339572,794.0,-0.0,865.0,ASK
999,1712702438.0855808,43084064.80475186,795.2,1.718653133260854e-09,865.0,BID
1000,1712702438.0896914,43085434.15813324,796.3,3.713733811155032e-08,865.0,BID
1201,1712702438.09735,43085934.15813324,795.5,1.3560173223551812e-08,865.0,BID
1202,1712702460.6705284,43085934.15813324,795.5,0.0,865.0,BID
1203,1712702490.653602,43085934.15813324,795.5,0.0,865.0,BID
1204,1712702520.4447615,43085934.15813324,795.5,0.0,865.0,BID
1205,1712702537.723735,43085944.15813324,795.4,2.7119214863880103e-10,865.0,BID
1206,1712702537.9637678,43087191.22915724,795.5,-3.3819587050392463e-08,865.0,ASK
1207,1712702537.97392,43087191.22915775,795.5,-1.3941718828735702e-17,865.0,ASK
1208,1712702542.1637352,43088448.45822475,795.4,-3.4095065201027943e-08,865.0,ASK
1209,1712702542.2435913,43088448.45822488,795.4,-3.434916233166767e-18,865.0,ASK
1210,1712702550.4331903,43088448.45822488,795.4,-0.0,865.0,ASK
1211,1712702569.6536176,43091689.94931076,795.3,8.79019255772888e-08,865.0,BID
1212,1712702569.655736,43092220.14542628,795.4,1.4377722552174097e-08,865.0,BID
1213,1712702571.5035086,43092592.7937793,795.4,1.0105382654349649e-08,865.0,BID
1214,1712702580.6744905,43092592.7937793,795.4,0.0,865.0,BID
1215,1712702594.505465,43092605.36606997,795.4,3.4090168993495715e-10,865.0,BID
1216,1712702595.2877376,43094442.77277478,795.4,4.982187152806286e-08,865.0,BID
1217,1712702595.3635595,43094579.39791248,795.4,-3.7046343851205275e-09,865.0,ASK
1218,1712702603.7950294,43094604.54249382,795.4,6.818033796678894e-10,865.0,BID
1219,1712702610.6623244,43094604.54249382,795.4,0.0,865.0,BID
1220,1712702640.409855,43094604.54249382,795.4,0.0,865.0,BID
1221,1712702641.3236144,43094615.99245708,795.5,3.1045595221189867e-10,865.0,BID
1222,1712702653.953572,43094709.1078707,795.4,-2.524744730894699e-09,865.0,ASK
1223,1712702670.4497025,43094709.1078707,795.4,-0.0,865.0,ASK
1224,1712702700.4925652,43094709.1078707,795.4,-0.0,865.0,ASK
1225,1712702702.4637642,43094778.93280155,795.4,-1.8944068294249953e-09,865.0,ASK
1226,1712702709.783691,43094790.72803627,795.5,3.20014254651314e-10,865.0,BID
1227,1712702709.7864344,43094845.70961683,795.5,1.4916947347716623e-09,865.0,BID
1228,1712702709.7934127,43094861.16146352,795.5,4.1922109390970414e-10,865.0,BID
1229,1712702724.8336067,43094867.54227005,794.2,-1.731164401608009e-10,865.0,ASK
1230,1712702728.5136583,43094919.89582127,795.5,1.4203941739711087e-09,865.0,BID
1231,1712702730.4945512,43094919.89582127,795.5,0.0,865.0,BID
1232,1712702741.177065,43095275.36091621,795.6,9.644011558949604e-09,865.0,BID
1233,1712702741.179835,43095321.62737814,795.5,1.255240809882116e-09,865.0,BID
1234,1712702760.6664495,43095321.62737814,795.5,0.0,865.0,BID
1235,1712702779.3035493,43095334.18230594,796.5,3.4062083900330416e-10,865.0,BID
1236,1712702787.7935488,43095822.18234779,796.5,1.3239660664545008e-08,865.0,BID
1237,1712702787.7963364,43112700.38315984,796.6,4.579131807703967e-07,865.0,BID
1238,1712702790.657895,43112700.38315984,796.6,0.0,865.0,BID
1239,1712702813.25376,43112725.52458033,795.5,-6.81841954662872e-10,865.0,ASK
1240,1712702813.2567394,43112764.78322269,795.5,-1.064704735123474e-09,865.0,ASK
1241,1712702818.1337223,43114021.8542472,795.5,3.4092097731931274e-08,865.0,BID
1242,1712702820.4134543,43114021.8542472,795.5,0.0,865.0,BID
1243,1712702828.203508,43114650.38975945,795.5,-1.7045562903075762e-08,865.0,ASK
1244,1712702832.0635796,43114665.31747786,795.5,4.048321187414472e-10,865.0,BID
1245,1712702839.8056624,43115067.90014216,794.4,-1.0917836771812512e-08,865.0,ASK
1246,1712702839.8133037,43117198.72611604,794.4,-5.778691492383135e-08,865.0,ASK
1247,1712702850.451933,43117198.72611604,794.4,-0.0,865.0,ASK
1248,1712702880.6659005,43117198.72611604,794.4,-0.0,865.0,ASK
1249,1712702898.1910925,43117363.17757306,794.5,-4.459534435949546e-09,865.0,ASK
1250,1712702910.6643262,43117363.17757306,794.5,-0.0,865.0,ASK
1251,1712702940.4661126,43117363.17757306,794.5,-0.0,865.0,ASK
1252,1712702944.665174,43117370.92855748,794.8,-2.1018761444285247e-10,865.0,ASK
1253,1712702970.4473317,43117370.92855748,794.8,-0.0,865.0,ASK
1254,1712703000.4962692,43117370.92855748,794.8,-0.0,865.0,ASK
1255,1712703016.776448,43118628.0786033,796.6,3.4143455664958576e-08,865.0,BID
1256,1712703016.7780354,43119384.36378446,796.7,2.0540260598987697e-08,865.0,BID
1257,1712703016.7793517,43123586.22724048,796.6,1.1412013951543765e-07,865.0,BID
1258,1712703017.6564918,43123963.22724048,796.8,-1.0239098211461e-08,865.0,ASK
1259,1712703017.6594665,43123963.22724139,796.8,-2.4687113073330695e-17,865.0,ASK
1260,1712703018.92635,43124277.22724139,796.7,-8.528055274267251e-09,865.0,ASK
1261,1712703030.451309,43124277.22724139,796.7,-0.0,865.0,ASK
1262,1712703035.079015,43125698.18638878,796.6,3.8586648722865415e-08,865.0,BID
1263,1712703035.0839942,43125991.21363423,796.7,7.957258593276771e-09,865.0,BID
1264,1712703035.087714,43126401.54728295,796.5,1.1142755505201484e-08,865.0,BID
1265,1712703035.1767702,43126640.03102847,796.7,6.476110542291144e-09,865.0,BID
1266,1712703043.8068936,43126652.58280454,796.7,3.4084792290578045e-10,865.0,BID
1267,1712703055.9171276,43127365.63057266,796.7,1.9363064590328694e-08,865.0,BID
1268,1712703056.1571827,43127907.63057266,796.7,-1.4718201889303467e-08,865.0,ASK
1269,1712703056.2376237,43127907.76041217,796.7,-3.5258378548876945e-12,865.0,ASK
1270,1712703060.6217031,43127907.76041217,796.7,-0.0,865.0,ASK
1271,1712703083.167591,43128341.70686217,796.7,-1.1783044051660924e-08,865.0,ASK
1272,1712703083.2675831,43128341.70686306,796.7,-2.427687178037941e-17,865.0,ASK
1273,1712703090.6607127,43128341.70686306,796.7,-0.0,865.0,ASK
1274,1712703120.4504707,43128341.70686306,796.7,-0.0,865.0,ASK
1275,1712703127.5882063,43128349.70686306,796.2,-2.1722373235507662e-10,865.0,ASK
1276,1712703150.4203782,43128349.70686306,796.2,-0.0,865.0,ASK
1277,1712703180.6424694,43128349.70686306,796.2,-0.0,865.0,ASK
1278,1712703182.036303,43128419.70686306,796.6,1.9007073293728673e-09,865.0,BID
1279,1712703187.2954872,43129675.67270078,796.2,-3.4103192474153466e-08,865.0,ASK
1280,1712703210.6700246,43129675.67270078,796.2,-0.0,865.0,ASK
1281,1712703212.5395958,43129761.35004315,796.2,2.326326919664803e-09,865.0,BID
1282,1712703240.43128,43129761.35004315,796.2,0.0,865.0,BID
1283,1712703243.1699324,43132855.67783207,794.9,-8.40176002365993e-08,865.0,ASK
1284,1712703243.1718073,43149761.35004315,794.8,-4.590250634234459e-07,865.0,ASK
1285,1712703243.389652,43150460.65980915,794.9,1.898775190266044e-08,865.0,BID
1286,1712703243.5575664,43150837.72337315,794.8,-1.0238080108253752e-08,865.0,ASK
1287,1712703258.3199294,43153216.27862107,794.8,-6.458284887459228e-08,865.0,ASK
1288,1712703270.4606884,43153216.27862107,794.8,-0.0,865.0,ASK
1289,1712703293.3004403,43163236.50201381,794.8,-2.719327932100475e-07,865.0,ASK
1290,1712703300.6332529,43163236.50201381,794.8,-0.0,865.0,ASK
1291,1712703330.6920824,43163236.50201381,794.8,-0.0,865.0,ASK
1292,1712703332.1609156,43163613.95546122,794.8,-1.0256523497735222e-08,865.0,ASK
1293,1712703336.5508704,43166901.60448448,794.8,-8.93351211676293e-08,865.0,ASK
1294,1712703336.5541203,43168830.87046167,794.8,-5.2423847137312055e-08,865.0,ASK
1295,1712703340.484434,43168893.77936957,794.8,1.709420582854643e-09,865.0,BID
1296,1712703360.4821408,43168893.77936957,794.8,0.0,865.0,BID
1297,1712703377.3314352,43171393.77936957,794.5,-6.792407496497705e-08,865.0,ASK
1298,1712703390.4511888,43171393.77936957,794.5,-0.0,865.0,ASK
1299,1712703411.691668,43172234.76123484,794.5,-2.2847933100176025e-08,865.0,ASK
1300,1712703420.431393,43172234.76123484,794.5,-0.0,865.0,ASK
1301,1712703450.425168,43172234.76123484,794.5,-0.0,865.0,ASK
1302,1712703480.6839335,43172234.76123484,794.5,-0.0,865.0,ASK
1303,1712703510.67225,43172234.76123484,794.5,-0.0,865.0,ASK
1304,1712703529.134564,43174752.0677169,794.5,-6.83893534837131e-08,865.0,ASK
1305,1712703529.1378803,43174764.65424931,794.6,-3.419467675187609e-10,865.0,ASK
1306,1712703529.1410964,43178975.59183023,794.5,-1.1440136541674789e-07,865.0,ASK
1307,1712703529.4127192,43179101.40964603,794.4,-3.4181769841421947e-09,865.0,ASK
1308,1712703529.4161334,43179557.71125683,794.4,-1.2396651889233176e-08,865.0,ASK
1309,1712703529.419413,43180058.36727323,794.4,-1.3601657773116706e-08,865.0,ASK
1310,1712703540.474323,43180058.36727323,794.4,-0.0,865.0,ASK
1311,1712703554.062887,43180058.3672737,794.4,-1.2952367645430908e-17,865.0,ASK
1312,1712703554.14269,43180392.5694007,794.3,-9.07796035240349e-09,865.0,ASK
1313,1712703558.1029575,43180392.56940135,794.3,-1.7809505512467497e-17,865.0,ASK
1314,1712703558.1065063,43183181.2984617,794.0,-7.575048091720005e-08,865.0,ASK
1315,1712703570.405475,43183181.2984617,794.0,-0.0,865.0,ASK
1316,1712703575.0757678,43183181.2984625,794.0,-2.1855648281564842e-17,865.0,ASK
1317,1712703598.1563077,43183307.24304688,793.9,3.420812874550498e-09,865.0,BID
1318,1712703600.6289473,43183307.24304688,793.9,0.0,865.0,BID
1319,1712703603.0552375,43183685.20361739,794.0,1.0277008820577748e-08,865.0,BID
1320,1712703603.058655,43189581.74307646,794.0,1.603309783095106e-07,865.0,BID
1321,1712703611.0832565,43189707.70352487,793.9,-3.424951543648863e-09,865.0,ASK
1322,1712703616.1933053,43189813.09813604,793.5,-2.865752232120661e-09,865.0,ASK
1323,1712703616.233142,43189882.21130609,793.1,-1.8792348029068324e-09,865.0,ASK
1324,1712703616.243106,43189965.85261174,793.5,-2.274264838872118e-09,865.0,ASK
1325,1712703629.4033017,43190349.48436144,793.1,-1.0431212097611174e-08,865.0,ASK
1326,1712703630.4512916,43190349.48436144,793.1,-0.0,865.0,ASK
1327,1712703630.916211,43190517.33436143,794.0,4.563263642704141e-09,865.0,BID
1328,1712703660.6346183,43190517.33436143,794.0,0.0,865.0,BID
1329,1712703690.663442,43190517.33436143,794.0,0.0,865.0,BID
1330,1712703720.4410665,43190517.33436143,794.0,0.0,865.0,BID
1331,1712703750.4426887,43190517.33436143,794.0,0.0,865.0,BID
1332,1712703776.2343175,43190525.99727772,794.0,2.3551401693723124e-10,865.0,BID
1333,1712703776.237848,43190614.28720208,794.0,2.4002903909792512e-09,865.0,BID
1334,1712703780.6641214,43190614.28720208,794.0,0.0,865.0,BID
1335,1712703787.5943508,43190614.28720276,794.0,1.843245754469665e-17,865.0,BID
1336,1712703787.5971303,43191067.47074276,794.0,1.2320429853969929e-08,865.0,BID
1337,1712703810.666752,43191067.47074276,794.0,0.0,865.0,BID
1338,1712703822.1146922,43191319.35991152,794.0,-6.8478931876020625e-09,865.0,ASK
1339,1712703840.476134,43191319.35991152,794.0,-0.0,865.0,ASK
1340,1712703840.8846335,43191571.24908028,794.0,6.847855954456019e-09,865.0,BID
1341,1712703870.426191,43191571.24908028,794.0,0.0,865.0,BID
1342,1712703886.9351344,43191823.13824904,794.0,6.8478187215123105e-09,865.0,BID
1343,1712703888.1849923,43194342.02993669,794.0,6.847818721613585e-08,865.0,BID
1344,1712703899.81943,43194442.02993669,794.0,2.71858403248434e-09,865.0,BID
1345,1712703900.685403,43194442.02993669,794.0,0.0,865.0,BID
1346,1712703901.804899,43194693.91910545,794.0,6.855678692610721e-09,865.0,BID
1347,1712703930.6655617,43194693.91910545,794.0,0.0,865.0,BID
1348,1712703960.4479191,43194693.91910545,794.0,0.0,865.0,BID
1349,1712703973.6779485,43214693.91910545,793.2,-5.443379251642965e-07,865.0,ASK
1350,1712703973.7817075,43219084.33232042,793.2,-1.1949342100264564e-07,865.0,ASK
1351,1712703973.7872057,43219147.58133345,793.1,-1.721441826045829e-09,865.0,ASK
1352,1712703973.815079,43223503.89386445,793.1,-1.185653062246391e-07,865.0,ASK
1353,1712703974.0967174,43224280.6288426,793.1,-2.1140315320349605e-08,865.0,ASK
1354,1712703990.4069138,43224280.6288426,793.1,-0.0,865.0,ASK
1355,1712704007.4353914,43231240.33787349,793.1,-1.8930076909434162e-07,865.0,ASK
1356,1712704007.4390483,43231618.60038766,793.1,-1.0288560130156513e-08,865.0,ASK
1357,1712704011.3253722,43231748.10038752,793.0,-3.5223382848504434e-09,865.0,ASK
1358,1712704011.4054618,43232879.63443556,793.0,-3.0777186890848974e-08,865.0,ASK
1359,1712704011.5494678,43232879.63443557,793.0,-4.053044835458893e-19,865.0,ASK
1360,1712704020.6414847,43232879.63443557,793.0,-0.0,865.0,ASK
1361,1712704022.4455736,43233131.84124515,793.0,6.858632801178904e-09,865.0,BID
1362,1712704045.3140335,43233138.15769924,791.9,-1.7177267847019707e-10,865.0,ASK
1363,1712704045.3158147,43233155.29559543,791.9,-4.660561589557701e-10,865.0,ASK
1364,1712704045.8193314,43233365.37663512,791.9,5.713044434119995e-09,865.0,BID
1365,1712704045.8255556,43233517.95656232,791.5,4.149331634729042e-09,865.0,BID
1366,1712704049.8091476,43233557.96792882,791.8,1.0880882683678594e-09,865.0,BID
1367,1712704050.6636176,43233557.96792882,791.8,0.0,865.0,BID
1368,1712704080.446378,43233557.96792882,791.8,0.0,865.0,BID
1369,1712704080.685806,43237731.64632882,792.0,1.134993511719637e-07,865.0,BID
1370,1712704102.126495,43237738.51271739,791.1,-1.8672513129546118e-10,865.0,ASK
1371,1712704102.130329,43238370.54406614,791.1,-1.7187512100458893e-08,865.0,ASK
1372,1712704102.1340528,43240935.29453992,791.5,-6.974603378452019e-08,865.0,ASK
1373,1712704102.1373117,43240986.01767519,791.0,-1.379369081855862e-09,865.0,ASK
1374,1712704102.1389897,43245961.44003118,790.7,-1.353020417698437e-07,865.0,ASK
1375,1712704102.1406834,43247354.72692161,791.0,-3.788915745409856e-08,865.0,ASK
1376,1712704102.142365,43248889.97629779,791.1,-4.174969688206924e-08,865.0,ASK
1377,1712704102.1440625,43251415.86667414,790.9,-6.868926912223688e-08,865.0,ASK
1378,1712704102.1457508,43255209.97316206,790.7,-1.0317724160449853e-07,865.0,ASK
1379,1712704102.147477,43255822.38313598,791.0,-1.665392683131738e-08,865.0,ASK
1380,1712704102.1492708,43256273.69990907,790.8,-1.2273145175331396e-08,865.0,ASK
1381,1712704110.458122,43256273.69990907,790.8,-0.0,865.0,ASK
1382,1712704128.8258142,43256283.69990907,792.0,2.718079837329343e-10,865.0,BID
1383,1712704139.0159564,43256537.26117307,792.0,6.8919975920840675e-09,865.0,BID
1384,1712704139.0198128,43256537.261174,792.0,2.5314091121119845e-17,865.0,BID
1385,1712704140.5157433,43256537.261174,792.0,0.0,865.0,BID
1386,1712704145.0559723,43260330.40822166,793.0,1.0310018013973233e-07,865.0,BID
1387,1712704169.1660016,43262819.68053127,792.1,-6.766002485871216e-08,865.0,ASK
1388,1712704169.1698737,43262832.30519987,792.1,-3.4314662477396045e-10,865.0,ASK
1389,1712704170.4487257,43262832.30519987,792.1,-0.0,865.0,ASK
1390,1712704200.4877274,43262832.30519987,792.1,-0.0,865.0,ASK
1391,1712704202.75615,43262958.34560304,792.1,-3.429244022208898e-09,865.0,ASK
1392,1712704202.758478,43265105.30519987,792.1,-5.841339902155205e-08,865.0,ASK
1393,1712704202.8765595,43265105.51148272,792.1,-5.612440347967465e-12,865.0,ASK
1394,1712704203.400152,43265556.62197272,792.1,1.2273587772112986e-08,865.0,BID
1395,1712704203.432182,43265556.62197296,792.1,6.6894846804676395e-18,865.0,BID
1396,1712704203.4375384,43266007.73246272,792.1,-1.2273587765626212e-08,865.0,ASK
1397,1712704203.439368,43266458.84295272,792.0,1.2273587772315698e-08,865.0,BID
1398,1712704213.136124,43266824.37468586,791.9,9.945203912787467e-09,865.0,BID
1399,1712704219.0169692,43267743.85328586,792.0,2.501671220672724e-08,865.0,BID
1400,1712704219.23601,43269901.85328586,792.0,-5.871378076921959e-08,865.0,ASK
1401,1712704224.276372,43269902.09466425,792.0,-6.567302256337183e-12,865.0,ASK
1402,1712704224.2804945,43270002.85328586,792.0,-2.7413899997321603e-09,865.0,ASK
1403,1712704224.359116,43270028.35729051,792.0,-6.939001565090675e-10,865.0,ASK
1404,1712704230.4686885,43270028.35729051,792.0,-0.0,865.0,ASK
1405,1712704231.2162156,43270174.35729051,790.9,-3.971678823103932e-09,865.0,ASK
1406,1712704233.7467709,43270300.61991677,790.8,-3.4347575264958203e-09,865.0,ASK
1407,1712704233.7502103,43277300.12345748,790.8,-1.904094519512149e-07,865.0,ASK
1408,1712704233.7542336,43277300.35729051,790.6,-6.3610252935745855e-12,865.0,ASK
1409,1712704237.336378,43277319.67977571,790.6,-5.25634967690357e-10,865.0,ASK
1410,1712704260.6588762,43277319.67977571,790.6,-0.0,865.0,ASK
1411,1712704261.7465172,43280560.67977571,790.8,-8.815200224066174e-08,865.0,ASK
1412,1712704290.6592352,43280560.67977571,790.8,-0.0,865.0,ASK
1413,1712704320.4064395,43280577.70059235,790.8,-4.6291714861995054e-10,865.0,ASK
1414,1712704320.439955,43280577.70059235,790.8,-0.0,865.0,ASK
1415,1712704350.457754,43280577.70059235,790.8,-0.0,865.0,ASK
1416,1712704350.7538934,43284354.30648284,790.8,-1.027127562306385e-07,865.0,ASK
1417,1712704350.7573004,43284354.70059235,790.6,-1.0718638690618843e-11,865.0,ASK
1418,1712704354.2471669,43284488.90239076,790.6,-3.6499007326115963e-09,865.0,ASK
1419,1712704354.2533288,43284552.15349765,790.5,-1.720247150879653e-09,865.0,ASK
1420,1712704354.259059,43284736.70059235,790.4,-5.01914716551159e-09,865.0,ASK
1421,1712704380.680934,43284736.70059235,790.4,-0.0,865.0,ASK
1422,1712704381.7570374,43284737.01202497,790.4,-8.469308948105908e-12,865.0,ASK
1423,1712704381.766665,43284989.70059235,790.4,-6.871783464647797e-09,865.0,ASK
1424,1712704410.7675877,43284989.70059235,790.4,-0.0,865.0,ASK
1425,1712704440.4777813,43284989.70059235,790.4,-0.0,865.0,ASK
1426,1712704444.29714,43284990.04846221,790.4,-9.460156489487331e-12,865.0,ASK
1427,1712704444.30078,43285255.70059235,790.4,-7.224284053835225e-09,865.0,ASK
1428,1712704450.736928,43285255.73672131,790.4,-9.825099970014766e-13,865.0,ASK
1429,1712704450.876881,43286517.53024531,790.4,3.431387819132671e-08,865.0,BID
1430,1712704450.9368663,43286517.53024534,790.4,8.104600640083515e-19,865.0,BID
1431,1712704470.447399,43286517.53024534,790.4,0.0,865.0,BID
1432,1712704472.5370524,43289008.38914534,791.0,6.773550543918728e-08,865.0,BID
1433,1712704488.967011,43290765.75319334,791.0,-4.778911484404979e-08,865.0,ASK
1434,1712704488.987067,43290765.75319403,791.0,-1.8639969335276218e-17,865.0,ASK
1435,1712704499.7106695,43291600.14004601,791.0,2.269001072315353e-08,865.0,BID
1436,1712704500.1619844,43292029.97569701,791.0,-1.1688793402351636e-08,865.0,ASK
1437,1712704500.1783693,43292029.97569719,791.0,-4.862600696159014e-18,865.0,ASK
1438,1712704500.2698364,43292283.14025415,790.0,-6.884464320661818e-09,865.0,ASK
1439,1712704500.2731097,43292409.65847277,790.4,-3.440490140013673e-09,865.0,ASK
1440,1712704500.284961,43292585.97569719,790.0,-4.7947060806154565e-09,865.0,ASK
1441,1712704500.4933789,43292585.97569719,790.0,-0.0,865.0,ASK
1442,1712704504.227897,43296378.64320667,791.0,-1.032502586167291e-07,865.0,ASK
1443,1712704504.2299058,43296378.97569719,790.0,-9.051606015144911e-12,865.0,ASK
1444,1712704505.5080893,43296747.59491301,791.6,1.0035161075877978e-08,865.0,BID
1445,1712704511.747142,43297719.59491301,790.1,-2.646138927933229e-08,865.0,ASK
1446,1712704519.2372782,43301340.4135525,790.0,-9.857190486556437e-08,865.0,ASK
1447,1712704519.240386,43301844.92407122,790.0,-1.3734618550850774e-08,865.0,ASK
1448,1712704519.2445753,43306571.59491301,790.0,-1.2867723985585792e-07,865.0,ASK
1449,1712704530.457168,43306571.59491301,790.0,-0.0,865.0,ASK
1450,1712704535.7775674,43306940.45572413,790.1,-1.0038717468995064e-08,865.0,ASK
1451,1712704535.782034,43306940.59491301,790.0,-3.788089859784289e-12,865.0,ASK
1452,1712704541.5031717,43307193.72862311,790.0,-6.889150923443091e-09,865.0,ASK
1453,1712704541.5065334,43308218.29565302,789.6,-2.7884065293626887e-08,865.0,ASK
1454,1712704541.5098944,43308316.63825102,789.7,-2.676439260363031e-09,865.0,ASK
1455,1712704560.6536922,43308316.63825102,789.7,-0.0,865.0,ASK
1456,1712704590.6812518,43308316.63825102,789.7,-0.0,865.0,ASK
1457,1712704620.4504716,43308316.63825102,789.7,-0.0,865.0,ASK
1458,1712704620.7474082,43308566.81388912,791.4,6.808390258797362e-09,865.0,BID
1459,1712704627.2376375,43308820.07462104,789.7,-6.892349363731376e-09,865.0,ASK
1460,1712704627.2412035,43308820.22708401,789.6,-4.149194686511082e-12,865.0,ASK
1461,1712704627.244701,43309098.81388912,789.7,-7.581584300327553e-09,865.0,ASK
1462,1712704629.2177224,43310417.75982352,789.6,-3.589437692565429e-08,865.0,ASK
1463,1712704629.2221308,43311043.97678642,789.5,-1.7042144880384152e-08,865.0,ASK
1464,1712704629.2264335,43311104.4368928,789.6,-1.6453880259817919e-09,865.0,ASK
1465,1712704629.228717,43314911.42681201,789.6,-1.0360510430959005e-07,865.0,ASK
1466,1712704629.2306464,43315210.15085253,789.5,-8.129607914649825e-09,865.0,ASK
1467,1712704629.232617,43315222.81388912,789.6,-3.446174680953253e-10,865.0,ASK
1468,1712704650.0175667,43315223.2593708,789.5,-1.2123534909874238e-11,865.0,ASK
1469,1712704650.02121,43315286.37588912,789.4,-1.717680793385064e-09,865.0,ASK
1470,1712704650.4537106,43315286.37588912,789.4,-0.0,865.0,ASK
1471,1712704650.737517,43315349.93786079,789.4,-1.729544505650015e-09,865.0,ASK
1472,1712704650.742056,43315982.37588912,789.1,-1.7208870153473513e-08,865.0,ASK
1473,1712704659.714605,43316039.41288912,789.6,-1.55199763925497e-09,865.0,ASK
1474,1712704661.227389,43316096.35765203,789.6,-1.549487834217972e-09,865.0,ASK
1475,1712704661.407612,43317795.44106403,789.6,4.623268131735111e-08,865.0,BID
1476,1712704661.4172974,43318539.3760223,789.6,2.0242742412596093e-08,865.0,BID
1477,1712704680.6700957,43318539.3760223,789.6,0.0,865.0,BID
1478,1712704684.1088507,43319636.38821423,790.8,2.984801726616805e-08,865.0,BID
1479,1712704686.2781885,43320037.98567937,789.0,-1.092685036849848e-08,865.0,ASK
1480,1712704686.2826834,43320291.47110395,789.0,-6.8969491726687805e-09,865.0,ASK
1481,1712704686.2861867,43320291.56290636,789.1,-2.4978026335883453e-12,865.0,ASK
1482,1712704686.2896478,43320291.7008548,788.7,-3.753365190683192e-12,865.0,ASK
1483,1712704686.301677,43320418.42750541,789.1,-3.448037572724533e-09,865.0,ASK
1484,1712704686.3037467,43324347.38821423,789.0,-1.0690098791767437e-07,865.0,ASK
1485,1712704690.311372,43325694.38821423,788.8,-3.6649801664313065e-08,865.0,ASK
1486,1712704700.8676393,43326113.89695382,788.8,1.1414188643239116e-08,865.0,BID
1487,1712704700.877722,43327183.33178489,788.8,2.9097679622529625e-08,865.0,BID
1488,1712704701.1193852,43327203.6466559,790.8,5.527364465245593e-10,865.0,BID
1489,1712704701.301071,43328574.54253632,788.8,-3.729997187800412e-08,865.0,ASK
1490,1712704701.3073084,43328574.6466559,788.7,-2.8329340027202226e-12,865.0,ASK
1491,1712704710.6804178,43328574.6466559,788.7,-0.0,865.0,ASK
1492,1712704740.4115522,43328574.6466559,788.7,-0.0,865.0,ASK
1493,1712704745.1083467,43329832.32514846,789.0,-3.42121291146287e-08,865.0,ASK
1494,1712704748.9241402,43333072.52506428,789.0,-8.81418729292845e-08,865.0,ASK
1495,1712704756.4779153,43333964.38060368,789.0,-2.426079244091641e-08,865.0,ASK
1496,1712704756.4879262,43334267.7203792,788.7,-8.251631579333639e-09,865.0,ASK
1497,1712704756.4914029,43339654.52506428,788.6,-1.4653511091369678e-07,865.0,ASK
1498,1712704763.1477685,43340467.24345371,789.0,2.2108055943904144e-08,865.0,BID
1499,1712704770.4813366,43340467.24345371,789.0,0.0,865.0,BID
1500,1712704800.4649851,43340467.24345371,789.0,0.0,865.0,BID
1501,1712704822.319075,43342456.75518484,789.0,-5.4164399421950726e-08,865.0,ASK
1502,1712704822.321258,43342608.24345371,789.7,-4.1242637450654375e-09,865.0,ASK
1503,1712704830.4385617,43342608.24345371,789.7,-0.0,865.0,ASK
1504,1712704831.2986968,43342735.05045346,788.6,-3.452158132092049e-09,865.0,ASK
1505,1712704831.301835,43352423.97178104,788.6,-2.63768471914161e-07,865.0,ASK
1506,1712704831.30453,43354924.92041895,788.5,-6.808512302394841e-08,865.0,ASK
1507,1712704831.307205,43354925.24345371,788.4,-8.794207633601878e-12,865.0,ASK
1508,1712704832.5879571,43355297.32866942,790.5,1.0129543367265484e-08,865.0,BID
1509,1712704860.6780417,43355297.32866942,790.5,0.0,865.0,BID
1510,1712704875.179685,43355367.61446266,788.4,-1.912919550816022e-09,865.0,ASK
1511,1712704875.1845086,43358952.67552223,788.4,-9.757211345060364e-08,865.0,ASK
1512,1712704875.1885257,43359476.12446298,788.3,-1.4246345761880745e-08,865.0,ASK
1513,1712704875.1905503,43360308.71805963,788.4,-2.2660120851747143e-08,865.0,ASK
1514,1712704875.192621,43360315.60071672,788.4,-1.8732049108955927e-10,865.0,ASK
1515,1712704875.1946552,43360322.19886416,788.1,-1.7957718998748027e-10,865.0,ASK
1516,1712704875.19671,43360328.79450089,788.4,-1.7950885749462559e-10,865.0,ASK
1517,1712704875.198769,43360654.46505926,788.0,-8.863549083500916e-09,865.0,ASK
1518,1712704875.2008271,43360717.90073548,788.2,-1.7264846803292247e-09,865.0,ASK
1519,1712704875.202886,43361404.59823579,788.1,-1.8689368268270936e-08,865.0,ASK
1520,1712704875.2049756,43361879.32866942,788.0,-1.292040803732764e-08,865.0,ASK
1521,1712704890.695814,43361879.32866942,788.0,-0.0,865.0,ASK
1522,1712704903.368192,43361985.66639804,788.0,-2.893711363579716e-09,865.0,ASK
1523,1712704915.7982647,43362189.97831421,788.0,-5.559830186501521e-09,865.0,ASK
1524,1712704920.457992,43362189.97831421,788.0,-0.0,865.0,ASK
1525,1712704931.8580475,43363009.97411871,788.0,-2.2313955753150544e-08,865.0,ASK
1526,1712704931.8611906,43364372.07987921,788.0,-3.706600387983936e-08,865.0,ASK
1527,1712704931.9982188,43364699.20406721,788.0,-8.901795127194306e-09,865.0,ASK
1528,1712704947.348793,43364785.01015858,788.0,-2.334979417953971e-09,865.0,ASK
1529,1712704947.353649,43364785.0101593,788.0,-1.946373967634073e-17,865.0,ASK
1530,1712704947.3568296,43364785.20406721,787.5,-5.2766763927494065e-12,865.0,ASK
1531,1712704950.4352815,43364785.20406721,787.5,-0.0,865.0,ASK
1532,1712704955.4974382,43364797.49655231,789.1,3.344879370505245e-10,865.0,BID
1533,1712704979.7967677,43364810.16921737,788.9,3.448329249281191e-10,865.0,BID
1534,1712704980.6917648,43364810.16921737,788.9,0.0,865.0,BID
1535,1712704989.9568486,43364822.32038946,787.5,-3.306425243937324e-10,865.0,ASK
1536,1712704989.960688,43365015.49594501,787.5,-5.256452042887596e-09,865.0,ASK
1537,1712704989.9644096,43365968.86589674,787.4,-2.5941912868608213e-08,865.0,ASK
1538,1712704989.9673753,43365981.56914877,787.2,-3.45665034621261e-10,865.0,ASK
1539,1712704989.96953,43366271.2840694,787.5,-7.883360718401353e-09,865.0,ASK
1540,1712704989.971713,43366792.38968585,787.1,-1.4179675447847532e-08,865.0,ASK
1541,1712704989.973902,43366798.9953769,787.2,-1.7974581789763304e-10,865.0,ASK
1542,1712704989.9761145,43366806.61539214,787.4,-2.073463413500772e-10,865.0,ASK
1543,1712704990.8164003,43366933.04206218,788.9,3.4401647045972503e-09,865.0,BID
1544,1712705004.1862798,43368200.62984263,788.9,3.449201613085784e-08,865.0,BID
1545,1712705010.7663395,43368200.62984263,788.9,0.0,865.0,BID
1546,1712705040.4733918,43368200.62984263,788.9,0.0,865.0,BID
1547,1712705058.3763237,43368745.36174353,787.0,-1.4821486925364624e-08,865.0,ASK
1548,1712705058.3812127,43375584.17940551,787.0,-1.8607584096760952e-07,865.0,ASK
1549,1712705058.3851106,43375590.53391631,787.0,-1.7289844521589434e-10,865.0,ASK
1550,1712705058.388982,43377091.45178892,787.0,-4.083813448069098e-08,865.0,ASK
