,time,acc_trade_volume,trade_price,dev,high,ask_bid
0,1712689619.0987165,9793627.43601261,466.0,0.0,492.0,BID
1,1712689620.1621451,9793627.43601261,466.0,0.0,492.0,BID
2,1712689627.5324264,9799470.66181906,464.8,-1.1432479910992691e-06,492.0,ASK
3,1712689627.53362,9799473.19771165,464.3,-4.961564393024162e-10,492.0,ASK
4,1712689627.5348048,9799580.81716924,464.6,-2.105613111110016e-08,492.0,ASK
5,1712689627.5360386,9799628.65301261,464.8,-9.359253543515533e-09,492.0,ASK
6,1712689650.1659205,9799628.65301261,464.8,-0.0,492.0,ASK
7,1712689680.182348,9799628.65301261,464.8,-0.0,492.0,ASK
8,1712689710.162512,9799628.65301261,464.8,-0.0,492.0,ASK
9,1712689740.242325,9799628.65301261,464.8,-0.0,492.0,ASK
10,1712689770.2421868,9799628.65301261,464.8,-0.0,492.0,ASK
11,1712689800.1722353,9799628.65301261,464.8,-0.0,492.0,ASK
12,1712689821.462591,9799679.32840561,464.3,-9.910442061050705e-09,492.0,ASK
13,1712689828.652366,9799679.32840582,464.3,-4.116275846104879e-17,492.0,ASK
14,1712689828.6536407,9799725.28648961,464.2,-8.98789135455704e-09,492.0,ASK
15,1712689830.172245,9799725.28648961,464.2,-0.0,492.0,ASK
16,1712689831.4626238,9799738.46800082,464.2,-2.577847931057036e-09,492.0,ASK
17,1712689834.3323865,9799804.1965076,464.1,-1.2854223807082956e-08,492.0,ASK
18,1712689834.3339732,9800235.23099035,464.0,-8.429544472166828e-08,492.0,ASK
19,1712689834.3356423,9800275.99693782,464.0,-7.972410118068972e-09,492.0,ASK
20,1712689846.0660582,9800275.99693862,464.0,-1.5627140221010372e-16,492.0,ASK
21,1712689860.2440937,9800275.99693862,464.0,-0.0,492.0,ASK
22,1712689890.2421217,9800275.99693862,464.0,-0.0,492.0,ASK
23,1712689890.774127,9800297.56260607,463.7,-4.217288308928987e-09,492.0,ASK
24,1712689890.7944574,9800342.89953445,463.6,-8.865892904171863e-09,492.0,ASK
25,1712689920.1625245,9800342.89953445,463.6,-0.0,492.0,ASK
26,1712689933.3424058,9800359.21893103,463.5,3.191330993844044e-09,492.0,BID
27,1712689944.431999,9800372.00181966,463.5,2.4997510464307216e-09,492.0,BID
28,1712689950.161918,9800372.00181966,463.5,0.0,492.0,BID
29,1712689976.182392,9800422.40082699,463.4,-9.85572530824556e-09,492.0,ASK
30,1712689980.242041,9800422.40082699,463.4,-0.0,492.0,ASK
31,1712690010.252551,9800422.40082699,463.4,-0.0,492.0,ASK
32,1712690040.162326,9800422.40082699,463.4,-0.0,492.0,ASK
33,1712690045.8627656,9800638.24369338,463.3,-4.2208733822351335e-08,492.0,ASK
34,1712690045.864333,9800694.25772316,463.3,-1.0953715139495972e-08,492.0,ASK
35,1712690045.8657444,9800694.40082699,463.1,-2.7984392499378744e-11,492.0,ASK
36,1712690065.2219985,9800705.05668666,463.1,-2.083786005856167e-09,492.0,ASK
37,1712690065.222802,9800767.32487927,463.1,-1.2176735842300386e-08,492.0,ASK
38,1712690065.4021013,9801293.79930339,463.1,1.0295368665045945e-07,492.0,BID
39,1712690065.6219883,9801694.40082639,463.1,7.833885518684198e-08,492.0,BID
40,1712690065.702076,9801694.40082699,463.1,1.172872009584381e-16,492.0,BID
41,1712690070.1622148,9801694.40082699,463.1,0.0,492.0,BID
42,1712690100.192223,9801694.40082699,463.1,0.0,492.0,BID
43,1712690103.6125658,9803893.91676914,463.5,4.300777504627635e-07,492.0,BID
44,1712690103.6144369,9804763.14953893,463.5,1.6996361203684553e-07,492.0,BID
45,1712690112.1822505,9804795.28746968,463.0,-6.284023087165122e-09,492.0,ASK
46,1712690112.344838,9804820.87329702,463.0,-5.0028712480828275e-09,492.0,ASK
47,1712690112.3518634,9804827.4088511,463.0,-1.2779159007703066e-09,492.0,ASK
48,1712690130.1521158,9804827.4088511,463.0,-0.0,492.0,ASK
49,1712690160.2424428,9804827.4088511,463.0,-0.0,492.0,ASK
50,1712690190.2927225,9804827.4088511,463.0,-0.0,492.0,ASK
51,1712690212.832162,9805256.22531765,463.0,-8.382393042410637e-08,492.0,ASK
52,1712690220.1620276,9805256.22531765,463.0,-0.0,492.0,ASK
53,1712690250.1721413,9805256.22531765,463.0,-0.0,492.0,ASK
54,1712690255.5124364,9805277.7909851,462.8,-4.215437123346947e-09,492.0,ASK
55,1712690266.5623624,9805328.29837682,464.0,9.872670741386921e-09,492.0,BID
56,1712690266.564038,9805493.30822647,464.0,3.225444552248317e-08,492.0,BID
57,1712690280.242154,9805493.30822647,464.0,0.0,492.0,BID
58,1712690310.252356,9805493.30822647,464.0,0.0,492.0,BID
59,1712690340.1623952,9805493.30822647,464.0,0.0,492.0,BID
60,1712690365.7422402,9807933.73938318,462.8,-4.770203827080865e-07,492.0,ASK
61,1712690370.163809,9807933.73938318,462.8,-0.0,492.0,ASK
62,1712690400.182264,9807933.73938318,462.8,-0.0,492.0,ASK
63,1712690430.162007,9807933.73938318,462.8,-0.0,492.0,ASK
64,1712690460.2524166,9807933.73938318,462.8,-0.0,492.0,ASK
65,1712690490.2522929,9807933.73938318,462.8,-0.0,492.0,ASK
66,1712690520.1624987,9807933.73938318,462.8,-0.0,492.0,ASK
67,1712690550.1738403,9807933.73938318,462.8,-0.0,492.0,ASK
68,1712690580.2428322,9807933.73938318,462.8,-0.0,492.0,ASK
69,1712690610.2422783,9807933.73938318,462.8,-0.0,492.0,ASK
70,1712690640.152361,9807933.73938318,462.8,-0.0,492.0,ASK
71,1712690670.1520934,9807933.73938318,462.8,-0.0,492.0,ASK
72,1712690700.2452507,9807933.73938318,462.8,-0.0,492.0,ASK
73,1712690730.2520823,9807933.73938318,462.8,-0.0,492.0,ASK
74,1712690760.1523943,9807933.73938318,462.8,-0.0,492.0,ASK
75,1712690790.1619997,9807933.73938318,462.8,-0.0,492.0,ASK
76,1712690820.2619948,9807933.73938318,462.8,-0.0,492.0,ASK
77,1712690850.2618694,9807933.73938318,462.8,-0.0,492.0,ASK
78,1712690880.183257,9807933.73938318,462.8,-0.0,492.0,ASK
79,1712690910.1618502,9807933.73938318,462.8,-0.0,492.0,ASK
80,1712690940.2416155,9807933.73938318,462.8,-0.0,492.0,ASK
81,1712690970.2427769,9807933.73938318,462.8,-0.0,492.0,ASK
82,1712691000.1921597,9807933.73938318,462.8,-0.0,492.0,ASK
83,1712691030.1515546,9807933.73938318,462.8,-0.0,492.0,ASK
84,1712691060.241769,9807933.73938318,462.8,-0.0,492.0,ASK
85,1712691090.2417145,9807933.73938318,462.8,-0.0,492.0,ASK
86,1712691114.131982,9808427.38252992,466.4,9.648152300576933e-08,492.0,BID
87,1712691114.1344438,9814855.55698656,466.8,1.2563732846668072e-06,492.0,BID
88,1712691120.1819274,9814855.55698656,466.8,0.0,492.0,BID
89,1712691150.1632173,9814855.55698656,466.8,0.0,492.0,BID
90,1712691180.2317643,9814855.55698656,466.8,0.0,492.0,BID
91,1712691201.6418123,9814866.50119256,466.0,-2.1376723424369e-09,492.0,ASK
92,1712691210.241655,9814866.50119256,466.0,-0.0,492.0,ASK
93,1712691240.1618316,9814866.50119256,466.0,-0.0,492.0,ASK
94,1712691266.481669,9814909.41964749,466.0,8.38302044764544e-09,492.0,BID
95,1712691270.1614327,9814909.41964749,466.0,0.0,492.0,BID
96,1712691300.241454,9814909.41964749,466.0,0.0,492.0,BID
97,1712691305.9613533,9818342.89604233,466.0,6.710604644389836e-07,492.0,BID
98,1712691309.5514746,9821969.28402073,466.0,7.08764331299325e-07,492.0,BID
99,1712691309.6715827,9822370.95711873,466.0,-7.850554502180062e-08,492.0,ASK
100,1712691309.6915064,9822370.95711908,466.0,-6.844087639910302e-17,492.0,ASK
101,1712691330.2313366,9822370.95711908,466.0,-0.0,492.0,ASK
102,1712691360.181652,9822370.95711908,466.0,-0.0,492.0,ASK
103,1712691363.68205,9822410.4702092,466.0,7.71744501079226e-09,492.0,BID
104,1712691390.1817272,9822410.4702092,466.0,0.0,492.0,BID
105,1712691420.2415235,9822410.4702092,466.0,0.0,492.0,BID
106,1712691439.001727,9822910.4702092,465.3,-9.76564631221904e-08,492.0,ASK
107,1712691439.003168,9825976.15655261,465.3,-5.987681706790349e-07,492.0,ASK
108,1712691450.2515244,9825976.15655261,465.3,-0.0,492.0,ASK
109,1712691460.8719387,9829834.04959504,465.3,7.532522905749566e-07,492.0,BID
110,1712691464.0213506,9831510.78806677,465.3,3.273826103099829e-07,492.0,BID
111,1712691480.161762,9831510.78806677,465.3,0.0,492.0,BID
112,1712691487.7820864,9832147.78806677,465.3,1.24311524814147e-07,492.0,BID
113,1712691505.861941,9832148.78542048,465.3,1.9463510245950968e-10,492.0,BID
114,1712691505.8648336,9832466.12892213,465.3,6.193006998458175e-08,492.0,BID
115,1712691510.1613736,9832466.12892213,465.3,0.0,492.0,BID
116,1712691515.883072,9832529.76528576,465.3,1.2417656529752372e-08,492.0,BID
117,1712691526.0218787,9832688.84007621,465.3,3.1040996023225126e-08,492.0,BID
118,1712691540.242082,9832688.84007621,465.3,0.0,492.0,BID
119,1712691544.5515409,9833006.91013853,465.3,6.206522018002404e-08,492.0,BID
120,1712691570.2418518,9833006.91013853,465.3,0.0,492.0,BID
121,1712691600.1712737,9833006.91013853,465.3,0.0,492.0,BID
122,1712691630.1617956,9833006.91013853,465.3,0.0,492.0,BID
123,1712691635.0917785,9833221.82524706,465.3,4.1973484713504665e-08,492.0,BID
124,1712691660.2415042,9833221.82524706,465.3,0.0,492.0,BID
125,1712691690.2515502,9833221.82524706,465.3,0.0,492.0,BID
126,1712691720.1717494,9833221.82524706,465.3,0.0,492.0,BID
127,1712691739.1117802,9833493.20718267,465.2,-5.300056911721017e-08,492.0,ASK
128,1712691739.1142764,9833536.19944406,465.2,-8.39633749442308e-09,492.0,ASK
129,1712691750.1513443,9833536.19944406,465.2,-0.0,492.0,ASK
130,1712691780.2415197,9833536.19944406,465.2,-0.0,492.0,ASK
131,1712691805.1114783,9833536.1994443,465.2,-4.692529692157237e-17,492.0,ASK
132,1712691810.2821825,9833536.1994443,465.2,-0.0,492.0,ASK
133,1712691815.931563,9834057.0675571,465.2,1.0172201730018433e-07,492.0,BID
134,1712691840.1513565,9834057.0675571,465.2,0.0,492.0,BID
135,1712691870.1599722,9834057.0675571,465.2,0.0,492.0,BID
136,1712691900.1717436,9834057.0675571,465.2,0.0,492.0,BID
137,1712691901.9049928,9841136.2467571,465.2,1.3829811954311036e-06,492.0,BID
138,1712691901.9277935,9841486.0121081,465.2,6.832980061417813e-08,492.0,BID
139,1712691901.9302912,9843057.1833601,465.2,3.069424060231592e-07,492.0,BID
140,1712691901.9814975,9850136.3625601,465.3,1.3829811954314674e-06,492.0,BID
141,1712691902.0290437,9850610.8907001,465.3,9.27033312452068e-08,492.0,BID
142,1712691902.2213166,9850748.62722367,465.3,2.6908066124680976e-08,492.0,BID
143,1712691930.161322,9850748.62722367,465.3,0.0,492.0,BID
144,1712691960.2316074,9850748.62722367,465.3,0.0,492.0,BID
145,1712691980.6217618,9851425.7076227,465.7,1.3207336509167908e-07,492.0,BID
146,1712691990.241177,9851425.7076227,465.7,0.0,492.0,BID
147,1712692020.1540432,9851425.7076227,465.7,0.0,492.0,BID
148,1712692025.981655,9852102.78802172,464.6,-1.3206524221030977e-07,492.0,ASK
149,1712692025.9834857,9855382.51102044,464.5,-6.39713411931624e-07,492.0,ASK
150,1712692026.4415903,9855811.3730499,465.6,8.364998880097236e-08,492.0,BID
151,1712692050.1514337,9855811.3730499,465.6,0.0,492.0,BID
152,1712692054.8613918,9856025.75683738,465.6,4.17991695194858e-08,492.0,BID
153,1712692080.2313051,9856025.75683738,465.6,0.0,492.0,BID
154,1712692110.2412577,9856025.75683738,465.6,0.0,492.0,BID
155,1712692140.161113,9856025.75683738,465.6,0.0,492.0,BID
156,1712692170.1612532,9856025.75683738,465.6,0.0,492.0,BID
157,1712692200.1816242,9856025.75683738,465.6,0.0,492.0,BID
158,1712692230.1617,9856025.75683738,465.6,0.0,492.0,BID
159,1712692236.05132,9856670.64505738,465.2,-1.259641503847672e-07,492.0,ASK
160,1712692236.0814638,9856670.6450575,465.2,-2.328480566168863e-17,492.0,ASK
161,1712692260.2413435,9856670.6450575,465.2,-0.0,492.0,ASK
162,1712692290.242322,9856670.6450575,465.2,-0.0,492.0,ASK
163,1712692320.1613543,9856670.6450575,465.2,-0.0,492.0,ASK
164,1712692350.161596,9856670.6450575,465.2,-0.0,492.0,ASK
165,1712692380.2311842,9856670.6450575,465.2,-0.0,492.0,ASK
166,1712692410.2419837,9856670.6450575,465.2,-0.0,492.0,ASK
167,1712692440.1512437,9856670.6450575,465.2,-0.0,492.0,ASK
168,1712692470.1612525,9856670.6450575,465.2,-0.0,492.0,ASK
169,1712692500.2311928,9856670.6450575,465.2,-0.0,492.0,ASK
170,1712692530.241099,9856670.6450575,465.2,-0.0,492.0,ASK
171,1712692560.161224,9856670.6450575,465.2,-0.0,492.0,ASK
172,1712692590.1513002,9856670.6450575,465.2,-0.0,492.0,ASK
173,1712692620.2415211,9856670.6450575,465.2,-0.0,492.0,ASK
174,1712692650.24098,9856670.6450575,465.2,-0.0,492.0,ASK
175,1712692680.2003815,9856670.6450575,465.2,-0.0,492.0,ASK
176,1712692710.1600125,9856670.6450575,465.2,-0.0,492.0,ASK
177,1712692740.2290576,9856670.6450575,465.2,-0.0,492.0,ASK
178,1712692770.2283204,9856670.6450575,465.2,-0.0,492.0,ASK
179,1712692800.1979704,9856670.6450575,465.2,-0.0,492.0,ASK
180,1712692830.1473153,9856670.6450575,465.2,-0.0,492.0,ASK
181,1712692860.2293136,9856670.6450575,465.2,-0.0,492.0,ASK
182,1712692890.2365365,9856670.6450575,465.2,-0.0,492.0,ASK
183,1712692893.1668198,9856689.39935728,467.0,3.6637644965310245e-09,492.0,BID
184,1712692893.1695974,9856770.6450575,467.0,1.5871832883484233e-08,492.0,BID
185,1712692920.1560814,9856770.6450575,467.0,0.0,492.0,BID
186,1712692922.786241,9856828.6450575,467.0,1.1330543110459332e-08,492.0,BID
187,1712692942.4861803,9857189.39935728,467.0,7.047486458525638e-08,492.0,BID
188,1712692942.4892914,9857229.1093895,467.0,7.757521241327155e-09,492.0,BID
189,1712692948.385955,9857229.10938993,467.0,8.369137357681625e-17,492.0,BID
190,1712692950.1553786,9857229.10938993,467.0,0.0,492.0,BID
191,1712692980.245228,9857229.10938993,467.0,0.0,492.0,BID
192,1712693003.5322914,9857279.98171349,467.2,9.937705988733391e-09,492.0,BID
193,1712693003.537541,9857379.10938993,467.2,1.936419716709789e-08,492.0,BID
194,1712693010.2249172,9857379.10938993,467.2,0.0,492.0,BID
195,1712693040.1488922,9857379.10938993,467.2,0.0,492.0,BID
196,1712693047.7847204,9857529.10938993,467.2,2.93015020226886e-08,492.0,BID
197,1712693070.1539018,9857529.10938993,467.2,0.0,492.0,BID
198,1712693094.483982,9857679.10938993,467.2,2.9301100900528512e-08,492.0,BID
199,1712693100.2337706,9857679.10938993,467.2,0.0,492.0,BID
200,1712693127.1634436,9857691.28748903,467.2,2.378928580059503e-09,492.0,BID
201,1712693127.173564,9861651.68914693,467.2,7.736439500153733e-07,492.0,BID
202,1712693130.2531574,9861651.68914693,467.2,0.0,492.0,BID
203,1712693160.1528578,9861651.68914693,467.2,0.0,492.0,BID
204,1712693173.5762918,9861651.68914783,467.2,1.756797594665733e-16,492.0,BID
205,1712693190.1542091,9861651.68914783,467.2,0.0,492.0,BID
206,1712693220.2523935,9861651.68914783,467.2,0.0,492.0,BID
207,1712693250.221877,9861651.68914783,467.2,0.0,492.0,BID
208,1712693280.1520154,9861651.68914783,467.2,0.0,492.0,BID
209,1712693291.7919269,9862510.8336338,467.2,1.677685993588144e-07,492.0,BID
210,1712693299.3021958,9870444.36902907,467.0,-1.5492133662788097e-06,492.0,ASK
211,1712693299.30555,9896500.40921444,467.0,-5.088067767560558e-06,492.0,ASK
212,1712693299.3119853,9930986.79101576,467.0,-6.734294482765968e-06,492.0,ASK
213,1712693299.3823464,9931801.80351576,467.0,1.5915076895463138e-07,492.0,BID
214,1712693299.3846498,9931801.80351612,467.0,7.019915854460843e-17,492.0,BID
215,1712693306.4520626,9932219.35247908,466.5,-8.153646542992273e-08,492.0,ASK
216,1712693306.454697,9932431.46501927,466.5,-4.1420068865542296e-08,492.0,ASK
217,1712693310.1535068,9932431.46501927,466.5,-0.0,492.0,ASK
218,1712693340.231473,9932431.46501927,466.5,-0.0,492.0,ASK
219,1712693370.2311356,9932431.46501927,466.5,-0.0,492.0,ASK
220,1712693373.1509995,9932558.41013946,466.4,2.4630106967557467e-08,492.0,BID
221,1712693373.1711922,9933290.60950524,466.4,1.42062559583505e-07,492.0,BID
222,1712693400.1715765,9933290.60950524,466.4,0.0,492.0,BID
223,1712693430.1506417,9933290.60950524,466.4,0.0,492.0,BID
224,1712693460.2304626,9933290.60950524,466.4,0.0,492.0,BID
225,1712693490.230229,9933290.60950524,466.4,0.0,492.0,BID
226,1712693520.1499915,9933290.60950524,466.4,0.0,492.0,BID
227,1712693550.155184,9933290.60950524,466.4,0.0,492.0,BID
228,1712693580.2193036,9933290.60950524,466.4,0.0,492.0,BID
229,1712693610.229436,9933290.60950524,466.4,0.0,492.0,BID
230,1712693640.16951,9933290.60950524,466.4,0.0,492.0,BID
231,1712693670.1387942,9933290.60950524,466.4,0.0,492.0,BID
232,1712693700.1690218,9933290.60950524,466.4,0.0,492.0,BID
233,1712693730.1486332,9933290.60950524,466.4,0.0,492.0,BID
234,1712693760.2284002,9933290.60950524,466.4,0.0,492.0,BID
235,1712693790.2287974,9933290.60950524,466.4,0.0,492.0,BID
236,1712693820.150961,9933290.60950524,466.4,0.0,492.0,BID
237,1712693850.1582232,9933290.60950524,466.4,0.0,492.0,BID
238,1712693880.2280495,9933290.60950524,466.4,0.0,492.0,BID
239,1712693910.227626,9933290.60950524,466.4,0.0,492.0,BID
240,1712693940.1574428,9933290.60950524,466.4,0.0,492.0,BID
241,1712693970.15243,9933290.60950524,466.4,0.0,492.0,BID
242,1712693978.247273,9933320.60950524,467.6,5.8250419328641035e-09,492.0,BID
243,1712693978.2489543,9933390.31953789,467.6,1.35354621107907e-08,492.0,BID
244,1712694000.167447,9933390.31953789,467.6,0.0,492.0,BID
245,1712694030.1367793,9933390.31953789,467.6,0.0,492.0,BID
246,1712694060.2268748,9933390.31953789,467.6,0.0,492.0,BID
247,1712694060.983301,9934225.41367877,467.6,-1.621552548327383e-07,492.0,ASK
248,1712694061.0653584,9934359.89949668,467.6,-2.6113920583179093e-08,492.0,ASK
249,1712694090.2267036,9934359.89949668,467.6,-0.0,492.0,ASK
250,1712694120.156598,9934359.89949668,467.6,-0.0,492.0,ASK
251,1712694150.1570516,9934359.89949668,467.6,-0.0,492.0,ASK
252,1712694180.2262309,9934359.89949668,467.6,-0.0,492.0,ASK
253,1712694210.2363062,9934359.89949668,467.6,-0.0,492.0,ASK
254,1712694240.1461527,9934359.89949668,467.6,-0.0,492.0,ASK
255,1712694270.1461878,9934359.89949668,467.6,-0.0,492.0,ASK
256,1712694300.225677,9934359.89949668,467.6,-0.0,492.0,ASK
257,1712694330.215828,9934359.89949668,467.6,-0.0,492.0,ASK
258,1712694360.1557243,9934359.89949668,467.6,-0.0,492.0,ASK
259,1712694390.1454768,9934359.89949668,467.6,-0.0,492.0,ASK
260,1712694420.2352147,9934359.89949668,467.6,-0.0,492.0,ASK
261,1712694450.2348702,9934359.89949668,467.6,-0.0,492.0,ASK
262,1712694480.1349378,9934359.89949668,467.6,-0.0,492.0,ASK
263,1712694510.125124,9934359.89949668,467.6,-0.0,492.0,ASK
264,1712694540.1648903,9934359.89949668,467.6,-0.0,492.0,ASK
265,1712694550.2044978,9934370.59468384,467.5,2.090492757264044e-09,492.0,BID
266,1712694570.1453862,9934370.59468384,467.5,0.0,492.0,BID
267,1712694600.3244314,9934370.59468384,467.5,0.0,492.0,BID
268,1712694620.2757275,9935440.11340041,467.5,2.091138316356045e-07,492.0,BID
269,1712694630.225059,9935440.11340041,467.5,0.0,492.0,BID
270,1712694660.1443446,9935440.11340041,467.5,0.0,492.0,BID
271,1712694690.1442275,9935440.11340041,467.5,0.0,492.0,BID
272,1712694720.2142892,9935440.11340041,467.5,0.0,492.0,BID
273,1712694750.2149534,9935440.11340041,467.5,0.0,492.0,BID
274,1712694780.1752582,9935440.11340041,467.5,0.0,492.0,BID
275,1712694795.8757644,9937579.15083357,467.5,4.18186781035594e-07,492.0,BID
276,1712694795.8856728,9938637.974363,467.5,2.070024566157908e-07,492.0,BID
277,1712694810.135699,9938637.974363,467.5,0.0,492.0,BID
278,1712694840.2359414,9938637.974363,467.5,0.0,492.0,BID
279,1712694870.2157886,9938637.974363,467.5,0.0,492.0,BID
280,1712694871.0261068,9938659.34188436,468.0,4.1761794046093595e-09,492.0,BID
281,1712694885.6361656,9941778.11987936,468.0,6.095501771362966e-07,492.0,BID
282,1712694885.6392622,9944806.46263548,468.0,5.918750441301814e-07,492.0,BID
283,1712694885.736122,9946677.95246128,468.0,-3.657736961894037e-07,492.0,ASK
284,1712694891.6164837,9946688.20106998,468.1,2.003041338328348e-09,492.0,BID
285,1712694891.6196582,9946699.31541791,468.1,2.1722459116425127e-09,492.0,BID
286,1712694900.14743,9946699.31541791,468.1,0.0,492.0,BID
287,1712694930.146464,9946699.31541791,468.1,0.0,492.0,BID
288,1712694960.226555,9946699.31541791,468.1,0.0,492.0,BID
289,1712694990.2164392,9946699.31541791,468.1,0.0,492.0,BID
290,1712695020.12669,9946699.31541791,468.1,0.0,492.0,BID
291,1712695050.1468337,9946699.31541791,468.1,0.0,492.0,BID
292,1712695066.5470848,9946715.29148384,467.0,-3.122341639350987e-09,492.0,ASK
293,1712695080.2372556,9946715.29148384,467.0,-0.0,492.0,ASK
294,1712695110.227465,9946715.29148384,467.0,-0.0,492.0,ASK
295,1712695140.1471589,9946715.29148384,467.0,-0.0,492.0,ASK
296,1712695170.1375334,9946715.29148384,467.0,-0.0,492.0,ASK
297,1712695200.177956,9946715.29148384,467.0,-0.0,492.0,ASK
298,1712695230.1476092,9946715.29148384,467.0,-0.0,492.0,ASK
299,1712695260.217432,9946715.29148384,467.0,-0.0,492.0,ASK
300,1712695290.217814,9946715.29148384,467.0,-0.0,492.0,ASK
301,1712695320.1384685,9946715.29148384,467.0,-0.0,492.0,ASK
302,1712695350.1583283,9946715.29148384,467.0,-0.0,492.0,ASK
303,1712695380.2179794,9946715.29148384,467.0,-0.0,492.0,ASK
304,1712695410.217837,9946715.29148384,467.0,-0.0,492.0,ASK
305,1712695438.698085,9948351.68372638,467.9,3.198736829114641e-07,492.0,BID
306,1712695438.7088418,9980173.03578971,467.9,6.220277030843272e-06,492.0,BID
307,1712695440.1480997,9980173.03578971,467.9,0.0,492.0,BID
308,1712695470.148094,9980173.03578971,467.9,0.0,492.0,BID
309,1712695500.1581569,9980173.03578971,467.9,0.0,492.0,BID
310,1712695530.1481185,9980173.03578971,467.9,0.0,492.0,BID
311,1712695541.2981658,9980386.61972819,468.0,4.1649285715524345e-08,492.0,BID
312,1712695560.2282927,9980386.61972819,468.0,0.0,492.0,BID
313,1712695590.2178855,9980386.61972819,468.0,0.0,492.0,BID
314,1712695620.1483314,9980386.61972819,468.0,0.0,492.0,BID
315,1712695650.1379535,9980386.61972819,468.0,0.0,492.0,BID
316,1712695662.938033,9984170.84003521,467.9,7.379159774077426e-07,492.0,BID
317,1712695680.2584653,9984170.84003521,467.9,0.0,492.0,BID
318,1712695710.2183096,9984170.84003521,467.9,0.0,492.0,BID
319,1712695735.5484805,9984181.52379589,468.0,2.082594560221553e-09,492.0,BID
320,1712695740.1380394,9984181.52379589,468.0,0.0,492.0,BID
321,1712695744.458076,9984245.72238352,467.3,-1.251427311623482e-08,492.0,ASK
322,1712695744.4683406,9984573.50902589,467.3,-6.389566683500996e-08,492.0,ASK
323,1712695770.1484127,9984573.50902589,467.3,-0.0,492.0,ASK
324,1712695800.1949852,9984573.50902589,467.3,-0.0,492.0,ASK
325,1712695830.1420505,9984573.50902589,467.3,-0.0,492.0,ASK
326,1712695860.2282257,9984573.50902589,467.3,-0.0,492.0,ASK
327,1712695881.407997,9984594.89025317,467.7,4.170238850705786e-09,492.0,BID
328,1712695890.2277758,9984594.89025317,467.7,0.0,492.0,BID
329,1712695896.3480732,9984694.89025317,467.2,-1.950416906648441e-08,492.0,ASK
330,1712695920.138101,9984694.89025317,467.2,-0.0,492.0,ASK
331,1712695922.438057,9985560.89025317,467.1,-1.6890456499861584e-07,492.0,ASK
332,1712695925.508162,9986442.89025317,467.2,-1.7202520361290897e-07,492.0,ASK
333,1712695926.6884346,9987365.89025317,467.2,-1.8002184006203513e-07,492.0,ASK
334,1712695927.8779652,9988288.89025317,467.2,-1.8002184006203513e-07,492.0,ASK
335,1712695928.9780786,9989170.89025317,467.2,-1.7202520361290897e-07,492.0,ASK
336,1712695930.3172114,9989586.89025317,467.2,-8.113660397162147e-08,492.0,ASK
337,1712695938.6282184,9989683.89025317,467.2,-1.891887159915212e-08,492.0,ASK
338,1712695950.1482224,9989683.89025317,467.2,-0.0,492.0,ASK
339,1712695980.2382665,9989683.89025317,467.2,-0.0,492.0,ASK
340,1712696010.228004,9989683.89025317,467.2,-0.0,492.0,ASK
341,1712696040.188208,9989683.89025317,467.2,-0.0,492.0,ASK
342,1712696070.148173,9989683.89025317,467.2,-0.0,492.0,ASK
343,1712696098.8481572,9992540.79370905,467.6,5.569570132927409e-07,492.0,BID
344,1712696100.2306826,9992540.79370905,467.6,0.0,492.0,BID
345,1712696130.2278488,9992540.79370905,467.6,0.0,492.0,BID
346,1712696153.6178207,9994316.20200857,467.6,3.4710892587614585e-07,492.0,BID
347,1712696154.027642,9996676.55516957,467.6,-4.614711166017756e-07,492.0,ASK
348,1712696154.4277644,9996676.55516963,467.6,-1.2017430012035225e-17,492.0,ASK
349,1712696160.138124,9996676.55516963,467.6,-0.0,492.0,ASK
350,1712696190.1476643,9996676.55516963,467.6,-0.0,492.0,ASK
351,1712696220.2277515,9996676.55516963,467.6,-0.0,492.0,ASK
352,1712696250.2274554,9996676.55516963,467.6,-0.0,492.0,ASK
353,1712696280.1495628,9996676.55516963,467.6,-0.0,492.0,ASK
354,1712696310.147817,9996676.55516963,467.6,-0.0,492.0,ASK
355,1712696340.2376163,9996676.55516963,467.6,-0.0,492.0,ASK
356,1712696370.227303,9996676.55516963,467.6,-0.0,492.0,ASK
357,1712696400.227504,9996676.55516963,467.6,-0.0,492.0,ASK
358,1712696430.1474724,9996676.55516963,467.6,-0.0,492.0,ASK
359,1712696454.3175423,9996687.24806954,467.6,2.0921330426567194e-09,492.0,BID
360,1712696460.2451973,9996687.24806954,467.6,0.0,492.0,BID
361,1712696490.237541,9996687.24806954,467.6,0.0,492.0,BID
362,1712696501.277698,9996869.7885233,467.2,-3.571515160370068e-08,492.0,ASK
363,1712696501.2813408,9997027.6104411,467.2,-3.087881948641618e-08,492.0,ASK
364,1712696501.284936,9997191.88762354,467.2,-3.2141831331072714e-08,492.0,ASK
365,1712696501.2971206,9997191.88762431,467.2,-1.5087727757120426e-16,492.0,ASK
366,1712696501.3601823,9997385.58704531,467.1,-3.789847151170118e-08,492.0,ASK
367,1712696520.1441128,9997385.58704531,467.1,-0.0,492.0,ASK
368,1712696550.147414,9997385.58704531,467.1,-0.0,492.0,ASK
369,1712696572.8571248,9997435.58704435,467.1,-9.782179940956351e-09,492.0,ASK
370,1712696572.8600492,9997435.58704531,467.1,-1.8767352276460767e-16,492.0,ASK
371,1712696580.2997732,9997435.58704531,467.1,-0.0,492.0,ASK
372,1712696585.9391303,9997435.58704627,467.1,-1.8767266524009264e-16,492.0,ASK
373,1712696586.3773077,9997583.55512627,466.8,-2.894887596230157e-08,492.0,ASK
374,1712696586.4573398,10000116.76884373,466.7,-4.956047932249775e-07,492.0,ASK
375,1712696586.4616232,10000116.76884427,466.8,-1.0531534029978012e-16,492.0,ASK
376,1712696586.4772463,10000116.76884501,466.7,-1.4503635100108123e-16,492.0,ASK
377,1712696586.577309,10000331.13111701,466.5,-4.1938415522344425e-08,492.0,ASK
378,1712696606.4371347,10001403.17228277,466.4,-2.0973703743308426e-07,492.0,ASK
379,1712696606.4407856,10001403.17228301,466.5,-4.700926954557659e-17,492.0,ASK
380,1712696606.4570715,10001403.17228363,466.4,-1.2134950975718608e-16,492.0,ASK
381,1712696610.2169182,10001403.17228363,466.4,-0.0,492.0,ASK
382,1712696640.1410315,10001403.17228363,466.4,-0.0,492.0,ASK
383,1712696670.127777,10001403.17228363,466.4,-0.0,492.0,ASK
384,1712696700.237487,10001403.17228363,466.4,-0.0,492.0,ASK
385,1712696730.237532,10001403.17228363,466.4,-0.0,492.0,ASK
386,1712696760.1478748,10001403.17228363,466.4,-0.0,492.0,ASK
387,1712696784.0750082,10004130.5010801,465.8,-5.333983908775083e-07,492.0,ASK
388,1712696784.0786307,10005816.99313677,465.8,-3.298363403855301e-07,492.0,ASK
389,1712696790.1496851,10005816.99313677,465.8,-0.0,492.0,ASK
390,1712696820.2294085,10005816.99313677,465.8,-0.0,492.0,ASK
391,1712696837.8397164,10007966.60620577,465.2,-4.202424353525743e-07,492.0,ASK
392,1712696837.8597088,10007966.60620641,465.2,-1.2490040786149292e-16,492.0,ASK
393,1712696850.220086,10007966.60620641,465.2,-0.0,492.0,ASK
394,1712696880.1525292,10007966.60620641,465.2,-0.0,492.0,ASK
395,1712696910.152952,10007966.60620641,465.2,-0.0,492.0,ASK
396,1712696940.2221098,10007966.60620641,465.2,-0.0,492.0,ASK
397,1712696970.2331254,10007966.60620641,465.2,-0.0,492.0,ASK
398,1712696988.343131,10007977.38039995,465.0,-2.1059084564946e-09,492.0,ASK
399,1712697000.1730945,10007977.38039995,465.0,-0.0,492.0,ASK
400,1712697030.1642385,10007977.38039995,465.0,-0.0,492.0,ASK
401,1712697060.244038,10007977.38039995,465.0,-0.0,492.0,ASK
402,1712697090.2445672,10007977.38039995,465.0,-0.0,492.0,ASK
403,1712697120.1553123,10007977.38039995,465.0,-0.0,492.0,ASK
404,1712697150.1560888,10007977.38039995,465.0,-0.0,492.0,ASK
405,1712697179.9661672,10008408.22917203,464.3,-8.438599070121027e-08,492.0,ASK
406,1712697180.2459216,10008408.22917203,464.3,-0.0,492.0,ASK
407,1712697210.2379236,10008408.22917203,464.3,-0.0,492.0,ASK
408,1712697240.1470425,10008408.22917203,464.3,-0.0,492.0,ASK
409,1712697270.1577015,10008408.22917203,464.3,-0.0,492.0,ASK
410,1712697300.1755402,10008408.22917203,464.3,-0.0,492.0,ASK
411,1712697328.8477454,10008472.82865503,464.4,-1.2658251056637816e-08,492.0,ASK
412,1712697330.1475232,10008472.82865503,464.4,-0.0,492.0,ASK
413,1712697347.6179082,10008472.82865523,464.4,-3.905314492994233e-17,492.0,ASK
414,1712697352.370933,10009167.84217359,464.3,-1.361869085932783e-07,492.0,ASK
415,1712697353.36789,10009810.20315268,464.3,-1.258697185486316e-07,492.0,ASK
416,1712697360.250991,10009810.20315268,464.3,-0.0,492.0,ASK
417,1712697367.438206,10010713.20315268,464.3,-1.7692003693689898e-07,492.0,ASK
418,1712697378.3683276,10011637.20315268,464.3,-1.8103445640054776e-07,492.0,ASK
419,1712697388.598333,10013472.82865523,464.3,-3.596444426503905e-07,492.0,ASK
420,1712697388.6017835,10013522.82865468,464.3,-9.796236710554672e-09,492.0,ASK
421,1712697390.2381442,10013522.82865468,464.3,-0.0,492.0,ASK
422,1712697391.2890906,10013711.07617613,464.2,-3.6869893957339144e-08,492.0,ASK
423,1712697391.2983236,10013711.07617668,464.3,-1.079852550870383e-16,492.0,ASK
424,1712697414.8592222,10013711.07617784,464.2,-2.269149617031683e-16,492.0,ASK
425,1712697414.8636062,10023751.32633944,464.1,-1.96646923111771e-06,492.0,ASK
426,1712697420.158746,10023751.32633944,464.1,-0.0,492.0,ASK
427,1712697439.2088346,10023762.12375323,464.0,-2.1128018462179803e-09,492.0,ASK
428,1712697450.161266,10023762.12375323,464.0,-0.0,492.0,ASK
429,1712697467.5990129,10024856.24433914,464.0,2.1409364991630866e-07,492.0,BID
430,1712697480.2470071,10024856.24433914,464.0,0.0,492.0,BID
431,1712697480.839235,10026933.87633924,464.0,4.065033061574938e-07,492.0,BID
432,1712697480.84241,10029874.94153741,464.0,5.754400811228315e-07,492.0,BID
433,1712697510.2393465,10029874.94153741,464.0,0.0,492.0,BID
434,1712697540.159548,10029874.94153741,464.0,0.0,492.0,BID
435,1712697542.4697232,10030157.93657041,463.1,-5.534475133349528e-08,492.0,ASK
436,1712697542.474551,10030182.93657041,463.2,-4.889198120092171e-09,492.0,ASK
437,1712697570.1611516,10030182.93657041,463.2,-0.0,492.0,ASK
438,1712697600.190036,10030182.93657041,463.2,-0.0,492.0,ASK
439,1712697623.730013,10030193.75730475,463.0,-2.117451449887725e-09,492.0,ASK
440,1712697623.739917,10030193.75730522,463.1,-9.185174111261094e-17,492.0,ASK
441,1712697624.8411782,10030205.06626522,462.8,-2.2129897098361806e-09,492.0,ASK
442,1712697624.843701,10030226.67854022,462.7,-4.22919014501683e-09,492.0,ASK
443,1712697626.8302207,10030226.67854099,462.7,-1.505347979345568e-16,492.0,ASK
444,1712697630.1522603,10030226.67854099,462.7,-0.0,492.0,ASK
445,1712697660.1949494,10030226.67854099,462.7,-0.0,492.0,ASK
446,1712697672.690566,10030290.93059599,462.2,-1.2573090123739162e-08,492.0,ASK
447,1712697675.710738,10030290.93059637,462.2,-7.435587682364997e-17,492.0,ASK
448,1712697690.1555011,10030290.93059637,462.2,-0.0,492.0,ASK
449,1712697720.2410717,10030290.93059637,462.2,-0.0,492.0,ASK
450,1712697720.7007966,10030301.77475221,462.0,-2.1220139397297675e-09,492.0,ASK
451,1712697737.8014436,10030951.82892321,461.5,-1.2720437005150598e-07,492.0,ASK
452,1712697737.8047504,10030976.82892321,461.6,-4.892068066261564e-09,492.0,ASK
453,1712697737.8205106,10030976.82892339,461.5,-3.499079751678632e-17,492.0,ASK
454,1712697743.6741865,10031026.82892339,461.6,9.784136132523128e-09,492.0,BID
455,1712697746.43075,10031048.49270155,461.6,4.2392270931989114e-09,492.0,BID
456,1712697749.8012192,10031073.49270155,461.3,-4.892068066261564e-09,492.0,ASK
457,1712697749.8057296,10031084.35566755,461.2,-2.125694763141698e-09,492.0,ASK
458,1712697749.8106632,10033084.35566755,461.2,-3.913654453009251e-07,492.0,ASK
459,1712697749.820976,10033084.35566772,461.2,-3.3168360146120364e-17,492.0,ASK
460,1712697749.9813995,10033095.62740872,461.1,-2.205684968073896e-09,492.0,ASK
461,1712697749.9855702,10038420.61034572,461.1,-1.0420071591791877e-06,492.0,ASK
462,1712697750.2405632,10038420.61034572,461.1,-0.0,492.0,ASK
463,1712697750.984583,10038445.61034477,460.8,-4.8884815049815705e-09,492.0,ASK
464,1712697750.9866843,10038456.47802372,461.0,-2.125057983001814e-09,492.0,ASK
465,1712697780.1609757,10038456.47802372,461.0,-0.0,492.0,ASK
466,1712697810.1641498,10038456.47802372,461.0,-0.0,492.0,ASK
467,1712697840.241239,10038456.47802372,461.0,-0.0,492.0,ASK
468,1712697841.1815205,10041459.05148861,461.0,5.87119118603754e-07,492.0,BID
469,1712697870.2414594,10041459.05148861,461.0,0.0,492.0,BID
470,1712697900.1577246,10041459.05148861,461.0,0.0,492.0,BID
471,1712697913.9115548,10042456.47802372,461.0,1.9507432074062225e-07,492.0,BID
472,1712697930.165432,10042456.47802372,461.0,0.0,492.0,BID
473,1712697955.0618565,10066212.14192239,461.0,-4.6456587328943135e-06,492.0,ASK
474,1712697958.5621364,10069437.56114839,461.0,-6.307631333069981e-07,492.0,ASK
475,1712697958.5819445,10069437.56114918,461.0,-1.5444580400129935e-16,492.0,ASK
476,1712697958.621808,10070263.76859118,460.9,-1.6157316564522357e-07,492.0,ASK
477,1712697958.64171,10070263.76859185,460.9,-1.307689708407228e-16,492.0,ASK
478,1712697960.2419708,10070263.76859185,460.9,-0.0,492.0,ASK
479,1712697990.242199,10070263.76859185,460.9,-0.0,492.0,ASK
480,1712698020.185234,10070263.76859185,460.9,-0.0,492.0,ASK
481,1712698033.053323,10070263.7685928,460.8,-1.8530752820806163e-16,492.0,ASK
482,1712698033.0584795,10070274.64571135,460.6,-2.121810641598056e-09,492.0,ASK
483,1712698033.0636091,10071571.6495706,460.6,-2.530078695050316e-07,492.0,ASK
484,1712698038.022111,10084290.33225954,461.0,2.4810464418358863e-06,492.0,BID
485,1712698038.03218,10095893.56280662,461.0,2.26345405154788e-06,492.0,BID
486,1712698038.0370874,10104543.45000443,461.0,1.687342343485983e-06,492.0,BID
487,1712698050.1543903,10104543.45000443,461.0,0.0,492.0,BID
488,1712698059.312492,10104971.33359528,461.0,8.321118358909376e-08,492.0,BID
489,1712698059.3170357,10105639.11486343,461.0,1.298644558700776e-07,492.0,BID
490,1712698073.442314,10105883.41787461,461.0,4.750998437307496e-08,492.0,BID
491,1712698073.9022317,10105894.26386159,461.0,2.1092358599925382e-09,492.0,BID
492,1712698080.246008,10105894.26386159,461.0,0.0,492.0,BID
493,1712698110.242714,10105894.26386159,461.0,0.0,492.0,BID
494,1712698114.7726448,10108894.26386159,460.5,-5.833439948651848e-07,492.0,ASK
495,1712698114.7769458,10111906.99283792,460.5,-5.858191188331347e-07,492.0,ASK
496,1712698114.872198,10113113.49513428,460.5,2.346019564572325e-07,492.0,BID
497,1712698119.60248,10116468.16365797,460.5,6.523085793529155e-07,492.0,BID
498,1712698140.1559572,10116468.16365797,460.5,0.0,492.0,BID
499,1712698170.1547706,10116468.16365797,460.5,0.0,492.0,BID
500,1712698170.862626,10119428.16529652,460.4,-5.750219501617516e-07,492.0,ASK
501,1712698200.2177932,10119428.16529652,460.4,-0.0,492.0,ASK
502,1712698203.3329031,10119742.66667884,461.0,6.109226126143084e-08,492.0,BID
503,1712698230.1552963,10119742.66667884,461.0,0.0,492.0,BID
504,1712698260.243094,10119742.66667884,461.0,0.0,492.0,BID
505,1712698290.2330194,10119742.66667884,461.0,0.0,492.0,BID
506,1712698320.1527772,10119742.66667884,461.0,0.0,492.0,BID
507,1712698320.724881,10119764.28830046,462.5,4.199906997549937e-09,492.0,BID
508,1712698350.163103,10119764.28830046,462.5,0.0,492.0,BID
509,1712698380.176237,10119764.28830046,462.5,0.0,492.0,BID
510,1712698410.17336,10119764.28830046,462.5,0.0,492.0,BID
511,1712698438.143385,10119980.50451667,462.5,4.1998988396441814e-08,492.0,BID
512,1712698440.243414,10119980.50451667,462.5,0.0,492.0,BID
513,1712698440.4333873,10120196.72073288,462.5,4.1998172601588566e-08,492.0,BID
514,1712698442.9233124,10120412.93694909,462.5,4.199817260122677e-08,492.0,BID
515,1712698470.2431898,10120412.93694909,462.5,0.0,492.0,BID
516,1712698500.183479,10120412.93694909,462.5,0.0,492.0,BID
517,1712698509.9737048,10121604.81656985,462.5,2.315805352183051e-07,492.0,BID
518,1712698530.1633518,10121604.81656985,462.5,0.0,492.0,BID
519,1712698560.2480133,10121604.81656985,462.5,0.0,492.0,BID
520,1712698590.2436576,10121604.81656985,462.5,0.0,492.0,BID
521,1712698620.1638088,10121604.81656985,462.5,0.0,492.0,BID
522,1712698650.1738527,10121604.81656985,462.5,0.0,492.0,BID
523,1712698680.243669,10121604.81656985,462.5,0.0,492.0,BID
524,1712698710.233724,10121604.81656985,462.5,0.0,492.0,BID
525,1712698740.154969,10121604.81656985,462.5,0.0,492.0,BID
526,1712698759.3952148,10124668.01810175,462.6,-5.951120124873678e-07,492.0,ASK
527,1712698759.4000125,10127699.84757929,462.6,-5.890171192157058e-07,492.0,ASK
528,1712698770.167338,10127699.84757929,462.6,-0.0,492.0,ASK
529,1712698783.3943586,10133185.37548778,462.5,-1.065132762092539e-06,492.0,ASK
530,1712698800.173402,10133185.37548778,462.5,-0.0,492.0,ASK
531,1712698804.3437483,10136310.72592996,463.0,-6.065678833632634e-07,492.0,ASK
532,1712698804.3536303,10157453.26951679,463.0,-4.103343976821954e-06,492.0,ASK
533,1712698804.35839,10178296.70882787,463.0,-4.045293831469293e-06,492.0,ASK
534,1712698804.4633462,10182555.12666425,463.0,8.264735559340616e-07,492.0,BID
535,1712698830.174411,10182555.12666425,463.0,0.0,492.0,BID
536,1712698860.2420244,10182555.12666425,463.0,0.0,492.0,BID
537,1712698890.2311492,10182555.12666425,463.0,0.0,492.0,BID
538,1712698920.1709125,10182555.12666425,463.0,0.0,492.0,BID
539,1712698950.170046,10182555.12666425,463.0,0.0,492.0,BID
540,1712698980.2396853,10182555.12666425,463.0,0.0,492.0,BID
541,1712699010.2290175,10182555.12666425,463.0,0.0,492.0,BID
542,1712699025.419124,10182771.10938563,463.0,-4.173277769859932e-08,492.0,ASK
543,1712699040.1554177,10182771.10938563,463.0,-0.0,492.0,ASK
544,1712699070.1517465,10182771.10938563,463.0,-0.0,492.0,ASK
545,1712699100.1784966,10182771.10938563,463.0,-0.0,492.0,ASK
546,1712699130.1514077,10182771.10938563,463.0,-0.0,492.0,ASK
547,1712699140.6672916,10187426.84156705,463.0,9.004231915925704e-07,492.0,BID
548,1712699160.2579932,10187426.84156705,463.0,0.0,492.0,BID
549,1712699190.2463713,10187426.84156705,463.0,0.0,492.0,BID
550,1712699220.1760836,10187426.84156705,463.0,0.0,492.0,BID
551,1712699237.955756,10187448.43983918,463.0,4.175386410981353e-09,492.0,BID
552,1712699250.1558423,10187448.43983918,463.0,0.0,492.0,BID
553,1712699280.2352324,10187448.43983918,463.0,0.0,492.0,BID
554,1712699310.2350185,10187448.43983918,463.0,0.0,492.0,BID
555,1712699340.156333,10187448.43983918,463.0,0.0,492.0,BID
556,1712699361.3446078,10187470.03811131,463.0,4.1753783391236304e-09,492.0,BID
557,1712699365.234794,10188345.48591656,463.0,1.6924158474766354e-07,492.0,BID
558,1712699370.157551,10188345.48591656,463.0,0.0,492.0,BID
559,1712699400.1767316,10188345.48591656,463.0,0.0,492.0,BID
560,1712699417.694317,10188494.04263892,463.0,2.874521097974692e-08,492.0,BID
561,1712699417.6994703,10188765.42457477,463.0,5.2511464161172015e-08,492.0,BID
562,1712699417.77449,10189813.43444768,463.0,-2.0278627871646602e-07,492.0,ASK
563,1712699430.1537163,10189813.43444768,463.0,-0.0,492.0,ASK
564,1712699453.9647882,10189878.22926368,463.1,-1.2535923738186897e-08,492.0,ASK
565,1712699454.9838076,10189878.22926409,463.1,-7.928095758807586e-17,492.0,ASK
566,1712699458.6365778,10189878.2292641,463.0,-1.801839945183542e-18,492.0,ASK
567,1712699460.2233822,10189878.2292641,463.0,-0.0,492.0,ASK
568,1712699490.2335742,10189878.2292641,463.0,-0.0,492.0,ASK
569,1712699520.1554255,10189878.2292641,463.0,-0.0,492.0,ASK
570,1712699550.1529908,10189878.2292641,463.0,-0.0,492.0,ASK
571,1712699580.2229798,10189878.2292641,463.0,-0.0,492.0,ASK
572,1712699610.222484,10189878.2292641,463.0,-0.0,492.0,ASK
573,1712699640.154234,10189878.2292641,463.0,-0.0,492.0,ASK
574,1712699661.22218,10190544.2292641,462.2,-1.2885099852938504e-07,492.0,ASK
575,1712699662.002047,10191664.61782706,462.2,2.1676153915671122e-07,492.0,BID
576,1712699662.0700722,10192049.11782706,462.2,7.438920260442725e-08,492.0,BID
577,1712699664.0922675,10192092.31437133,462.2,8.357234027525977e-09,492.0,BID
578,1712699670.1528692,10192092.31437133,462.2,0.0,492.0,BID
579,1712699674.0818703,10192619.06784434,462.2,1.0189080433421505e-07,492.0,BID
580,1712699676.4548702,10192955.06784434,462.2,6.499304135703706e-08,492.0,BID
581,1712699678.3221214,10192976.7034999,462.2,4.185021001701346e-09,492.0,BID
582,1712699688.7622187,10194278.7034999,462.2,2.5184803525851857e-07,492.0,BID
583,1712699700.1753068,10194278.7034999,462.2,0.0,492.0,BID
584,1712699702.7420409,10194278.85780733,462.2,2.9926323667866186e-11,492.0,BID
585,1712699702.982221,10195384.86350838,463.3,2.14498319732366e-07,492.0,BID
586,1712699702.986196,10199948.5847661,463.2,8.850863432078285e-07,492.0,BID
587,1712699730.1917892,10199948.5847661,463.2,0.0,492.0,BID
588,1712699760.1744747,10199948.5847661,463.2,0.0,492.0,BID
589,1712699772.6117392,10210606.86156073,463.0,2.0660097482771623e-06,492.0,BID
590,1712699772.6149695,10210747.72083521,463.0,2.730428565699668e-08,492.0,BID
591,1712699790.1552274,10210747.72083521,463.0,0.0,492.0,BID
592,1712699820.2317903,10210747.72083521,463.0,0.0,492.0,BID
593,1712699850.221167,10210747.72083521,463.0,0.0,492.0,BID
594,1712699871.0015774,10210758.38651912,462.2,-2.0654437125932162e-09,492.0,ASK
595,1712699871.0113394,10210974.74307472,462.2,-4.1898137173760573e-08,492.0,ASK
596,1712699871.0153482,10211061.24827716,462.1,-1.6752008405486642e-08,492.0,ASK
597,1712699871.0193474,10216786.21447882,461.8,-1.1086579677024044e-06,492.0,ASK
598,1712699871.0227802,10219406.20711202,462.0,-5.073699312452199e-07,492.0,ASK
599,1712699871.025053,10219825.7960624,462.1,-8.125473873792586e-08,492.0,ASK
600,1712699880.151545,10219825.7960624,462.1,-0.0,492.0,ASK
601,1712699910.1816642,10219825.7960624,462.1,-0.0,492.0,ASK
602,1712699928.0409195,10225492.06482784,463.2,-1.0964007532450814e-06,492.0,ASK
603,1712699940.2210915,10225492.06482784,463.2,-0.0,492.0,ASK
604,1712699943.37118,10225869.50381628,462.0,-7.299589079527816e-08,492.0,ASK
605,1712699970.2306054,10225869.50381628,462.0,-0.0,492.0,ASK
606,1712700000.190626,10225869.50381628,462.0,-0.0,492.0,ASK
607,1712700006.2507234,10225889.50381628,463.1,3.881816974855576e-09,492.0,BID
608,1712700030.150323,10225889.50381628,463.1,0.0,492.0,BID
609,1712700060.220458,10225889.50381628,463.1,0.0,492.0,BID
610,1712700090.2303798,10225889.50381628,463.1,0.0,492.0,BID
611,1712700103.3852308,10226083.8462909,463.1,3.77200280374177e-08,492.0,BID
612,1712700120.150131,10226083.8462909,463.1,0.0,492.0,BID
613,1712700150.1400592,10226083.8462909,463.1,0.0,492.0,BID
614,1712700180.2306635,10226083.8462909,463.1,0.0,492.0,BID
615,1712700180.690108,10226244.53080828,463.1,3.118679351812314e-08,492.0,BID
616,1712700210.21987,10226244.53080828,463.1,0.0,492.0,BID
617,1712700240.1599522,10226244.53080828,463.1,0.0,492.0,BID
618,1712700242.5497434,10227321.88482681,463.1,2.0909750744187122e-07,492.0,BID
619,1712700270.1435606,10227321.88482681,463.1,0.0,492.0,BID
620,1712700300.2194118,10227321.88482681,463.1,0.0,492.0,BID
621,1712700330.2194295,10227321.88482681,463.1,0.0,492.0,BID
622,1712700336.070005,10227343.52984845,462.0,-4.204962993084302e-09,492.0,ASK
623,1712700336.0758328,10228425.78092981,462.0,-2.1024814951381546e-07,492.0,ASK
624,1712700360.1492405,10228425.78092981,462.0,-0.0,492.0,ASK
625,1712700390.139881,10228425.78092981,462.0,-0.0,492.0,ASK
626,1712700409.0696237,10228425.7809307,462.0,-1.7294943572410184e-16,492.0,ASK
627,1712700409.072845,10228461.97637613,462.0,-7.030966886602165e-09,492.0,ASK
628,1712700420.2192852,10228461.97637613,462.0,-0.0,492.0,ASK
629,1712700450.239413,10228461.97637613,462.0,-0.0,492.0,ASK
630,1712700480.1491723,10228461.97637613,462.0,-0.0,492.0,ASK
631,1712700487.9592285,10230626.47854063,462.0,4.204532760860431e-07,492.0,BID
632,1712700500.8737366,10232136.41853503,462.0,2.933049584109227e-07,492.0,BID
633,1712700510.148857,10232136.41853503,462.0,0.0,492.0,BID
634,1712700535.3792562,10232814.48141513,462.0,1.3166989783200966e-07,492.0,BID
635,1712700540.2289853,10232814.48141513,462.0,0.0,492.0,BID
636,1712700570.239232,10232814.48141513,462.0,0.0,492.0,BID
637,1712700594.5489104,10235316.30209014,462.1,-4.857874465395303e-07,492.0,ASK
638,1712700595.369668,10235483.09013514,462.1,-3.2385829769229693e-08,492.0,ASK
639,1712700600.1688943,10235483.09013514,462.1,-0.0,492.0,ASK
640,1712700620.378997,10235687.41453614,461.4,-3.97399578615947e-08,492.0,ASK
641,1712700630.1385098,10235687.41453614,461.4,-0.0,492.0,ASK
642,1712700658.9588025,10235752.34960107,462.0,1.2629276855024573e-08,492.0,BID
643,1712700660.2285123,10235752.34960107,462.0,0.0,492.0,BID
644,1712700673.798585,10235903.83413607,461.5,-2.94621861286395e-08,492.0,ASK
645,1712700682.4892478,10236036.04307394,461.5,-2.5713280469979632e-08,492.0,ASK
646,1712700682.4950447,10236362.23376807,461.4,-6.344073963615549e-08,492.0,ASK
647,1712700682.5087135,10236362.23376911,461.4,-2.021440652500745e-16,492.0,ASK
648,1712700690.2286973,10236362.23376911,461.4,-0.0,492.0,ASK
649,1712700709.0288093,10236373.10144806,461.0,-2.113536247032233e-09,492.0,ASK
650,1712700709.03452,10236483.96912701,461.0,-2.1561444644690275e-08,492.0,ASK
651,1712700709.1884694,10237419.08699101,461.0,1.818608655974068e-07,492.0,BID
652,1712700720.148632,10237419.08699101,461.0,0.0,492.0,BID
653,1712700741.918673,10237445.89219998,461.0,5.2125585856797045e-09,492.0,BID
654,1712700741.9242046,10237527.54686085,461.0,1.587861911668227e-08,492.0,BID
655,1712700750.1483924,10237527.54686085,461.0,0.0,492.0,BID
656,1712700780.2288568,10237527.54686085,461.0,0.0,492.0,BID
657,1712700810.2385595,10237527.54686085,461.0,0.0,492.0,BID
658,1712700824.7685769,10237538.54686085,461.0,-2.139046444730179e-09,492.0,ASK
659,1712700840.1689286,10237538.54686085,461.0,-0.0,492.0,ASK
660,1712700870.1492925,10237538.54686085,461.0,-0.0,492.0,ASK
661,1712700882.8688304,10237549.42161665,460.7,-2.1146895265953954e-09,492.0,ASK
662,1712700882.874535,10237551.67407694,460.7,-4.3801022068362256e-10,492.0,ASK
663,1712700890.1690774,10237983.54360492,460.7,-8.398073340569164e-08,492.0,ASK
664,1712700890.2485485,10240913.12830848,460.7,5.696828695707517e-07,492.0,BID
665,1712700900.1792283,10240913.12830848,460.7,0.0,492.0,BID
666,1712700901.7288573,10243568.39837963,460.7,5.176987737916468e-07,492.0,BID
667,1712700909.1453269,10243579.25831448,460.5,-2.1173646388052487e-09,492.0,ASK
668,1712700909.1511571,10243590.0106554,460.5,-2.0963870192702398e-09,492.0,ASK
669,1712700917.1523874,10250763.02020608,460.7,1.3985237468431129e-06,492.0,BID
670,1712700930.139752,10250763.02020608,460.7,0.0,492.0,BID
671,1712700949.6088867,10250784.4622538,460.5,-4.176866787283836e-09,492.0,ASK
672,1712700960.229095,10250784.4622538,460.5,-0.0,492.0,ASK
673,1712700990.2289884,10250784.4622538,460.5,-0.0,492.0,ASK
674,1712701008.519343,10259300.82781437,460.7,1.6589673012778609e-06,492.0,BID
675,1712701008.522421,10261642.22555456,461.1,4.560985860263018e-07,492.0,BID
676,1712701020.1491606,10261642.22555456,461.1,0.0,492.0,BID
677,1712701050.1512432,10261642.22555456,461.1,0.0,492.0,BID
678,1712701080.259919,10261642.22555456,461.1,0.0,492.0,BID
679,1712701110.229571,10261642.22555456,461.1,0.0,492.0,BID
680,1712701128.9697456,10261655.87330997,460.7,-2.6559610837802707e-09,492.0,ASK
681,1712701140.1594815,10261655.87330997,460.7,-0.0,492.0,ASK
682,1712701158.160147,10261677.57940938,462.0,4.2241733557839125e-09,492.0,BID
683,1712701170.151893,10261677.57940938,462.0,0.0,492.0,BID
684,1712701200.1798797,10261677.57940938,462.0,0.0,492.0,BID
685,1712701229.9599495,10261854.64998742,461.9,3.447655687439765e-08,492.0,BID
686,1712701230.13966,10261854.64998742,461.9,0.0,492.0,BID
687,1712701231.400031,10261857.03971225,461.2,-4.6528436809975034e-10,492.0,ASK
688,1712701231.4045217,10261868.30079193,461.3,-2.192555509727073e-09,492.0,ASK
689,1712701260.2200265,10261868.30079193,461.3,-0.0,492.0,ASK
690,1712701290.2299871,10261868.30079193,461.3,-0.0,492.0,ASK
691,1712701320.1605794,10261868.30079193,461.3,-0.0,492.0,ASK
692,1712701322.6902783,10262949.30906564,462.3,2.104742891477785e-07,492.0,BID
693,1712701350.1504433,10262949.30906564,462.3,0.0,492.0,BID
694,1712701371.901812,10265112.40662133,462.3,4.211180768418225e-07,492.0,BID
695,1712701380.2553482,10265112.40662133,462.3,0.0,492.0,BID
696,1712701410.240245,10265112.40662133,462.3,0.0,492.0,BID
697,1712701440.150174,10265112.40662133,462.3,0.0,492.0,BID
698,1712701470.1504066,10265112.40662133,462.3,0.0,492.0,BID
699,1712701500.2304902,10265112.40662133,462.3,0.0,492.0,BID
700,1712701530.220283,10265112.40662133,462.3,0.0,492.0,BID
701,1712701560.1544993,10265112.40662133,462.3,0.0,492.0,BID
702,1712701588.3806472,10265134.03759688,461.9,4.231790550423635e-09,492.0,BID
703,1712701590.1503162,10265134.03759688,461.9,0.0,492.0,BID
704,1712701620.2307186,10265134.03759688,461.9,0.0,492.0,BID
705,1712701650.2306406,10265134.03759688,461.9,0.0,492.0,BID
706,1712701678.030551,10265328.8278422,461.9,3.81078470689744e-08,492.0,BID
707,1712701680.1604414,10265328.8278422,461.9,0.0,492.0,BID
708,1712701684.9006522,10265393.77696538,461.9,1.2706117207472582e-08,492.0,BID
709,1712701710.1504183,10265393.77696538,461.9,0.0,492.0,BID
710,1712701740.2304542,10265393.77696538,461.9,0.0,492.0,BID
711,1712701770.2304068,10265393.77696538,461.9,0.0,492.0,BID
712,1712701773.0206983,10265588.66652796,461.8,3.812638216331651e-08,492.0,BID
713,1712701800.1807308,10265588.66652796,461.8,0.0,492.0,BID
714,1712701805.490717,10266150.15703709,461.8,1.1064671068533338e-07,492.0,BID
715,1712701830.1503725,10266150.15703709,461.8,0.0,492.0,BID
716,1712701860.2810366,10266150.15703709,461.8,0.0,492.0,BID
717,1712701869.2606504,10270481.03620556,461.8,8.533947456584182e-07,492.0,BID
718,1712701890.220607,10270481.03620556,461.8,0.0,492.0,BID
719,1712701920.1522694,10270481.03620556,461.8,0.0,492.0,BID
720,1712701950.1507154,10270481.03620556,461.8,0.0,492.0,BID
721,1712701951.3405993,10271043.76696664,461.8,1.108417650301653e-07,492.0,BID
722,1712701980.14188,10271043.76696664,461.8,0.0,492.0,BID
723,1712701982.110831,10271568.8240504,461.8,1.0341584129581725e-07,492.0,BID
724,1712702010.150765,10271568.8240504,461.8,0.0,492.0,BID
725,1712702040.2311797,10271568.8240504,461.8,0.0,492.0,BID
726,1712702070.2411356,10271568.8240504,461.8,0.0,492.0,BID
727,1712702100.1706471,10271568.8240504,461.8,0.0,492.0,BID
728,1712702128.6609206,10271568.8240509,461.8,9.863420703344032e-17,492.0,BID
729,1712702128.666942,10278683.3427809,461.8,1.4057502347641455e-06,492.0,BID
730,1712702130.1505115,10278683.3427809,461.8,0.0,492.0,BID
731,1712702160.2410865,10278683.3427809,461.8,0.0,492.0,BID
732,1712702190.2210212,10278683.3427809,461.8,0.0,492.0,BID
733,1712702220.1606824,10278683.3427809,461.8,0.0,492.0,BID
734,1712702250.1506698,10278683.3427809,461.8,0.0,492.0,BID
735,1712702257.2106965,10278704.94105303,463.0,4.2648111468523055e-09,492.0,BID
736,1712702279.4208336,10279568.87193855,463.0,1.705924459384571e-07,492.0,BID
737,1712702280.231979,10279568.87193855,463.0,0.0,492.0,BID
738,1712702310.230652,10279568.87193855,463.0,0.0,492.0,BID
739,1712702340.1611326,10279568.87193855,463.0,0.0,492.0,BID
740,1712702370.1626678,10279568.87193855,463.0,0.0,492.0,BID
741,1712702400.1806674,10279568.87193855,463.0,0.0,492.0,BID
742,1712702414.7405164,10279590.45622518,463.3,4.264485378907546e-09,492.0,BID
743,1712702430.1505246,10279590.45622518,463.3,0.0,492.0,BID
744,1712702460.2204206,10279590.45622518,463.3,0.0,492.0,BID
745,1712702490.228364,10279590.45622518,463.3,0.0,492.0,BID
746,1712702520.1633167,10279590.45622518,463.3,0.0,492.0,BID
747,1712702526.0533144,10280669.20487674,463.5,2.131318418042873e-07,492.0,BID
748,1712702550.1507585,10280669.20487674,463.5,0.0,492.0,BID
749,1712702571.040636,10280690.77984977,463.5,4.2622157860072735e-09,492.0,BID
750,1712702580.2306612,10280690.77984977,463.5,0.0,492.0,BID
751,1712702580.5525963,10280701.56733628,463.5,2.131103682009495e-09,492.0,BID
752,1712702610.230533,10280701.56733628,463.5,0.0,492.0,BID
753,1712702634.3207502,10280917.55005766,463.0,-4.2668059672035686e-08,492.0,ASK
754,1712702634.3268876,10281264.29809736,463.0,-6.8501155807707e-08,492.0,ASK
755,1712702640.1407285,10281264.29809736,463.0,-0.0,492.0,ASK
756,1712702670.1709306,10281264.29809736,463.0,-0.0,492.0,ASK
757,1712702673.7307284,10284480.00341964,463.0,-6.352399108096245e-07,492.0,ASK
758,1712702673.7369292,10284602.16131574,463.0,-2.4131430975777843e-08,492.0,ASK
759,1712702700.1908083,10284602.16131574,463.0,-0.0,492.0,ASK
760,1712702704.2408884,10284627.16131574,462.2,-4.948009098316517e-09,492.0,ASK
761,1712702730.15676,10284627.16131574,462.2,-0.0,492.0,ASK
762,1712702756.611102,10286731.28604684,463.0,4.164481801348272e-07,492.0,BID
763,1712702756.6173837,10303110.11850535,464.0,3.2416970673168923e-06,492.0,BID
764,1712702756.622264,10308142.00739425,463.5,9.959110025416256e-07,492.0,BID
765,1712702756.6273167,10309735.1593894,463.0,3.15316501560888e-07,492.0,BID
766,1712702756.6307554,10314666.17460292,463.3,9.759460936579854e-07,492.0,BID
767,1712702756.63349,10348570.42391469,464.0,6.710326016336073e-06,492.0,BID
768,1712702756.7540572,10351015.98639212,464.0,-4.840255086013468e-07,492.0,ASK
769,1712702756.7712166,10356990.70105445,464.0,-1.182514995986112e-06,492.0,ASK
770,1712702756.7823262,10361754.59304486,464.0,-9.428690801647504e-07,492.0,ASK
771,1712702756.7863595,10395258.94925053,464.0,-6.631179208249115e-06,492.0,ASK
772,1712702756.792067,10396322.27195744,464.0,-2.104527358304073e-07,492.0,ASK
773,1712702756.794821,10406133.7673746,464.0,-1.9418903026432645e-06,492.0,ASK
774,1712702756.7976017,10413937.50614332,464.0,-1.5445152848808532e-06,492.0,ASK
775,1712702760.2304463,10413937.50614332,464.0,-0.0,492.0,ASK
776,1712702783.0308628,10414985.25388609,464.0,2.0493686713571215e-07,492.0,BID
777,1712702783.037393,10421128.25388609,464.1,1.2015556067780997e-06,492.0,BID
778,1712702783.0422373,10426805.56719277,464.0,1.1104684413278864e-06,492.0,BID
779,1712702783.1708417,10427192.27219877,464.1,-7.563854275240822e-08,492.0,ASK
780,1712702783.4508016,10432394.60053586,464.1,-1.0175625560363317e-06,492.0,ASK
781,1712702784.770605,10433267.60053586,464.1,-1.7075664084604937e-07,492.0,ASK
782,1712702786.9108503,10434139.60053586,464.1,-1.70561043319307e-07,492.0,ASK
783,1712702788.2004492,10435011.60053586,464.1,-1.70561043319307e-07,492.0,ASK
784,1712702790.231333,10435011.60053586,464.1,-0.0,492.0,ASK
785,1712702795.5707302,10435410.60053586,464.1,-7.789440836694815e-08,492.0,ASK
786,1712702797.180518,10435954.08834486,464.1,-1.0610190811214469e-07,492.0,ASK
787,1712702820.150885,10435954.08834486,464.1,-0.0,492.0,ASK
788,1712702844.4527702,10436566.98569286,464.3,-1.196421050229958e-07,492.0,ASK
789,1712702844.460325,10436566.98569328,464.3,-8.18104812179998e-17,492.0,ASK
790,1712702850.1513631,10436566.98569328,464.3,-0.0,492.0,ASK
791,1712702880.2306125,10436566.98569328,464.3,-0.0,492.0,ASK
792,1712702890.0409696,10436566.98569385,464.1,-1.1125607420053818e-16,492.0,ASK
793,1712702890.0462632,10446505.61385417,463.7,-1.939986114459648e-06,492.0,ASK
794,1712702910.22119,10446505.61385417,463.7,-0.0,492.0,ASK
795,1712702940.199309,10446505.61385417,463.7,-0.0,492.0,ASK
796,1712702970.172582,10446505.61385417,463.7,-0.0,492.0,ASK
797,1712702998.4432766,10446506.46660997,463.8,-1.6630540246519362e-10,492.0,ASK
798,1712702998.449858,10446531.46660997,463.8,-4.875528330816715e-09,492.0,ASK
799,1712703000.172846,10446531.46660997,463.8,-0.0,492.0,ASK
800,1712703030.1556134,10446531.46660997,463.8,-0.0,492.0,ASK
801,1712703060.2241,10446531.46660997,463.8,-0.0,492.0,ASK
802,1712703090.239376,10446531.46660997,463.8,-0.0,492.0,ASK
1003,1712703098.8682413,10446639.01662072,464.9,2.102546584496337e-08,492.0,BID
803,1712703098.8682413,10446639.01662072,464.9,2.1025465844963372e-08,492.0,BID
804,1712703120.1574242,10446639.01662072,464.9,0.0,492.0,BID
805,1712703150.1453512,10446639.01662072,464.9,0.0,492.0,BID
806,1712703180.23583,10446639.01662072,464.9,0.0,492.0,BID
807,1712703210.2360785,10446639.01662072,464.9,0.0,492.0,BID
808,1712703239.2868764,10449341.78993052,464.0,5.283729127616677e-07,492.0,BID
809,1712703240.0919335,10449881.78993052,464.0,-1.0556615009356153e-07,492.0,ASK
810,1712703240.158191,10449881.78993052,464.0,-0.0,492.0,ASK
811,1712703241.1671293,10450421.78993052,464.0,-1.0553510718185897e-07,492.0,ASK
812,1712703243.7873662,10452881.44990085,464.0,-4.807045899994675e-07,492.0,ASK
813,1712703243.7968483,10453421.70627589,464.0,-1.0558521193596865e-07,492.0,ASK
814,1712703248.5368624,10461987.45790514,463.7,-1.674050956085361e-06,492.0,ASK
815,1712703248.542875,10473648.96347134,463.7,-2.279070814501458e-06,492.0,ASK
816,1712703270.1694186,10473648.96347134,463.7,-0.0,492.0,ASK
817,1712703293.5373845,10473707.00427444,463.2,-1.1318845045665365e-08,492.0,ASK
818,1712703293.5435164,10474233.9746111,462.3,-1.0276728207797785e-07,492.0,ASK
819,1712703293.5487003,10475934.66340867,462.4,-3.31660348274874e-07,492.0,ASK
820,1712703293.5515344,10476605.22365093,462.3,-1.3076951162662084e-07,492.0,ASK
821,1712703293.5543969,10482856.40192873,462.2,-1.2190754520785045e-06,492.0,ASK
822,1712703293.5573192,10483094.43578259,462.0,-4.64202451297224e-08,492.0,ASK
823,1712703293.5602777,10489237.43578259,462.8,-1.1979790320032231e-06,492.0,ASK
824,1712703293.5632317,10495741.78643193,462.0,-1.2684479398834009e-06,492.0,ASK
825,1712703300.2196152,10495741.78643193,462.0,-0.0,492.0,ASK
826,1712703330.247923,10495741.78643193,462.0,-0.0,492.0,ASK
827,1712703334.3781104,10495752.57391844,463.5,2.108762189250697e-09,492.0,BID
828,1712703360.1605954,10495752.57391844,463.5,0.0,492.0,BID
829,1712703390.158315,10495752.57391844,463.5,0.0,492.0,BID
830,1712703420.1530223,10495752.57391844,463.5,0.0,492.0,BID
831,1712703450.149163,10495752.57391844,463.5,0.0,492.0,BID
832,1712703473.2490509,10496184.07337906,463.5,8.43504051654075e-08,492.0,BID
833,1712703478.0490792,10501415.72321724,463.5,1.022693708351507e-06,492.0,BID
834,1712703480.2292662,10501415.72321724,463.5,0.0,492.0,BID
835,1712703483.4692457,10501545.17305542,463.5,2.529214377141962e-08,492.0,BID
836,1712703491.0192544,10501652.72306617,462.8,-2.101331583531305e-08,492.0,ASK
837,1712703510.239628,10501652.72306617,462.8,-0.0,492.0,ASK
838,1712703540.169489,10501652.72306617,462.8,-0.0,492.0,ASK
839,1712703570.1599903,10501652.72306617,462.8,-0.0,492.0,ASK
840,1712703600.2505274,10501652.72306617,462.8,-0.0,492.0,ASK
841,1712703630.1603494,10501652.72306617,462.8,-0.0,492.0,ASK
842,1712703660.2226896,10501652.72306617,462.8,-0.0,492.0,ASK
843,1712703673.4265325,10501868.53652474,462.9,-4.218417412936884e-08,492.0,ASK
844,1712703673.4325018,10505393.74931367,462.9,-6.890589267097221e-07,492.0,ASK
845,1712703673.4355285,10505502.27536169,462.8,-2.1213142765308666e-08,492.0,ASK
846,1712703673.4385822,10510218.63909629,462.7,-9.21888330582692e-07,492.0,ASK
847,1712703673.5604212,10510305.50731323,462.0,1.6979775098208082e-08,492.0,BID
848,1712703673.7681148,10510820.21797953,462.0,-1.0060838891795261e-07,492.0,ASK
849,1712703673.7746627,10515394.78339579,462.2,-8.941715932126565e-07,492.0,ASK
850,1712703673.8406236,10528235.85914042,462.0,2.509992559365134e-06,492.0,BID
851,1712703673.8518972,10531613.60515589,462.0,6.602341995997549e-07,492.0,BID
852,1712703679.2205725,10537924.63247256,462.0,1.2335906992381649e-06,492.0,BID
853,1712703690.2407937,10537924.63247256,462.0,0.0,492.0,BID
854,1712703719.0811963,10540663.45571163,462.0,5.335979540136535e-07,492.0,BID
855,1712703720.171173,10540663.45571163,462.0,0.0,492.0,BID
856,1712703750.1713085,10540663.45571163,462.0,0.0,492.0,BID
857,1712703750.564058,10542310.97102063,461.9,3.20902100795853e-07,492.0,BID
858,1712703750.6010714,10542310.97102151,461.9,1.7160675057141863e-16,492.0,BID
859,1712703750.6868165,10544977.18261496,462.0,5.19323187365829e-07,492.0,BID
860,1712703755.2812018,10550388.43802621,462.0,1.054001270839062e-06,492.0,BID
861,1712703780.231103,10550388.43802621,462.0,0.0,492.0,BID
862,1712703790.8212132,10553660.60471573,462.0,6.367935201446154e-07,492.0,BID
863,1712703792.3610752,10557309.43404068,462.0,7.100955087909564e-07,492.0,BID
864,1712703793.2913272,10558046.33404068,462.0,1.4340746958212158e-07,492.0,BID
865,1712703810.246784,10558046.33404068,462.0,0.0,492.0,BID
1066,1712703822.561604,10558096.33404068,461.9,9.72376163931298e-09,492.0,BID
866,1712703822.561604,10558096.33404068,461.9,9.723761639312981e-09,492.0,BID
867,1712703822.5686402,10600909.17536268,462.0,8.32603728233699e-06,492.0,BID
868,1712703822.5814364,10602045.84029268,462.0,2.210531768615405e-07,492.0,BID
869,1712703822.7018726,10602095.84029268,462.0,9.723761639312981e-09,492.0,BID
1069,1712703822.7018726,10602095.84029268,462.0,9.72376163931298e-09,492.0,BID
870,1712703822.7088451,10602901.67036085,462.0,1.567139900937274e-07,492.0,BID
871,1712703822.7615094,10608965.97411485,462.0,1.1793568842457367e-06,492.0,BID
872,1712703822.7813556,10609015.97411532,462.0,9.723761730597044e-09,492.0,BID
873,1712703840.1513083,10609015.97411532,462.0,0.0,492.0,BID
874,1712703870.1616292,10609015.97411532,462.0,0.0,492.0,BID
875,1712703900.251907,10609015.97411532,462.0,0.0,492.0,BID
876,1712703930.2424614,10609015.97411532,462.0,0.0,492.0,BID
877,1712703960.1628065,10609015.97411532,462.0,0.0,492.0,BID
878,1712703973.6420915,10609719.25120732,462.3,-1.3624800632606704e-07,492.0,ASK
879,1712703973.6522832,10609719.25120811,462.3,-1.5300290165572242e-16,492.0,ASK
880,1712703990.1496186,10609719.25120811,462.3,-0.0,492.0,ASK
881,1712703999.152419,10613968.33428726,462.2,-8.231359187720201e-07,492.0,ASK
882,1712703999.15966,10613982.77902011,462.3,-2.7982456978985317e-09,492.0,ASK
883,1712703999.552417,10617807.56889243,462.1,-7.40941484790216e-07,492.0,ASK
884,1712703999.5620303,10617807.56889419,462.2,-3.40987347699521e-16,492.0,ASK
885,1712703999.5654726,10617873.63014811,462.1,-1.2797441219179925e-08,492.0,ASK
886,1712703999.6372254,10617873.6301496,462.1,-2.883057045628755e-16,492.0,ASK
887,1712704002.832638,10618109.27720756,462.0,-4.564974465032336e-08,492.0,ASK
888,1712704002.838077,10618277.12417725,462.0,-3.251545498967446e-08,492.0,ASK
889,1712704002.843431,10621192.38512794,462.0,-5.647467833428624e-07,492.0,ASK
890,1712704020.2326882,10621192.38512794,462.0,-0.0,492.0,ASK
891,1712704044.2537484,10622275.33942694,461.7,-2.095755603778913e-07,492.0,ASK
892,1712704044.258571,10622275.33942726,461.7,-6.199962733681123e-17,492.0,ASK
893,1712704044.5143218,10622931.2777946,461.6,-1.2693855228720874e-07,492.0,ASK
894,1712704044.589826,10623358.5283354,461.6,-8.268241013734118e-08,492.0,ASK
895,1712704044.972503,10623380.19680777,461.5,-4.193327681225768e-09,492.0,ASK
896,1712704050.2324483,10623380.19680777,461.5,-0.0,492.0,ASK
897,1712704074.24272,10624336.94486927,461.5,1.8511568552208498e-07,492.0,BID
898,1712704075.3120377,10625027.71211727,461.5,1.336525860831228e-07,492.0,BID
899,1712704080.1731937,10625027.71211727,461.5,0.0,492.0,BID
900,1712704110.1728785,10625027.71211727,461.5,0.0,492.0,BID
901,1712704112.4326825,10625027.71211765,461.5,7.350925762947484e-17,492.0,BID
902,1712704120.7627938,10625038.53462847,462.0,2.093677434767502e-09,492.0,BID
903,1712704140.192958,10625038.53462847,462.0,0.0,492.0,BID
904,1712704170.1632044,10625038.53462847,462.0,0.0,492.0,BID
905,1712704200.1931005,10625038.53462847,462.0,0.0,492.0,BID
1106,1712704203.4934866,10625076.81501889,461.5,-7.4160747263583665e-09,492.0,ASK
906,1712704203.4934866,10625076.81501889,461.5,-7.416074726358366e-09,492.0,ASK
907,1712704203.505989,10625088.53462847,461.5,-2.270444461157366e-09,492.0,ASK
908,1712704203.5783005,10625201.93354465,461.5,-2.1968815548649167e-08,492.0,ASK
909,1712704203.5824385,10625223.60201702,461.5,-4.1978414675489185e-09,492.0,ASK
910,1712704225.236447,10625245.27048939,461.5,-4.1978414671880675e-09,492.0,ASK
911,1712704230.1763773,10625245.27048939,461.5,-0.0,492.0,ASK
912,1712704242.9432037,10625260.19074941,461.5,2.890454273771869e-09,492.0,BID
913,1712704260.233515,10625260.19074941,461.5,0.0,492.0,BID
914,1712704262.6934369,10625271.05842836,461.0,-2.1053578904236647e-09,492.0,ASK
915,1712704262.7038257,10625281.92610731,461.0,-2.1053578904236647e-09,492.0,ASK
916,1712704262.7730467,10627939.03362143,461.0,5.147522572663925e-07,492.0,BID
917,1712704267.0755785,10627952.46114038,461.0,2.6012668481453915e-09,492.0,BID
918,1712704290.243405,10627952.46114038,461.0,0.0,492.0,BID
919,1712704320.1636918,10627952.46114038,461.0,0.0,492.0,BID
920,1712704350.1634858,10627952.46114038,461.0,0.0,492.0,BID
921,1712704380.2436707,10627952.46114038,461.0,0.0,492.0,BID
922,1712704382.03367,10628002.46114038,460.7,-9.683998797126188e-09,492.0,ASK
923,1712704382.253681,10628070.47993071,460.7,-1.3173877674896872e-08,492.0,ASK
924,1712704410.2437277,10628070.47993071,460.7,-0.0,492.0,ASK
925,1712704440.167914,10628070.47993071,460.7,-0.0,492.0,ASK
926,1712704470.153823,10628070.47993071,460.7,-0.0,492.0,ASK
927,1712704500.1941931,10628070.47993071,460.7,-0.0,492.0,ASK
928,1712704526.144576,10628120.47993071,460.8,-9.762433241680882e-09,492.0,ASK
929,1712704526.151981,10628558.44528391,460.8,-8.55121504557252e-08,492.0,ASK
930,1712704526.1639233,10629054.06866207,460.8,-9.676980284596532e-08,492.0,ASK
931,1712704527.2684774,10630368.15421247,460.8,-2.565734491926514e-07,492.0,ASK
932,1712704528.1346052,10632039.51635211,460.8,-3.263312262182419e-07,492.0,ASK
933,1712704528.1411924,10635025.6112241,460.8,-5.830310368226346e-07,492.0,ASK
934,1712704528.1468031,10637208.60524284,460.8,-4.2622666749858054e-07,492.0,ASK
935,1712704528.1741643,10637884.9866487,460.7,-1.3206256641248649e-07,492.0,ASK
936,1712704528.2541313,10640269.76855651,460.7,-4.656254834192501e-07,492.0,ASK
937,1712704528.2961657,10641431.80633529,460.7,-2.2688632479335498e-07,492.0,ASK
938,1712704528.2995365,10644975.27876852,460.7,-6.918582614628699e-07,492.0,ASK
939,1712704528.3027835,10644988.2939529,460.7,-2.541197372780629e-09,492.0,ASK
940,1712704528.3956969,10645639.75975094,460.5,-1.2719782725187986e-07,492.0,ASK
941,1712704528.399027,10645655.1938809,460.5,-3.013493267721565e-09,492.0,ASK
942,1712704528.4086351,10645655.19388094,460.5,-7.637258547369336e-18,492.0,ASK
943,1712704528.411931,10645666.07572281,460.4,-2.1246650960528992e-09,492.0,ASK
944,1712704528.4152703,10650021.00621802,460.4,-8.502943646329563e-07,492.0,ASK
945,1712704530.1657755,10650021.00621802,460.4,-0.0,492.0,ASK
946,1712704560.2539954,10650021.00621802,460.4,-0.0,492.0,ASK
947,1712704580.794887,10650042.72646128,460.4,-4.232491992240237e-09,492.0,ASK
948,1712704580.8007903,10651173.1238665,460.4,-2.202736824037477e-07,492.0,ASK
949,1712704590.2440689,10651173.1238665,460.4,-0.0,492.0,ASK
950,1712704600.7063863,10651183.98447781,460.7,2.1161226890754397e-09,492.0,BID
951,1712704615.314301,10651615.37065481,460.7,8.405291846166506e-08,492.0,BID
952,1712704615.3341863,10651615.37065573,460.7,1.7928487277564315e-16,492.0,BID
953,1712704619.3544574,10651627.79310574,460.3,-2.420437263484828e-09,492.0,ASK
954,1712704620.166427,10651627.79310574,460.3,-0.0,492.0,ASK
955,1712704632.7645388,10651715.37065573,460.3,-1.7063245528993742e-08,492.0,ASK
956,1712704632.7694914,10651737.09561771,460.3,-4.232801219060135e-09,492.0,ASK
957,1712704632.772934,10653090.79310574,460.3,-2.637487873640251e-07,492.0,ASK
958,1712704635.3544445,10656082.77370374,460.3,-5.829450534680107e-07,492.0,ASK
959,1712704635.974374,10656980.77370374,460.3,-1.749625844378995e-07,492.0,ASK
960,1712704641.334427,10657712.77370374,460.3,-1.4261983497610517e-07,492.0,ASK
961,1712704647.2668254,10658377.77370374,460.3,-1.2956583368730865e-07,492.0,ASK
962,1712704648.1849606,10659355.34267956,460.3,-1.904654726900343e-07,492.0,ASK
963,1712704648.1926987,10661353.61473474,460.3,-3.89335014682022e-07,492.0,ASK
964,1712704648.285081,10661353.61473567,460.3,-1.81092106225927e-16,492.0,ASK
965,1712704650.1840882,10661353.61473567,460.3,-0.0,492.0,ASK
966,1712704650.8952534,10661364.50130672,460.2,-2.1192457251930168e-09,492.0,ASK
967,1712704650.9011507,10661402.51526614,460.2,-7.400027118968609e-09,492.0,ASK
968,1712704650.9070065,10665772.61522325,460.2,-8.50710073033683e-07,492.0,ASK
969,1712704650.9747348,10665783.48459947,460.1,-2.1158984756729603e-09,492.0,ASK
970,1712704650.9781544,10669283.48459947,460.1,-6.813311560012831e-07,492.0,ASK
971,1712704650.9815304,10693028.63712916,460.1,-4.622374920708789e-06,492.0,ASK
972,1712704680.2345068,10693028.63712916,460.1,-0.0,492.0,ASK
973,1712704680.889678,10693047.06193916,460.0,-3.576537938085109e-09,492.0,ASK
974,1712704680.894867,10693709.93640507,460.0,-1.286740908344758e-07,492.0,ASK
975,1712704682.0247996,10693924.06916738,460.0,-4.1566450248089215e-08,492.0,ASK
976,1712704682.034587,10694223.13491885,460.0,-5.80532448437909e-08,492.0,ASK
977,1712704682.0400665,10694477.36909165,460.0,-4.9350748484815946e-08,492.0,ASK
978,1712704682.95448,10695407.96433606,460.0,-1.8064279613601762e-07,492.0,ASK
979,1712704682.9948344,10695695.23926666,460.0,-5.57644658460578e-08,492.0,ASK
980,1712704683.054473,10695706.13530841,459.8,-2.115088659851516e-09,492.0,ASK
981,1712704691.3648252,10696358.73482983,459.7,-1.2667956666950276e-07,492.0,ASK
982,1712704691.3708737,10696369.63324183,459.7,-2.1155487619556846e-09,492.0,ASK
983,1712704691.4650886,10696380.53639743,459.5,-2.1164695670899784e-09,492.0,ASK
984,1712704691.4709496,10696580.53639743,459.5,-3.8823064532344455e-08,492.0,ASK
985,1712704691.4760776,10696593.52622207,459.5,-2.5215240016031755e-09,492.0,ASK
986,1712704691.4795296,10697030.62877638,459.5,-8.48483033661706e-08,492.0,ASK
987,1712704692.0646777,10697628.62877638,459.5,-1.1608096295170993e-07,492.0,ASK
988,1712704710.244565,10697628.62877638,459.5,-0.0,492.0,ASK
989,1712704740.148862,10697628.62877638,459.5,-0.0,492.0,ASK
990,1712704757.9350998,10698769.80478572,459.5,-2.214288336829525e-07,492.0,ASK
991,1712704757.944004,10698780.80478572,459.5,-2.134392197680969e-09,492.0,ASK
992,1712704757.9491851,10704177.00742547,459.5,-1.0470557101263887e-06,492.0,ASK
993,1712704770.1760304,10704177.00742547,459.5,-0.0,492.0,ASK
994,1712704783.4921577,10705072.73970977,459.5,-1.73702583743325e-07,492.0,ASK
995,1712704783.5649705,10706177.00742477,459.5,2.141422817975845e-07,492.0,BID
996,1712704783.5726745,10706177.00742547,459.5,1.358144632488938e-16,492.0,BID
997,1712704800.180266,10706177.00742547,459.5,0.0,492.0,BID
998,1712704800.6953535,10706189.43525549,459.5,-2.41715481141529e-09,492.0,ASK
999,1712704819.1876197,10706654.43525549,459.6,-9.044032510119621e-08,492.0,ASK
1000,1712704821.7353902,10707347.63858349,459.6,-1.3482480504427028e-07,492.0,ASK
1201,1712704830.156631,10707347.63858349,459.6,-0.0,492.0,ASK
1202,1712704830.5452874,10709511.48931712,459.5,-4.208148117950687e-07,492.0,ASK
1203,1712704830.5464349,10709729.11717151,459.5,-4.2323170985529295e-08,492.0,ASK
1204,1712704830.547598,10709729.11717249,459.6,-1.9089935436458159e-16,492.0,ASK
1205,1712704830.5657835,10709729.11717446,459.5,-3.828854223213714e-16,492.0,ASK
1206,1712704830.6084747,10712229.11717446,459.4,-4.861874311096968e-07,492.0,ASK
1207,1712704830.610441,10712240.02270341,459.4,-2.120852441954254e-09,492.0,ASK
1208,1712704830.611974,10714721.43735295,459.4,-4.825730455912371e-07,492.0,ASK
1209,1712704830.6655543,10714732.34525628,459.3,-2.121314199600147e-09,492.0,ASK
1210,1712704830.6670845,10715366.29429454,459.2,-1.232872217463757e-07,492.0,ASK
1211,1712704835.3548307,10715994.70786473,459.2,-1.222107117460303e-07,492.0,ASK
1212,1712704841.6651917,10716005.96894441,459.2,-2.189998160490276e-09,492.0,ASK
1213,1712704857.435205,10717289.67422098,460.0,2.496485482868864e-07,492.0,BID
1214,1712704857.4380176,10717527.70807484,460.0,4.6291627170245e-08,492.0,BID
1215,1712704860.2651806,10717527.70807484,460.0,0.0,492.0,BID
1216,1712704890.0763476,10717727.70807484,459.9,3.885964465171738e-08,492.0,BID
1217,1712704890.2487912,10717727.70807484,459.9,0.0,492.0,BID
1218,1712704903.1529577,10718162.58522204,459.9,8.449434699164696e-08,492.0,BID
1219,1712704903.765013,10718380.21307804,459.5,-4.2283950072867763e-08,492.0,ASK
1220,1712704920.1680665,10718380.21307804,459.5,-0.0,492.0,ASK
1221,1712704925.0553055,10718597.79358204,459.6,-4.227228584264152e-08,492.0,ASK
1222,1712704925.0754108,10718597.79358282,459.6,-1.5126629220301196e-16,492.0,ASK
1223,1712704925.07805,10718815.46881137,459.4,-4.229068925294688e-08,492.0,ASK
1224,1712704925.080818,10718815.46881173,459.5,-6.984304879229978e-17,492.0,ASK
1225,1712704925.300018,10719684.54403489,459.3,-1.6884691218558714e-07,492.0,ASK
1226,1712704925.3027668,10719924.03891773,459.3,-4.652988645160516e-08,492.0,ASK
1227,1712704925.3154576,10719924.0389184,459.3,-1.3027718945713948e-16,492.0,ASK
1228,1712704928.9250891,10724740.8829934,459.2,-9.358329714947972e-07,492.0,ASK
1229,1712704929.0052729,10725945.88843765,459.2,-2.3411258658172365e-07,492.0,ASK
1230,1712704929.0081007,10729823.1623984,459.2,-7.532900703223726e-07,492.0,ASK
1231,1712704931.9348218,10729823.16239925,459.2,-1.6501777331237668e-16,492.0,ASK
1232,1712704950.1747124,10729823.16239925,459.2,-0.0,492.0,ASK
1233,1712704953.8946483,10730436.05875601,459.2,1.1895416048321957e-07,492.0,BID
1234,1712704980.2540925,10730436.05875601,459.2,0.0,492.0,BID
1235,1712705010.2429626,10730436.05875601,459.2,0.0,492.0,BID
1236,1712705017.0173151,10730475.00201161,459.2,-7.557899792661295e-09,492.0,ASK
1237,1712705017.1753037,10730652.35944977,459.1,-3.442058771047852e-08,492.0,ASK
1238,1712705017.1769862,10730870.12948461,459.1,-4.2263649400308047e-08,492.0,ASK
1239,1712705019.642712,10730870.12948491,459.1,-5.820025348263431e-17,492.0,ASK
1240,1712705019.7088108,10731103.48246909,459.0,-4.528790527622412e-08,492.0,ASK
1241,1712705021.1930866,10731435.48246909,459.0,-6.443279311219389e-08,492.0,ASK
1242,1712705024.8828044,10731552.75148574,459.0,-2.275894665172422e-08,492.0,ASK
1243,1712705040.165711,10731552.75148574,459.0,-0.0,492.0,ASK
1244,1712705070.1621928,10731552.75148574,459.0,-0.0,492.0,ASK
1245,1712705097.1011822,10732051.75148574,459.0,-9.683363090312193e-08,492.0,ASK
1246,1712705097.501554,10732269.6164092,459.0,-4.2277858887618826e-08,492.0,ASK
1247,1712705097.5045445,10732329.61379832,459.0,-1.1642815697980094e-08,492.0,ASK
1248,1712705097.5074024,10732598.19375474,459.0,-5.21193835028621e-08,492.0,ASK
1249,1712705100.2511983,10732598.19375474,459.0,-0.0,492.0,ASK
1250,1712705130.2610302,10732598.19375474,459.0,-0.0,492.0,ASK
1251,1712705135.3805697,10732609.11116594,458.9,-2.1191667652944968e-09,492.0,ASK
1252,1712705135.395306,10732609.11116622,459.0,-5.423340235916054e-17,492.0,ASK
1253,1712705135.3966267,10732826.97608996,459.0,-4.2289522417468457e-08,492.0,ASK
1254,1712705135.3979402,10733044.88848917,458.9,-4.229873782914697e-08,492.0,ASK
1255,1712705139.780759,10733262.94343901,458.6,-4.2326408176353215e-08,492.0,ASK
1256,1712705139.783848,10733310.88848917,458.6,-9.306561325801293e-09,492.0,ASK
1257,1712705144.100398,10733539.88848917,458.6,-4.445093990974955e-08,492.0,ASK
1258,1712705158.0699787,10733752.38140237,458.6,-4.124676731826439e-08,492.0,ASK
1259,1712705160.1600325,10733752.38140237,458.6,-0.0,492.0,ASK
1260,1712705166.043429,10735219.71576833,458.6,2.847934019148323e-07,492.0,BID
1261,1712705188.3095906,10735230.71576833,458.6,2.134978566397254e-09,492.0,BID
1262,1712705190.1722786,10735230.71576833,458.6,0.0,492.0,BID
1263,1712705193.729453,10735233.23918781,458.6,4.897034263347509e-10,492.0,BID
1264,1712705220.2288687,10735233.23918781,458.6,0.0,492.0,BID
1265,1712705231.548919,10735252.52126331,458.6,-3.7419447660722635e-09,492.0,ASK
1266,1712705231.552016,10735283.23918781,458.6,-5.961224288653718e-09,492.0,ASK
1267,1712705234.8387575,10736288.23918781,458.6,-1.9503369799999226e-07,492.0,ASK
1268,1712705240.6989346,10737433.07076178,458.6,-2.221698860281369e-07,492.0,ASK
1269,1712705240.7098625,10737483.07076081,458.6,-9.703168866760952e-09,492.0,ASK
1270,1712705240.786486,10737483.07076178,458.6,-1.8796503202831406e-16,492.0,ASK
1271,1712705241.1487944,10737493.99769743,458.5,-2.1205180773204727e-09,492.0,ASK
1272,1712705241.150407,10744179.07076178,458.5,-1.297327881731583e-06,492.0,ASK
1273,1712705250.2387135,10744179.07076178,458.5,-0.0,492.0,ASK
1274,1712705280.1475906,10744179.07076178,458.5,-0.0,492.0,ASK
1275,1712705284.519442,10745184.07076178,458.6,-1.948785695135525e-07,492.0,ASK
1276,1712705285.937917,10746360.09584356,458.6,-2.280418762679677e-07,492.0,ASK
1277,1712705288.5080078,10747833.09584356,458.5,-2.856279929288188e-07,492.0,ASK
1278,1712705306.3574944,10751352.10009557,458.5,-6.823666813373174e-07,492.0,ASK
1279,1712705308.8376038,10753963.2038127,458.6,5.063165743738817e-07,492.0,BID
1280,1712705310.1914265,10753963.2038127,458.6,0.0,492.0,BID
1281,1712705310.3707483,10756173.2038127,458.6,-4.281664503733897e-07,492.0,ASK
1282,1712705321.0874867,10756225.45923207,458.6,-1.0123989784766773e-08,492.0,ASK
1283,1712705327.1874592,10756675.20618077,458.5,-8.713418759787895e-08,492.0,ASK
1284,1712705327.1973765,10756696.19023607,458.5,-4.065460847034065e-09,492.0,ASK
1285,1712705340.2270436,10756696.19023607,458.5,-0.0,492.0,ASK
1286,1712705351.2271457,10756902.12434644,458.5,-3.988808699291986e-08,492.0,ASK
1287,1712705351.2302716,10756902.12434654,458.5,-1.9121454117630118e-17,492.0,ASK
1288,1712705370.2268124,10756902.12434654,458.5,-0.0,492.0,ASK
1289,1712705378.666932,10759335.44342508,458.5,4.713093320753086e-07,492.0,BID
1290,1712705400.2118826,10759335.44342508,458.5,0.0,492.0,BID
1291,1712705412.0562544,10759553.54593325,458.5,4.2487342702301366e-08,492.0,BID
1292,1712705417.0364325,10760770.9330652,458.5,2.371524505169145e-07,492.0,BID
1293,1712705417.1361597,10761314.88331684,458.5,1.0596393846289242e-07,492.0,BID
1294,1712705419.356514,10761750.99321584,458.6,8.49561561219748e-08,492.0,BID
1295,1712705419.4763377,10761750.99321654,458.6,1.3643219941826824e-16,492.0,BID
1296,1712705430.166666,10761750.99321654,458.6,0.0,492.0,BID
1297,1712705460.2458112,10761750.99321654,458.6,0.0,492.0,BID
1298,1712705479.9464853,10761775.99321654,458.4,-4.869061107817876e-09,492.0,ASK
1299,1712705479.949822,10761994.1433038,458.4,-4.2487444221733166e-08,492.0,ASK
1300,1712705479.952332,10762252.33849303,458.4,-5.0286726164246846e-08,492.0,ASK
1301,1712705490.235653,10762252.33849303,458.4,-0.0,492.0,ASK
1302,1712705508.6652987,10762265.40729303,458.5,-2.545197509795184e-09,492.0,ASK
1303,1712705508.675391,10762688.44839203,458.4,-8.238883079028502e-08,492.0,ASK
1304,1712705520.1650095,10762688.44839203,458.4,-0.0,492.0,ASK
1305,1712705521.6154225,10762720.93424396,458.4,-6.326494428991628e-09,492.0,ASK
1306,1712705521.6184258,10763230.44839203,458.4,-9.922591613589585e-08,492.0,ASK
1307,1712705523.4678636,10763772.44839203,458.4,-1.0555241056488749e-07,492.0,ASK
1308,1712705550.1659577,10763772.44839203,458.4,-0.0,492.0,ASK
1309,1712705552.6151366,10763845.46601349,458.4,-1.4218524359911238e-08,492.0,ASK
1310,1712705552.6184478,10765771.08425103,458.3,-3.749704423549684e-07,492.0,ASK
1311,1712705553.8053384,10766799.66648596,458.3,-2.002930425726298e-07,492.0,ASK
1312,1712705553.808031,10768349.08425103,458.3,-3.017139396763453e-07,492.0,ASK
1313,1712705553.904786,10768414.27629059,458.3,-1.2694669917158945e-08,492.0,ASK
1314,1712705558.1955214,10768425.2103805,458.2,-2.129165818261457e-09,492.0,ASK
1315,1712705558.2057517,10769343.04631741,458.2,-1.7872771485167557e-07,492.0,ASK
1316,1712705558.7546642,10769886.04631741,458.2,-1.0573692450007505e-07,492.0,ASK
1317,1712705559.285113,10773904.04631741,458.2,-7.824142958403342e-07,492.0,ASK
1318,1712705564.5556667,10774339.04631741,458.2,-8.47063759807231e-08,492.0,ASK
1319,1712705580.242685,10774339.04631741,458.2,-0.0,492.0,ASK
1320,1712705582.9247198,10776347.53468321,458.2,-3.907390961680002e-07,492.0,ASK
1321,1712705582.928115,10776512.01459207,458.2,-3.1998557731185974e-08,492.0,ASK
1322,1712705590.855934,10780205.95283799,458.2,-7.186330357137561e-07,492.0,ASK
1323,1712705610.2462769,10780205.95283799,458.2,-0.0,492.0,ASK
1324,1712705614.364469,10781422.65410899,458.3,-2.365780472031061e-07,492.0,ASK
1325,1712705614.3906066,10781422.65410987,458.3,-1.7094744151192447e-16,492.0,ASK
1326,1712705628.8043592,10781437.65410987,458.5,2.9166326958233117e-09,492.0,BID
1327,1712705640.1680708,10781437.65410987,458.5,0.0,492.0,BID
1328,1712705670.1595504,10781437.65410987,458.5,0.0,492.0,BID
1329,1712705670.1925228,10782313.65410987,458.2,-1.7031265574949077e-07,492.0,ASK
1330,1712705678.3338883,10784609.65379177,458.2,-4.463901865577363e-07,492.0,ASK
1331,1712705682.2441978,10785151.65379177,458.2,-1.0537609522399997e-07,492.0,ASK
1332,1712705683.25368,10785693.65379177,458.2,-1.0537609522399997e-07,492.0,ASK
1333,1712705684.4139416,10786235.65379177,458.2,-1.0537609522399997e-07,492.0,ASK
1334,1712705685.6152003,10786777.65379177,458.2,-1.0537609522399997e-07,492.0,ASK
1335,1712705686.6242657,10787319.65379177,458.2,-1.0537609522399997e-07,492.0,ASK
1336,1712705687.7941067,10787861.65379177,458.2,-1.0537609522399997e-07,492.0,ASK
1337,1712705689.0558052,10788403.65379177,458.2,-1.0537609522399997e-07,492.0,ASK
1338,1712705689.9748726,10788945.65379177,458.2,-1.0537609522399997e-07,492.0,ASK
1339,1712705690.9915054,10789254.68967129,458.2,-6.008301525426113e-08,492.0,ASK
1340,1712705691.1041222,10789796.68967129,458.2,-1.0537609522399997e-07,492.0,ASK
1341,1712705692.3643892,10790338.68967129,458.2,-1.0537609522399997e-07,492.0,ASK
1342,1712705692.9435935,10796277.00934657,458.2,-1.1545330988432307e-06,492.0,ASK
1343,1712705694.4956467,10796819.00934657,458.2,-1.0537609522399997e-07,492.0,ASK
1344,1712705700.2233856,10796819.00934657,458.2,-0.0,492.0,ASK
1345,1712705703.0037365,10798613.47369296,458.2,-3.488245936532656e-07,492.0,ASK
1346,1712705703.0640438,10800738.51113024,458.2,-4.130844516634228e-07,492.0,ASK
1347,1712705703.067611,10801528.80416496,458.2,-1.5362447699660576e-07,492.0,ASK
1348,1712705703.1048124,10801528.80416531,458.2,-6.807070335968591e-17,492.0,ASK
1349,1712705703.1236987,10802070.80416531,458.1,-1.0535897809315029e-07,492.0,ASK
1350,1712705704.2140777,10802612.80416531,458.1,-1.0535897809315029e-07,492.0,ASK
1351,1712705715.553725,10803005.50436318,458.1,-7.633670026670079e-08,492.0,ASK
1352,1712705715.5573916,10803154.80416531,458.1,-2.9022277826449523e-08,492.0,ASK
1353,1712705720.0945177,10803340.85947934,458.1,-3.6167154529618936e-08,492.0,ASK
1354,1712705720.0965824,10803696.80416531,458.1,-6.919182356353137e-08,492.0,ASK
1355,1712705721.2937486,10804238.80416531,458.1,-1.0535897809315029e-07,492.0,ASK
1356,1712705722.8068693,10804249.71166967,458.4,2.120301684565467e-09,492.0,BID
1357,1712705723.363654,10804791.71166967,458.1,-1.0535897809315029e-07,492.0,ASK
1358,1712705724.453599,10805333.71166967,458.1,-1.0535897809315029e-07,492.0,ASK
1359,1712705725.4757886,10805875.71166967,458.1,-1.0535897809315029e-07,492.0,ASK
1360,1712705726.9134405,10806417.71166967,458.1,-1.0535897809315029e-07,492.0,ASK
1361,1712705727.9433565,10806959.71166967,458.1,-1.0535897809315029e-07,492.0,ASK
1362,1712705728.9234676,10807501.71166967,458.1,-1.0535897809315029e-07,492.0,ASK
1363,1712705730.2233,10807501.71166967,458.1,-0.0,492.0,ASK
1364,1712705730.2335703,10808043.71166967,458.1,-1.0525883653781345e-07,492.0,ASK
1365,1712705731.2334175,10808585.71166967,458.1,-1.0525883653781345e-07,492.0,ASK
1366,1712705732.353397,10809127.71166967,458.1,-1.0525883653781345e-07,492.0,ASK
1367,1712705733.7040136,10809669.71166967,458.1,-1.0525883653781345e-07,492.0,ASK
1368,1712705734.5635493,10810211.71166967,458.1,-1.0525883653781345e-07,492.0,ASK
1369,1712705735.8537226,10810753.71166967,458.1,-1.0525883653781345e-07,492.0,ASK
1370,1712705736.7569008,10811295.71166967,458.1,-1.0525883653781345e-07,492.0,ASK
1371,1712705737.5586362,10814436.30381252,458.1,-6.09917112539126e-07,492.0,ASK
1372,1712705737.5608535,10814666.24559778,458.1,-4.465572839079007e-08,492.0,ASK
1373,1712705738.0334456,10814688.07965891,458.0,-4.240272825704911e-09,492.0,ASK
1374,1712705738.0438652,10814989.90498643,458.0,-5.861583544710126e-08,492.0,ASK
1375,1712705738.0475512,10815208.24559778,458.0,-4.240272826500727e-08,492.0,ASK
1376,1712705742.3341866,10815300.8735109,458.0,-1.7988757132945082e-08,492.0,ASK
1377,1712705742.3365655,10815400.8735109,458.0,-1.9420449545722035e-08,492.0,ASK
1378,1712705742.3389835,10817883.76595978,458.0,-4.821888753092397e-07,492.0,ASK
1379,1712705742.414331,10818566.83639297,458.0,-1.3265534883942684e-07,492.0,ASK
1380,1712705742.4175022,10818597.77525759,458.0,-6.008466593262771e-09,492.0,ASK
1381,1712705742.4205203,10818952.26724253,458.0,-6.884393707910814e-08,492.0,ASK
1382,1712705744.323987,10818952.26724336,457.9,-1.609716573328954e-16,492.0,ASK
1383,1712705744.327063,10818963.18884196,457.9,-2.1210235457427203e-09,492.0,ASK
1384,1712705744.3305848,10818974.13248547,457.8,-2.125304766389583e-09,492.0,ASK
1385,1712705744.3343282,10819203.92715563,457.8,-4.462715797734815e-08,492.0,ASK
1386,1712705744.3370974,10819967.95259703,457.8,-1.483771753633426e-07,492.0,ASK
1387,1712705744.3388274,10822001.16943911,457.8,-3.948598509715407e-07,492.0,ASK
1388,1712705745.8777306,10825441.85759611,457.8,-6.6819710755575e-07,492.0,ASK
1389,1712705745.8796046,10825441.85759703,457.8,-1.7869662634258502e-16,492.0,ASK
1390,1712705760.1534111,10825441.85759703,457.8,-0.0,492.0,ASK
1391,1712705781.604072,10825454.9666204,457.7,-2.541775611734338e-09,492.0,ASK
1392,1712705781.6071851,10825554.9666204,457.7,-1.9389511636545882e-08,492.0,ASK
1393,1712705786.3130453,10825565.91744007,457.5,-2.123310454074407e-09,492.0,ASK
1394,1712705786.3230636,10825577.28356029,457.5,-2.2038352025315216e-09,492.0,ASK
1395,1712705786.3260434,10828840.45001051,457.5,-6.327120385854798e-07,492.0,ASK
1396,1712705790.1596737,10828840.45001051,457.5,-0.0,492.0,ASK
1397,1712705803.002877,10829277.60848045,457.6,-8.47373454980098e-08,492.0,ASK
1398,1712705820.2326312,10829277.60848045,457.6,-0.0,492.0,ASK
1399,1712705849.8529065,10829749.32890439,457.5,-9.143317444550809e-08,492.0,ASK
1400,1712705849.8570385,10851208.80890361,457.5,-4.159473024059215e-06,492.0,ASK
1401,1712705850.2428904,10851208.80890361,457.5,-0.0,492.0,ASK
1402,1712705852.2382083,10852115.96839202,457.4,-1.754926670790717e-07,492.0,ASK
1403,1712705852.2410288,10852263.93047219,457.4,-2.8623698927546e-08,492.0,ASK
1404,1712705852.2457862,10852515.06733261,457.4,-4.858316315953671e-08,492.0,ASK
1405,1712705852.2476096,10852515.0673327,457.4,-1.729604035824597e-17,492.0,ASK
1406,1712705863.9526846,10852535.81230519,457.4,-4.013175849700224e-09,492.0,ASK
1407,1712705880.1524315,10852535.81230519,457.4,-0.0,492.0,ASK
1408,1712705884.3283155,10853199.42533652,457.4,1.2836281732422973e-07,492.0,BID
1409,1712705900.122527,10853597.42533652,457.4,-7.698522916689096e-08,492.0,ASK
1410,1712705910.1549432,10853597.42533652,457.4,-0.0,492.0,ASK
1411,1712705922.976353,10853638.99704862,457.4,-8.040470374491726e-09,492.0,ASK
1412,1712705922.9802394,10854493.42533652,457.4,-1.652567332158403e-07,492.0,ASK
1413,1712705924.0927844,10855389.42533652,457.4,-1.7329720359033208e-07,492.0,ASK
1414,1712705925.4774957,10856285.42533652,457.4,-1.7329720359033208e-07,492.0,ASK
1415,1712705926.3444283,10857181.42533652,457.4,-1.7329720359033208e-07,492.0,ASK
1416,1712705926.644512,10858031.78585491,457.4,-1.644699775453865e-07,492.0,ASK
1417,1712705937.182476,10861018.30783173,457.3,-5.776293605403697e-07,492.0,ASK
1418,1712705937.186546,10861029.26344073,457.3,-2.118946878591048e-09,492.0,ASK
1419,1712705937.665418,10862386.4401213,457.3,2.624943342866869e-07,492.0,BID
1420,1712705938.5639582,10862587.04816882,457.3,3.880001523743104e-08,492.0,BID
1421,1712705940.2325714,10862587.04816882,457.3,0.0,492.0,BID
1422,1712705943.5057964,10862598.42174712,457.2,-2.19803931362979e-09,492.0,ASK
1423,1712705943.5118096,10862696.36167997,457.2,-1.892771272904408e-08,492.0,ASK
1424,1712705944.569017,10862748.84363929,457.3,1.0142578421068512e-08,492.0,BID
1425,1712705951.972351,10865237.97111243,457.3,4.810447422920069e-07,492.0,BID
1426,1712705952.081051,10865812.38514443,457.3,1.1101032509330405e-07,492.0,BID
1427,1712705952.0963116,10866908.08468264,457.4,2.117531173776981e-07,492.0,BID
1428,1712705952.0995104,10866908.08468291,457.3,5.2195908603315055e-17,492.0,BID
1429,1712705957.4626236,10869549.80191552,457.5,5.105339919640921e-07,492.0,BID
1430,1712705957.6833754,10871482.65009917,457.5,-3.735391081517736e-07,492.0,ASK
1431,1712705957.6853952,10871810.42674429,457.4,-6.334558333498586e-08,492.0,ASK
1432,1712705957.6880937,10874009.09224417,457.1,-4.249105319794098e-07,492.0,ASK
1433,1712705957.691353,10875924.14213596,457.2,-3.700994391056953e-07,492.0,ASK
1434,1712705957.6946445,10878409.77191552,457.1,-4.803687836981654e-07,492.0,ASK
1435,1712705957.7634702,10878529.77191552,457.0,-2.3191005562369983e-08,492.0,ASK
1436,1712705957.7676828,10878529.7723705,457.1,-8.792886766136107e-14,492.0,ASK
1437,1712705957.7717087,10878740.26371879,457.0,-4.067921690833229e-08,492.0,ASK
1438,1712705957.7751012,10880108.34603283,457.2,-2.643933712891126e-07,492.0,ASK
1439,1712705957.785656,10880673.11190244,457.2,-1.0914573686302085e-07,492.0,ASK
1440,1712705957.7876346,10881108.34603283,457.0,-8.411264282339574e-08,492.0,ASK
1441,1712705957.882373,10882090.28973683,457.6,1.8976884917826853e-07,492.0,BID
1442,1712705962.132218,10905104.14707278,457.0,-4.447620779080276e-06,492.0,ASK
1443,1712705970.2320282,10905104.14707278,457.0,-0.0,492.0,ASK
1444,1712705984.322026,10905115.07125892,457.7,2.103290215582816e-09,492.0,BID
1445,1712706000.1719413,10905115.07125892,457.7,0.0,492.0,BID
1446,1712706003.2318337,10911312.33397892,457.7,1.1944650987754214e-06,492.0,BID
1447,1712706003.338166,10911312.33397964,457.7,1.3893595409423108e-16,492.0,BID
1448,1712706026.276136,10911702.00824109,457.1,-7.510611155662454e-08,492.0,ASK
1449,1712706026.2782075,10911723.85661338,457.7,-4.2110717819222334e-09,492.0,ASK
1450,1712706030.1517346,10911723.85661338,457.7,-0.0,492.0,ASK
1451,1712706060.2313962,10911723.85661338,457.7,-0.0,492.0,ASK
1452,1712706077.6315205,10917449.46290538,457.7,1.1029147217227654e-06,492.0,BID
1453,1712706077.6517217,10917449.46290571,457.7,6.350732854205793e-17,492.0,BID
1454,1712706077.6559732,10917808.26290571,458.6,6.911509139317065e-08,492.0,BID
1455,1712706090.2416685,10917808.26290571,458.6,0.0,492.0,BID
1456,1712706119.1128194,10920294.08933343,458.6,4.785841557019859e-07,492.0,BID
1457,1712706120.1522532,10920294.08933343,458.6,0.0,492.0,BID
1458,1712706120.555965,10920621.17175821,457.3,-6.295778155826839e-08,492.0,ASK
1459,1712706130.0417085,10926118.41601121,457.3,-1.0581256485586129e-06,492.0,ASK
1460,1712706150.1611855,10926118.41601121,457.3,-0.0,492.0,ASK
1461,1712706169.1916697,10928057.4443165,458.6,3.730385919660234e-07,492.0,BID
1462,1712706171.8812356,10928107.4443165,458.0,-9.619214710488216e-09,492.0,ASK
1463,1712706180.2372694,10928107.4443165,458.0,-0.0,492.0,ASK
1464,1712706184.7723627,10937553.1040605,458.6,1.816877755490456e-06,492.0,BID
1465,1712706210.2210617,10937553.1040605,458.6,0.0,492.0,BID
1466,1712706240.1610923,10937553.1040605,458.6,0.0,492.0,BID
1467,1712706248.04096,10937553.10406078,458.6,5.36973783963495e-17,492.0,BID
1468,1712706270.1545732,10937553.10406078,458.6,0.0,492.0,BID
1469,1712706289.4534233,10937574.82673601,458.6,-4.174889715688833e-09,492.0,ASK
1470,1712706289.6106412,10937712.82673601,458.6,2.6522275670724018e-08,492.0,BID
1471,1712706297.560705,10937832.84057935,458.3,-2.3065508966220007e-08,492.0,ASK
1472,1712706299.9711103,10937922.85096186,458.3,-1.7299131725917943e-08,492.0,ASK
1473,1712706300.1719687,10937922.85096186,458.3,-0.0,492.0,ASK
1474,1712706330.1506033,10937922.85096186,458.3,-0.0,492.0,ASK
1475,1712706360.2431304,10937922.85096186,458.3,-0.0,492.0,ASK
1476,1712706361.300568,10939107.93254819,458.3,-2.282882147877066e-07,492.0,ASK
1477,1712706390.2403443,10939107.93254819,458.3,-0.0,492.0,ASK
1478,1712706420.1603796,10939107.93254819,458.3,-0.0,492.0,ASK
1479,1712706450.160394,10939107.93254819,458.3,-0.0,492.0,ASK
1480,1712706480.2406092,10939107.93254819,458.3,-0.0,492.0,ASK
1481,1712706510.2309308,10939107.93254819,458.3,-0.0,492.0,ASK
1482,1712706540.1623387,10939107.93254819,458.3,-0.0,492.0,ASK
1483,1712706570.145424,10939107.93254819,458.3,-0.0,492.0,ASK
1484,1712706573.2131188,10939157.93254819,458.6,-9.630743375889031e-09,492.0,ASK
1485,1712706573.2152638,10939457.93254819,458.6,-5.77844602553342e-08,492.0,ASK
1486,1712706573.6007135,10950104.85554219,458.5,-2.050755661961484e-06,492.0,ASK
1487,1712706574.380606,10950104.85554252,458.5,-6.350284731136109e-17,492.0,ASK
1488,1712706574.3851197,10955074.26614719,458.5,-9.571823652600904e-07,492.0,ASK
1489,1712706574.4998794,10955074.26614801,458.5,-1.5786018540677332e-16,492.0,ASK
1490,1712706591.6988797,10955292.36865601,458.5,-4.2009785683555216e-08,492.0,ASK
1491,1712706600.1904688,10955292.36865601,458.5,-0.0,492.0,ASK
1492,1712706601.048139,10959601.00689284,458.5,-8.290168001984627e-07,492.0,ASK
1493,1712706601.052063,10959601.00689301,458.5,-3.297169346118471e-17,492.0,ASK
1494,1712706601.0622778,10960266.7538736,458.5,-1.2809509669942585e-07,492.0,ASK
1495,1712706601.0701027,10962445.59902027,458.5,-4.192274060469827e-07,492.0,ASK
1496,1712706605.6604297,10962663.79670737,458.3,-4.198299751023007e-08,492.0,ASK
1497,1712706605.6650236,10966343.65051491,458.3,-7.08033596937557e-07,492.0,ASK
1498,1712706605.780055,10966354.58460482,458.2,-2.103807219874106e-09,492.0,ASK
1499,1712706611.1806552,10966454.58460482,457.2,-1.9240807759446384e-08,492.0,ASK
1500,1712706611.185138,10966465.54021382,457.3,-2.107947666442816e-09,492.0,ASK
1501,1712706611.1886866,10966476.47907844,458.0,-2.1047259126777307e-09,492.0,ASK
1502,1712706611.1922772,10966561.23887223,457.1,-1.63084689804481e-08,492.0,ASK
1503,1712706630.14974,10966561.23887223,457.1,-0.0,492.0,ASK
1504,1712706660.2300873,10966561.23887223,457.1,-0.0,492.0,ASK
1505,1712706668.0598185,10966583.04912304,458.5,4.192301585975151e-09,492.0,BID
1506,1712706690.2498066,10966583.04912304,458.5,0.0,492.0,BID
1507,1712706720.1700404,10966583.04912304,458.5,0.0,492.0,BID
1508,1712706750.1402233,10966583.04912304,458.5,0.0,492.0,BID
1509,1712706755.0103528,10970691.25809104,458.5,7.896661995029214e-07,492.0,BID
1510,1712706755.0150793,10985801.52837704,458.5,2.9044456606633006e-06,492.0,BID
1511,1712706755.0522015,10989460.48231404,458.5,7.033118987115518e-07,492.0,BID
1512,1712706761.499792,10989482.29256485,458.5,4.192293527673139e-09,492.0,BID
1513,1712706780.24992,10989482.29256485,458.5,0.0,492.0,BID
1514,1712706805.781916,10989506.27969811,458.1,-4.601440242646506e-09,492.0,ASK
1515,1712706805.7857013,10991663.31764664,458.0,-4.137835527960593e-07,492.0,ASK
1516,1712706810.2298582,10991663.31764664,458.0,-0.0,492.0,ASK
1517,1712706840.154407,10991663.31764664,458.0,-0.0,492.0,ASK
1518,1712706849.4696972,10992753.83018753,458.5,2.0915241856742e-07,492.0,BID
1519,1712706850.9597998,10993844.34272842,458.5,2.0915241856742e-07,492.0,BID
1520,1712706852.4195628,10994934.85526931,458.5,2.0915241856742e-07,492.0,BID
1521,1712706861.3098383,10994956.66552012,458.5,4.1830483700980535e-09,492.0,BID
1522,1712706870.1414304,10994956.66552012,458.5,0.0,492.0,BID
1523,1712706883.6993425,10995751.94290868,458.5,1.5248429101197392e-07,492.0,BID
1524,1712706900.2296684,10995751.94290868,458.5,0.0,492.0,BID
1525,1712706904.9454205,10996843.40765436,458.1,-2.101713851087875e-07,492.0,ASK
1526,1712706904.9519565,11000617.80189068,458.1,-7.267936667070318e-07,492.0,ASK
1527,1712706905.0736566,11000617.8018914,458.1,-1.3844628425828612e-16,492.0,ASK
1528,1712706910.1460986,11000836.14250275,458.0,-4.204345481108598e-08,492.0,ASK
1529,1712706930.2393613,11000836.14250275,458.0,-0.0,492.0,ASK
1530,1712706960.1593466,11000836.14250275,458.0,-0.0,492.0,ASK
1531,1712706990.1621232,11000836.14250275,458.0,-0.0,492.0,ASK
1532,1712706996.19064,11011745.69437941,458.5,2.099790937770313e-06,492.0,BID
1533,1712706996.1959202,11012182.37560212,458.0,8.40492152665026e-08,492.0,BID
1534,1712707020.245478,11012182.37560212,458.0,0.0,492.0,BID
1535,1712707050.2294605,11012182.37560212,458.0,0.0,492.0,BID
1536,1712707078.620294,11012200.97243021,457.5,-3.5758015023939273e-09,492.0,ASK
1537,1712707080.1598735,11012200.97243021,457.5,-0.0,492.0,ASK
1538,1712707110.1606102,11012200.97243021,457.5,-0.0,492.0,ASK
1539,1712707137.0296068,11012222.8303537,457.5,-4.202838645906873e-09,492.0,ASK
1540,1712707137.0402098,11012667.60809873,457.3,-8.552180615830748e-08,492.0,ASK
1541,1712707137.0430827,11012717.60809873,457.7,-9.613993406120325e-09,492.0,ASK
1542,1712707140.2413747,11012717.60809873,457.7,-0.0,492.0,ASK
1543,1712707148.4798713,11013366.20450634,457.3,-1.2470636602951005e-07,492.0,ASK
1544,1712707148.4822783,11023672.9656401,457.2,-1.981692638822248e-06,492.0,ASK
1545,1712707170.2095084,11023672.9656401,457.2,-0.0,492.0,ASK
1546,1712707187.8999994,11023687.7075401,457.3,-2.8317147071829707e-09,492.0,ASK
1547,1712707187.910278,11025545.68400211,457.2,-3.568915318118381e-07,492.0,ASK
1548,1712707187.914107,11026395.68400211,457.6,-1.6327322129357613e-07,492.0,ASK
1549,1712707188.039575,11028426.87302457,457.2,-3.901632644153477e-07,492.0,ASK
1550,1712707200.211222,11028426.87302457,457.2,-0.0,492.0,ASK
1551,1712707206.1528754,50.0,457.6,-1.0053231760176996e-08,457.6,ASK
1552,1712707215.9100654,230.62651787,457.2,-3.6317604923617234e-08,457.6,ASK
1553,1712707216.583817,290.68329882,457.9,1.207529475321066e-08,457.9,BID
1554,1712707216.815215,552.55610583,457.2,-5.265336041119266e-08,457.9,ASK
1555,1712707224.2285504,1382.8677974,457.2,-1.669463173707562e-07,457.9,ASK
1556,1712707224.2309754,1450.3765463,457.2,-1.3573621970625877e-08,457.9,ASK
1557,1712707224.2333426,1481.6707006,457.2,-6.292147718332779e-09,457.9,ASK
1558,1712707224.8599749,1700.05899498,457.9,4.391016274223802e-08,457.9,BID
1559,1712707230.1958315,1700.05899498,457.9,0.0,457.9,BID
1560,1712707230.7868772,2358.2871679,457.2,-1.3232572176798228e-07,457.9,ASK
1561,1712707238.7309122,3887.28559165,457.2,-3.073794594772173e-07,457.9,ASK
1562,1712707238.7364955,6202.84453915,457.1,-4.655042455338466e-07,457.9,ASK
1563,1712707238.738812,6220.34617992,457.1,-3.518411004409754e-09,457.9,ASK
1564,1712707238.7412736,6442.36471092,457.0,-4.46330977146017e-08,457.9,ASK
1565,1712707253.151023,6566.44747261,457.1,-2.4944755747471362e-08,457.9,ASK
1566,1712707260.3914292,6566.44747261,457.1,-0.0,457.9,ASK
1567,1712707260.4173,6566.44747261,457.1,-0.0,457.9,ASK
1568,1712707268.890435,7496.81071585,457.1,-1.869502997182113e-07,457.9,ASK
1569,1712707274.9335363,8220.57779457,457.1,-1.4543617589799114e-07,457.9,ASK
1570,1712707276.8397398,11453.57980869,457.1,-6.496502306179338e-07,457.9,ASK
1571,1712707288.1708355,14317.89958304,457.1,-5.755659890847559e-07,457.9,ASK
1572,1712707288.5504372,18401.97712606,457.1,-8.206681920075002e-07,457.9,ASK
1573,1712707290.302533,18401.97712606,457.1,-0.0,457.9,ASK
1574,1712707292.1995602,25573.23851606,457.1,-1.439452393072652e-06,457.9,ASK
