,time,acc_trade_volume,trade_price,dev,high,ask_bid
0,1712689619.1181414,363241457.61817634,19.67,0.0,20.5,BID
1,1712689620.2631707,363241457.61817634,19.67,0.0,20.5,BID
2,1712689650.2826245,363241457.61817634,19.67,0.0,20.5,BID
3,1712689680.2726862,363241457.61817634,19.67,0.0,20.5,BID
4,1712689710.2634337,363241457.61817634,19.67,0.0,20.5,BID
5,1712689740.3920405,363241457.61817634,19.67,0.0,20.5,BID
6,1712689761.6519997,363278982.977634,19.64,-4.3321973239121794e-06,20.5,ASK
7,1712689770.4021285,363278982.977634,19.64,-0.0,20.5,ASK
8,1712689800.2736187,363278982.977634,19.64,-0.0,20.5,ASK
9,1712689803.5519524,363289150.7458089,19.67,1.1737460858038767e-06,20.5,BID
10,1712689806.3421838,363295201.0054681,19.67,6.98429436126312e-07,20.5,BID
11,1712689806.343516,363299318.5139838,19.67,4.753166496775647e-07,20.5,BID
12,1712689830.2755733,363299318.5139838,19.67,0.0,20.5,BID
13,1712689845.0432444,363335726.7943972,19.67,4.20270237567217e-06,20.5,BID
14,1712689845.044958,363349043.2562577,19.68,1.5371537809911958e-06,20.5,BID
15,1712689845.04639,363383388.3581821,19.67,3.964544323744761e-06,20.5,BID
16,1712689860.402221,363383388.3581821,19.67,0.0,20.5,BID
17,1712689874.3423016,363390502.17932034,19.68,8.210101199683376e-07,20.5,BID
18,1712689890.3935516,363390502.17932034,19.68,0.0,20.5,BID
19,1712689920.2625368,363390502.17932034,19.68,0.0,20.5,BID
20,1712689950.273953,363390502.17932034,19.68,0.0,20.5,BID
21,1712689980.3924153,363390502.17932034,19.68,0.0,20.5,BID
22,1712690010.402022,363390502.17932034,19.68,0.0,20.5,BID
23,1712690040.2551358,363390502.17932034,19.68,0.0,20.5,BID
24,1712690070.2544703,363390502.17932034,19.68,0.0,20.5,BID
25,1712690100.2938263,363390502.17932034,19.68,0.0,20.5,BID
26,1712690130.25204,363390502.17932034,19.68,0.0,20.5,BID
27,1712690160.3941233,363390502.17932034,19.68,0.0,20.5,BID
28,1712690190.4438508,363390502.17932034,19.68,0.0,20.5,BID
29,1712690220.2634594,363390502.17932034,19.68,0.0,20.5,BID
30,1712690229.7223625,363395583.4801333,19.68,5.86429162519447e-07,20.5,BID
31,1712690242.502457,363398115.6490082,19.68,2.922357339855817e-07,20.5,BID
32,1712690250.3122249,363398115.6490082,19.68,0.0,20.5,BID
33,1712690277.592331,363399680.18152857,19.68,1.805584169060149e-07,20.5,BID
34,1712690280.3958523,363399680.18152857,19.68,0.0,20.5,BID
35,1712690310.4039173,363399680.18152857,19.68,0.0,20.5,BID
36,1712690340.2638092,363399680.18152857,19.68,0.0,20.5,BID
37,1712690370.2742891,363399680.18152857,19.68,0.0,20.5,BID
38,1712690400.2923434,363399680.18152857,19.68,0.0,20.5,BID
39,1712690430.2657032,363399680.18152857,19.68,0.0,20.5,BID
40,1712690447.8951445,363402220.8319351,19.68,2.934627205520819e-07,20.5,BID
41,1712690460.40208,363402220.8319351,19.68,0.0,20.5,BID
42,1712690490.404198,363402220.8319351,19.68,0.0,20.5,BID
43,1712690520.2641203,363402220.8319351,19.68,0.0,20.5,BID
44,1712690535.0021465,363403781.2994147,19.68,1.80243761991354e-07,20.5,BID
45,1712690550.2834945,363403781.2994147,19.68,0.0,20.5,BID
46,1712690580.392564,363403781.2994147,19.68,0.0,20.5,BID
47,1712690610.3954024,363403781.2994147,19.68,0.0,20.5,BID
48,1712690640.2543817,363403781.2994147,19.68,0.0,20.5,BID
49,1712690670.2643754,363403781.2994147,19.68,0.0,20.5,BID
50,1712690700.4021504,363403781.2994147,19.68,0.0,20.5,BID
51,1712690730.404338,363403781.2994147,19.68,0.0,20.5,BID
52,1712690760.234305,363403781.2994147,19.68,0.0,20.5,BID
53,1712690772.6231236,363451034.6022602,19.68,5.464224308634165e-06,20.5,BID
54,1712690790.2656815,363451034.6022602,19.68,0.0,20.5,BID
55,1712690792.3320673,363452584.3990082,19.68,1.7919438410628614e-07,20.5,BID
56,1712690813.0019062,363455678.3338624,19.68,3.577344909174435e-07,20.5,BID
57,1712690813.0033138,363554210.4152684,19.68,1.1392716925772516e-05,20.5,BID
58,1712690820.404282,363554210.4152684,19.68,0.0,20.5,BID
59,1712690850.4117606,363554210.4152684,19.68,0.0,20.5,BID
60,1712690880.2748177,363554210.4152684,19.68,0.0,20.5,BID
61,1712690910.261726,363554210.4152684,19.68,0.0,20.5,BID
62,1712690932.202263,363555151.4688072,19.68,1.0878325063207933e-07,20.5,BID
63,1712690940.394926,363555151.4688072,19.68,0.0,20.5,BID
64,1712690970.4018357,363555151.4688072,19.68,0.0,20.5,BID
65,1712691000.334635,363555151.4688072,19.68,0.0,20.5,BID
66,1712691030.254743,363555151.4688072,19.68,0.0,20.5,BID
67,1712691049.742701,363556684.7344243,19.69,1.773254487452751e-07,20.5,BID
68,1712691060.385427,363556684.7344243,19.69,0.0,20.5,BID
69,1712691090.414829,363556684.7344243,19.69,0.0,20.5,BID
70,1712691120.282228,363556684.7344243,19.69,0.0,20.5,BID
71,1712691150.2616322,363556684.7344243,19.69,0.0,20.5,BID
72,1712691168.8617542,363557171.98642415,19.69,5.635153941288089e-08,20.5,BID
73,1712691168.8637433,363606425.9224323,19.69,5.69630317993319e-06,20.5,BID
74,1712691180.3758128,363606425.9224323,19.69,0.0,20.5,BID
75,1712691210.3951733,363606425.9224323,19.69,0.0,20.5,BID
76,1712691240.261492,363606425.9224323,19.69,0.0,20.5,BID
77,1712691270.264913,363606425.9224323,19.69,0.0,20.5,BID
78,1712691300.3914962,363606425.9224323,19.69,0.0,20.5,BID
79,1712691307.2229364,363607961.4554271,19.7,1.7761109955384637e-07,20.5,BID
80,1712691307.2312715,363607961.4554272,19.69,2.068294175368735e-17,20.5,BID
81,1712691330.3915975,363607961.4554272,19.69,0.0,20.5,BID
82,1712691360.2816305,363607961.4554272,19.69,0.0,20.5,BID
83,1712691390.2849677,363607961.4554272,19.69,0.0,20.5,BID
84,1712691420.385368,363607961.4554272,19.69,0.0,20.5,BID
85,1712691450.4014242,363607961.4554272,19.69,0.0,20.5,BID
86,1712691480.2554915,363607961.4554272,19.69,0.0,20.5,BID
87,1712691510.2613857,363607961.4554272,19.69,0.0,20.5,BID
88,1712691535.02156,363610499.5264932,19.7,2.935710382217999e-07,20.5,BID
89,1712691540.3919027,363610499.5264932,19.7,0.0,20.5,BID
90,1712691564.5713975,363612035.5671023,19.7,1.7766816481485706e-07,20.5,BID
91,1712691570.391846,363612035.5671023,19.7,0.0,20.5,BID
92,1712691600.2635968,363612035.5671023,19.7,0.0,20.5,BID
93,1712691630.268357,363612035.5671023,19.7,0.0,20.5,BID
94,1712691660.391302,363612035.5671023,19.7,0.0,20.5,BID
95,1712691660.644528,363612543.43911856,19.69,5.87716512449428e-08,20.5,BID
96,1712691660.7414403,363613051.3111348,19.69,5.87716512449428e-08,20.5,BID
97,1712691681.8415496,363615591.9615413,19.67,-2.9400757444200965e-07,20.5,ASK
98,1712691690.4016776,363615591.9615413,19.67,-0.0,20.5,ASK
99,1712691720.271397,363615591.9615413,19.67,-0.0,20.5,ASK
100,1712691750.2553482,363615591.9615413,19.67,-0.0,20.5,ASK
101,1712691780.3952308,363615591.9615413,19.67,-0.0,20.5,ASK
102,1712691810.4420338,363615591.9615413,19.67,-0.0,20.5,ASK
103,1712691821.9517896,363615995.2119222,19.69,4.666431322502889e-08,20.5,BID
104,1712691840.2556295,363615995.2119222,19.69,0.0,20.5,BID
105,1712691870.2550817,363615995.2119222,19.69,0.0,20.5,BID
106,1712691900.301567,363615995.2119222,19.69,0.0,20.5,BID
107,1712691930.2691858,363615995.2119222,19.69,0.0,20.5,BID
108,1712691960.385643,363615995.2119222,19.69,0.0,20.5,BID
109,1712691990.398637,363615995.2119222,19.69,0.0,20.5,BID
110,1712692020.2552965,363615995.2119222,19.69,0.0,20.5,BID
111,1712692026.683844,363620162.8096876,19.69,4.823368325759515e-07,20.5,BID
112,1712692026.6854234,363621425.125584,19.69,1.460941015548124e-07,20.5,BID
113,1712692050.2549431,363621425.125584,19.69,0.0,20.5,BID
114,1712692061.641608,363628423.7323135,19.69,-8.099735681860604e-07,20.5,ASK
115,1712692079.3416069,363629883.12317646,19.7,1.6890047838396673e-07,20.5,BID
116,1712692080.3817632,363629883.12317646,19.7,0.0,20.5,BID
117,1712692100.9616437,363651251.2297754,19.7,2.472959062601229e-06,20.5,BID
118,1712692101.061659,363675137.3852524,19.7,2.764376168937501e-06,20.5,BID
119,1712692101.063686,363770647.5893341,19.7,1.1053521455474648e-05,20.5,BID
120,1712692101.1612608,363824225.5712043,19.71,6.200650263895908e-06,20.5,BID
121,1712692110.395597,363824225.5712043,19.71,0.0,20.5,BID
122,1712692140.273924,363824225.5712043,19.71,0.0,20.5,BID
123,1712692170.2545087,363824225.5712043,19.71,0.0,20.5,BID
124,1712692200.284911,363824225.5712043,19.71,0.0,20.5,BID
125,1712692230.264723,363824225.5712043,19.71,0.0,20.5,BID
126,1712692260.385924,363824225.5712043,19.71,0.0,20.5,BID
127,1712692271.0715318,363875038.5793344,19.71,5.88408703984435e-06,20.5,BID
128,1712692281.2116375,363925851.58746445,19.71,-5.88408703984435e-06,20.5,ASK
129,1712692290.3965027,363925851.58746445,19.71,-0.0,20.5,ASK
130,1712692320.271231,363925851.58746445,19.71,-0.0,20.5,ASK
131,1712692336.781703,363927341.4454766,19.72,1.7248381131559677e-07,20.5,BID
132,1712692350.2649114,363927341.4454766,19.72,0.0,20.5,BID
133,1712692380.3859131,363927341.4454766,19.72,0.0,20.5,BID
134,1712692410.3914592,363927341.4454766,19.72,0.0,20.5,BID
135,1712692439.9023466,363927967.3495292,19.72,7.246190470292899e-08,20.5,BID
136,1712692439.904609,363948324.8680026,19.72,2.3568221959707465e-06,20.5,BID
137,1712692440.2378848,363948324.8680026,19.72,0.0,20.5,BID
138,1712692459.2237022,363948324.8680027,19.72,1.3800387375346445e-17,20.5,BID
139,1712692459.231261,363993457.9103416,19.73,5.224873582009651e-06,20.5,BID
140,1712692459.23288,363993964.7527136,19.73,5.8675134287126326e-08,20.5,BID
141,1712692470.2612066,363993964.7527136,19.73,0.0,20.5,BID
142,1712692500.386531,363993964.7527136,19.73,0.0,20.5,BID
143,1712692519.7116094,363993964.7527141,19.73,5.5209945443491856e-17,20.5,BID
144,1712692519.7136807,363995484.509553,19.74,1.759629901331623e-07,20.5,BID
145,1712692519.7157366,363996497.16778034,19.75,1.172492632373079e-07,20.5,BID
146,1712692530.401106,363996497.16778034,19.75,0.0,20.5,BID
147,1712692560.2672837,363996497.16778034,19.75,0.0,20.5,BID
148,1712692590.2635138,363996497.16778034,19.75,0.0,20.5,BID
149,1712692594.2715678,363996844.1917804,19.74,4.017947189170936e-08,20.5,BID
150,1712692594.2735946,363998084.1789318,19.75,1.435694040992714e-07,20.5,BID
151,1712692620.3965518,363998084.1789318,19.75,0.0,20.5,BID
152,1712692650.4009,363998084.1789318,19.75,0.0,20.5,BID
153,1712692680.3104496,363998084.1789318,19.75,0.0,20.5,BID
154,1712692710.2639866,363998084.1789318,19.75,0.0,20.5,BID
155,1712692740.3793871,363998084.1789318,19.75,0.0,20.5,BID
156,1712692770.382667,363998084.1789318,19.75,0.0,20.5,BID
157,1712692800.3529458,363998084.1789318,19.75,0.0,20.5,BID
158,1712692830.2561336,363998084.1789318,19.75,0.0,20.5,BID
159,1712692837.3472786,363998387.9764001,19.75,3.518418703034049e-08,20.5,BID
160,1712692860.3873026,363998387.9764001,19.75,0.0,20.5,BID
161,1712692890.3866982,363998387.9764001,19.75,0.0,20.5,BID
162,1712692897.8766918,364024922.6739625,19.72,-3.0731036644021e-06,20.5,ASK
163,1712692920.2610338,364024922.6739625,19.72,-0.0,20.5,ASK
164,1712692923.5965204,364025036.5980131,19.75,1.3193261430001669e-08,20.5,BID
165,1712692923.599224,364026556.354852,19.74,1.759992660516981e-07,20.5,BID
166,1712692950.2599,364026556.354852,19.74,0.0,20.5,BID
167,1712692980.3953066,364026556.354852,19.74,0.0,20.5,BID
168,1712693010.3853168,364026556.354852,19.74,0.0,20.5,BID
169,1712693021.2046378,364027175.3822834,19.72,-7.168776208062746e-08,20.5,ASK
170,1712693040.240573,364027175.3822834,19.72,-0.0,20.5,ASK
171,1712693070.2693417,364027175.3822834,19.72,-0.0,20.5,ASK
172,1712693100.3898675,364027175.3822834,19.72,-0.0,20.5,ASK
173,1712693130.4133587,364027175.3822834,19.72,-0.0,20.5,ASK
174,1712693160.2573154,364027175.3822834,19.72,-0.0,20.5,ASK
175,1712693167.9533963,364032747.8240261,19.74,6.459953697171131e-07,20.5,BID
176,1712693167.9561045,364068842.04895,19.75,4.184288190204953e-06,20.5,BID
177,1712693190.2458527,364068842.04895,19.75,0.0,20.5,BID
178,1712693220.407612,364068842.04895,19.75,0.0,20.5,BID
179,1712693250.393359,364068842.04895,19.75,0.0,20.5,BID
180,1712693262.2220025,364070302.4951975,19.72,-1.6928871925350138e-07,20.5,ASK
181,1712693266.9622934,364071762.941445,19.72,-1.692887192604105e-07,20.5,ASK
182,1712693268.1018827,364073223.38769245,19.72,-1.6928871925350138e-07,20.5,ASK
183,1712693271.5320046,364074683.8339399,19.72,-1.6928871925350138e-07,20.5,ASK
184,1712693275.2117455,364076144.28018737,19.72,-1.6928871925350138e-07,20.5,ASK
185,1712693278.0418153,364077604.7264348,19.72,-1.6928871925350138e-07,20.5,ASK
186,1712693280.254841,364077604.7264348,19.72,-0.0,20.5,ASK
187,1712693283.842114,364079632.09592295,19.73,2.3499934368527655e-07,20.5,BID
188,1712693283.851745,364082551.507985,19.73,3.383990548089671e-07,20.5,BID
189,1712693283.853986,364085470.9200479,19.73,3.383990549056928e-07,20.5,BID
190,1712693283.8719862,364085470.9200487,19.73,8.9816721768556e-17,20.5,BID
191,1712693286.1618712,364086931.3662961,19.72,-1.692853284275308e-07,20.5,ASK
192,1712693297.9620807,364088391.8125436,19.72,-1.692853284275308e-07,20.5,ASK
193,1712693301.0518014,364089852.2587911,19.72,-1.692853284344398e-07,20.5,ASK
194,1712693302.7817528,364091311.9648225,19.73,1.6919952744593745e-07,20.5,BID
195,1712693302.7841835,364096887.2309148,19.73,6.46248195131056e-07,20.5,BID
196,1712693304.0218816,364098347.67716223,19.72,-1.692853284275308e-07,20.5,ASK
197,1712693310.2617629,364098347.67716223,19.72,-0.0,20.5,ASK
198,1712693313.5619245,364103922.9432545,19.73,6.462175438796315e-07,20.5,BID
199,1712693313.5649345,364105382.6492859,19.73,1.6919150239973678e-07,20.5,BID
200,1712693313.6316795,364106841.6158512,19.74,1.6910579241228889e-07,20.5,BID
201,1712693313.6414795,364115331.9907246,19.74,9.841017642084466e-07,20.5,BID
202,1712693314.702106,364116792.4369721,19.72,-1.6927729930492176e-07,20.5,ASK
203,1712693338.311296,364118252.88321954,19.72,-1.6927729930492176e-07,20.5,ASK
204,1712693340.3814776,364118252.88321954,19.72,-0.0,20.5,ASK
205,1712693342.5817037,364119713.329467,19.72,-1.6926959269153197e-07,20.5,ASK
206,1712693370.3811448,364119713.329467,19.72,-0.0,20.5,ASK
207,1712693400.2822838,364119713.329467,19.72,-0.0,20.5,ASK
208,1712693413.810755,364122245.7445338,19.72,-2.9369058344114786e-07,20.5,ASK
209,1712693430.262601,364122245.7445338,19.72,-0.0,20.5,ASK
210,1712693460.3857849,364122245.7445338,19.72,-0.0,20.5,ASK
211,1712693490.3902314,364122245.7445338,19.72,-0.0,20.5,ASK
212,1712693520.2459447,364122245.7445338,19.72,-0.0,20.5,ASK
213,1712693550.2702336,364122245.7445338,19.72,-0.0,20.5,ASK
214,1712693580.374358,364122245.7445338,19.72,-0.0,20.5,ASK
215,1712693610.383978,364122245.7445338,19.72,-0.0,20.5,ASK
216,1712693640.2796977,364122245.7445338,19.72,-0.0,20.5,ASK
217,1712693670.2520273,364122245.7445338,19.72,-0.0,20.5,ASK
218,1712693700.2690103,364122245.7445338,19.72,-0.0,20.5,ASK
219,1712693730.2485042,364122245.7445338,19.72,-0.0,20.5,ASK
220,1712693760.372524,364122245.7445338,19.72,-0.0,20.5,ASK
221,1712693790.3783617,364122245.7445338,19.72,-0.0,20.5,ASK
222,1712693820.2513463,364122245.7445338,19.72,-0.0,20.5,ASK
223,1712693850.263774,364122245.7445338,19.72,-0.0,20.5,ASK
224,1712693853.988034,364123766.2716498,19.73,1.76459946274329e-07,20.5,BID
225,1712693853.9907796,364125422.1914338,19.73,1.9217251242943934e-07,20.5,BID
226,1712693880.3786256,364125422.1914338,19.73,0.0,20.5,BID
227,1712693910.3774257,364125422.1914338,19.73,0.0,20.5,BID
228,1712693914.997557,364125831.09503376,19.73,4.74536637541467e-08,20.5,BID
229,1712693940.2576036,364125831.09503376,19.73,0.0,20.5,BID
230,1712693970.2554128,364125831.09503376,19.73,0.0,20.5,BID
231,1712694000.3027444,364125831.09503376,19.73,0.0,20.5,BID
232,1712694030.2415388,364125831.09503376,19.73,0.0,20.5,BID
233,1712694060.378981,364125831.09503376,19.73,0.0,20.5,BID
234,1712694079.5266142,364126337.93740577,19.73,5.8858480718511385e-08,20.5,BID
235,1712694090.3766968,364126337.93740577,19.73,0.0,20.5,BID
236,1712694120.2518334,364126337.93740577,19.73,0.0,20.5,BID
237,1712694150.2825823,364126337.93740577,19.73,0.0,20.5,BID
238,1712694180.3826013,364126337.93740577,19.73,0.0,20.5,BID
239,1712694210.3910744,364126337.93740577,19.73,0.0,20.5,BID
240,1712694240.2440746,364126337.93740577,19.73,0.0,20.5,BID
241,1712694270.2417128,364126337.93740577,19.73,0.0,20.5,BID
242,1712694300.375884,364126337.93740577,19.73,0.0,20.5,BID
243,1712694330.3707993,364126337.93740577,19.73,0.0,20.5,BID
244,1712694360.2587392,364126337.93740577,19.73,0.0,20.5,BID
245,1712694390.2554586,364126337.93740577,19.73,0.0,20.5,BID
246,1712694420.3950498,364126337.93740577,19.73,0.0,20.5,BID
247,1712694450.3951268,364126337.93740577,19.73,0.0,20.5,BID
248,1712694476.0148182,364126685.6837127,19.73,4.040242836472464e-08,20.5,BID
249,1712694480.228983,364126685.6837127,19.73,0.0,20.5,BID
250,1712694510.2315984,364126685.6837127,19.73,0.0,20.5,BID
251,1712694530.1947556,364127699.3684567,19.73,-1.1777347965336517e-07,20.5,ASK
252,1712694540.2705812,364127699.3684567,19.73,-0.0,20.5,ASK
253,1712694570.2833335,364127699.3684567,19.73,-0.0,20.5,ASK
254,1712694600.4802296,364127699.3684567,19.73,-0.0,20.5,ASK
255,1712694630.370754,364127699.3684567,19.73,-0.0,20.5,ASK
256,1712694640.065086,364128206.2108288,19.73,5.888770599960447e-08,20.5,BID
257,1712694660.240125,364128206.2108288,19.73,0.0,20.5,BID
258,1712694668.504381,364128553.9571357,19.72,-4.040301209885477e-08,20.5,ASK
259,1712694690.30551,364128553.9571357,19.72,-0.0,20.5,ASK
260,1712694720.3713183,364128553.9571357,19.72,-0.0,20.5,ASK
261,1712694750.3748195,364128553.9571357,19.72,-0.0,20.5,ASK
262,1712694780.275689,364128553.9571357,19.72,-0.0,20.5,ASK
263,1712694810.2314565,364128553.9571357,19.72,-0.0,20.5,ASK
264,1712694840.385762,364128553.9571357,19.72,-0.0,20.5,ASK
265,1712694870.3759758,364128553.9571357,19.72,-0.0,20.5,ASK
266,1712694900.2531054,364128553.9571357,19.72,-0.0,20.5,ASK
267,1712694930.2433827,364128553.9571357,19.72,-0.0,20.5,ASK
268,1712694960.376655,364128553.9571357,19.72,-0.0,20.5,ASK
269,1712694985.0565257,364131553.9571357,19.73,3.485931053981219e-07,20.5,BID
270,1712694990.3764846,364131553.9571357,19.73,0.0,20.5,BID
271,1712695010.096714,364131857.3566959,19.73,3.5254089155173145e-08,20.5,BID
272,1712695020.222752,364131857.3566959,19.73,0.0,20.5,BID
273,1712695050.263068,364131857.3566959,19.73,0.0,20.5,BID
274,1712695076.9271128,364132060.7995077,19.73,-2.3639408148702383e-08,20.5,ASK
275,1712695080.3872108,364132060.7995077,19.73,-0.0,20.5,ASK
276,1712695110.377664,364132060.7995077,19.73,-0.0,20.5,ASK
277,1712695135.318951,364134086.1159634,19.75,2.3533522554225202e-07,20.5,BID
278,1712695135.322788,364139658.55770606,19.74,6.474997181920508e-07,20.5,BID
279,1712695135.326295,364157578.0473243,19.73,2.08218677086092e-06,20.5,BID
280,1712695135.3297868,364181695.767687,19.75,2.80240114827064e-06,20.5,BID
281,1712695135.3334696,364202942.6420641,19.75,2.468818124431804e-06,20.5,BID
282,1712695135.3351269,364203246.1322007,19.77,3.5264572877158926e-08,20.5,BID
283,1712695135.336721,364204703.62207925,19.76,1.6935561271011205e-07,20.5,BID
284,1712695135.3383071,364207736.9891167,19.78,3.5246744472244946e-07,20.5,BID
285,1712695135.3399453,364209193.7417722,19.77,1.6926994978404457e-07,20.5,BID
286,1712695135.3415692,364211724.1061447,19.76,2.940201609521699e-07,20.5,BID
287,1712695135.3438413,364212980.0434868,19.79,1.4593585947358158e-07,20.5,BID
288,1712695135.345448,364214436.7961424,19.77,1.6926994978404457e-07,20.5,BID
289,1712695135.3470893,364215694.6402719,19.76,1.461574220123814e-07,20.5,BID
290,1712695135.3487244,364239757.1485023,19.81,2.79598567696049e-06,20.5,BID
291,1712695135.350356,364242785.9218491,19.81,3.5193367271940455e-07,20.5,BID
292,1712695135.3519962,364245311.1743744,19.8,2.934261808354004e-07,20.5,BID
293,1712695135.3536477,364245613.898895,19.82,3.51756107796893e-08,20.5,BID
294,1712695135.3552978,364245920.490617,19.79,3.5624967073732315e-08,20.5,BID
295,1712695135.356951,364247175.79364735,19.8,1.4586215449331838e-07,20.5,BID
296,1712695135.3585966,364252409.0038185,19.77,6.080821061130042e-07,20.5,BID
297,1712695135.360285,364303392.8619764,19.78,5.924159518232361e-06,20.5,BID
298,1712695135.361947,364304605.4160389,19.77,1.4089486261323006e-07,20.5,BID
299,1712695135.3636248,364305110.4665439,19.8,5.868523616569489e-08,20.5,BID
300,1712695135.3652868,364306323.0206064,19.82,1.408948626063042e-07,20.5,BID
301,1712695135.3669522,364307535.5746688,19.79,1.4089486261323006e-07,20.5,BID
302,1712695135.3686402,364310059.5524578,19.81,2.9327806059950376e-07,20.5,BID
303,1712695135.3703334,364326481.58833313,19.82,1.90818748628794e-06,20.5,BID
304,1712695135.3720224,364326741.0077616,19.8,3.0143699043190165e-08,20.5,BID
305,1712695135.3737054,364328555.416255,19.78,2.108284020571933e-07,20.5,BID
306,1712695135.375414,364333393.4081824,19.82,5.621590236855224e-07,20.5,BID
307,1712695135.3771467,364469100.9122002,19.8,1.5768773307294975e-05,20.5,BID
308,1712695135.378852,364471623.6165392,19.82,2.9313008983074417e-07,20.5,BID
309,1712695135.380553,364474653.9195696,19.8,3.521114170010953e-07,20.5,BID
310,1712695135.3822546,364499919.2050673,19.79,2.9357445075798384e-06,20.5,BID
311,1712695135.3840122,364501131.75912976,19.84,1.4089486261323006e-07,20.5,BID
312,1712695135.385728,364503658.2876795,19.79,2.9357445075313574e-07,20.5,BID
313,1712695135.3874426,364504911.05985695,19.84,1.4556807757235772e-07,20.5,BID
314,1712695135.3891711,364509341.3330088,19.83,5.147834198772555e-07,20.5,BID
315,1712695135.3908856,364510341.3330088,19.85,1.1619676761001525e-07,20.5,BID
316,1712695135.3926451,364516198.3814988,19.82,6.805701022717083e-07,20.5,BID
317,1712695135.394353,364516504.3478425,19.83,3.5552300135497845e-08,20.5,BID
318,1712695135.3960986,364532327.4698497,19.82,1.83859563073451e-06,20.5,BID
319,1712695135.402067,364533540.0239122,19.86,1.4089486261323006e-07,20.5,BID
320,1712695135.4037914,364570256.01248777,19.83,4.266279192088377e-06,20.5,BID
321,1712695135.4055314,364572774.9041754,19.85,2.926870720625287e-07,20.5,BID
322,1712695135.4072757,364575295.06546575,19.84,2.928345957942732e-07,20.5,BID
323,1712695135.409119,364575546.95463455,19.85,2.9268707210408392e-08,20.5,BID
324,1712695135.410868,364596742.7081135,19.87,2.462878041312061e-06,20.5,BID
325,1712695135.4126086,364692292.5780763,19.85,1.110258603523597e-05,20.5,BID
326,1712695135.4143474,364742645.0453472,19.86,5.8507939380689084e-06,20.5,BID
327,1712695135.416117,364795593.9748016,19.87,6.152494451010403e-06,20.5,BID
328,1712695135.417894,364799165.0830481,19.86,4.149512350293804e-07,20.5,BID
329,1712695135.4196718,365025637.0193303,19.87,2.631530695036805e-05,20.5,BID
330,1712695140.2511978,365025637.0193303,19.87,0.0,20.5,BID
331,1712695158.7676454,365025922.8329186,19.84,-3.3142378867861376e-08,20.5,ASK
332,1712695170.241386,365025922.8329186,19.84,-0.0,20.5,ASK
333,1712695196.0277543,365028442.994209,19.84,2.922327305890853e-07,20.5,BID
334,1712695200.2779613,365028442.994209,19.84,0.0,20.5,BID
335,1712695230.2478817,365028442.994209,19.84,0.0,20.5,BID
336,1712695260.3740172,365028442.994209,19.84,0.0,20.5,BID
337,1712695290.3741248,365028442.994209,19.84,0.0,20.5,BID
338,1712695291.36776,365057591.5627574,19.84,3.380555278516712e-06,20.5,BID
339,1712695320.248002,365057591.5627574,19.84,0.0,20.5,BID
340,1712695350.2577786,365057591.5627574,19.84,0.0,20.5,BID
341,1712695380.368178,365057591.5627574,19.84,0.0,20.5,BID
342,1712695410.3777444,365057591.5627574,19.84,0.0,20.5,BID
343,1712695440.2498474,365057591.5627574,19.84,0.0,20.5,BID
344,1712695470.253454,365057591.5627574,19.84,0.0,20.5,BID
345,1712695500.2656157,365057591.5627574,19.84,0.0,20.5,BID
346,1712695530.2579842,365057591.5627574,19.84,0.0,20.5,BID
347,1712695560.377246,365057591.5627574,19.84,0.0,20.5,BID
348,1712695569.678346,365269540.775932,19.72,-2.461353438202473e-05,20.5,ASK
349,1712695576.1303754,365272060.93722224,19.72,-2.926648117143843e-07,20.5,ASK
350,1712695590.375625,365272060.93722224,19.72,-0.0,20.5,ASK
351,1712695620.2458577,365272060.93722224,19.72,-0.0,20.5,ASK
352,1712695629.2746542,365273645.6146416,19.84,1.839372927626732e-07,20.5,BID
353,1712695650.245791,365273645.6146416,19.84,0.0,20.5,BID
354,1712695680.408253,365273645.6146416,19.84,0.0,20.5,BID
355,1712695710.3687584,365273645.6146416,19.84,0.0,20.5,BID
356,1712695711.9282222,365274145.6146416,19.72,-5.803598236214129e-08,20.5,ASK
357,1712695740.2429538,365274145.6146416,19.72,-0.0,20.5,ASK
358,1712695770.2527025,365274145.6146416,19.72,-0.0,20.5,ASK
359,1712695800.298996,365274145.6146416,19.72,-0.0,20.5,ASK
360,1712695830.2484446,365274145.6146416,19.72,-0.0,20.5,ASK
361,1712695860.378638,365274145.6146416,19.72,-0.0,20.5,ASK
362,1712695886.70805,365275725.2517384,19.84,1.834272192053594e-07,20.5,BID
363,1712695890.3819313,365275725.2517384,19.84,0.0,20.5,BID
364,1712695920.2380393,365275725.2517384,19.84,0.0,20.5,BID
365,1712695950.2481463,365275725.2517384,19.84,0.0,20.5,BID
366,1712695980.3944745,365275725.2517384,19.84,0.0,20.5,BID
367,1712696010.3865783,365275725.2517384,19.84,0.0,20.5,BID
368,1712696040.2844958,365275725.2517384,19.84,0.0,20.5,BID
369,1712696070.2545676,365275725.2517384,19.84,0.0,20.5,BID
370,1712696100.3757193,365275725.2517384,19.84,0.0,20.5,BID
371,1712696130.3733566,365275725.2517384,19.84,0.0,20.5,BID
372,1712696160.234485,365275725.2517384,19.84,0.0,20.5,BID
373,1712696190.2503214,365275725.2517384,19.84,0.0,20.5,BID
374,1712696220.3688323,365275725.2517384,19.84,0.0,20.5,BID
375,1712696228.5677369,365375734.3679,19.8,-1.16130854738528e-05,20.5,ASK
376,1712696250.387739,365375734.3679,19.8,-0.0,20.5,ASK
377,1712696280.2403488,365375734.3679,19.8,-0.0,20.5,ASK
378,1712696310.2394197,365375734.3679,19.8,-0.0,20.5,ASK
379,1712696340.3874493,365375734.3679,19.8,-0.0,20.5,ASK
380,1712696370.3875012,365375734.3679,19.8,-0.0,20.5,ASK
381,1712696400.370001,365375734.3679,19.8,-0.0,20.5,ASK
382,1712696430.2473218,365375734.3679,19.8,-0.0,20.5,ASK
383,1712696460.3772943,365375734.3679,19.8,-0.0,20.5,ASK
384,1712696490.3773422,365375734.3679,19.8,-0.0,20.5,ASK
385,1712696506.4373622,365380777.2322469,19.83,5.862351276512488e-07,20.5,BID
386,1712696520.2423785,365380777.2322469,19.83,0.0,20.5,BID
387,1712696550.266275,365380777.2322469,19.83,0.0,20.5,BID
388,1712696552.9753742,365381166.9982469,19.82,4.530993673413344e-08,20.5,BID
389,1712696552.9792197,365401750.1772797,19.83,2.39277551102113e-06,20.5,BID
390,1712696568.8399818,365418299.3724397,19.83,1.923828619611343e-06,20.5,BID
391,1712696568.844525,365422702.3335768,19.83,5.118401568550954e-07,20.5,BID
392,1712696580.359897,365422702.3335768,19.83,0.0,20.5,BID
393,1712696610.414564,365422702.3335768,19.83,0.0,20.5,BID
394,1712696640.2285938,365422702.3335768,19.83,0.0,20.5,BID
395,1712696670.2289135,365422702.3335768,19.83,0.0,20.5,BID
396,1712696700.3769724,365422702.3335768,19.83,0.0,20.5,BID
397,1712696730.3869765,365422702.3335768,19.83,0.0,20.5,BID
398,1712696760.248603,365422702.3335768,19.83,0.0,20.5,BID
399,1712696764.4613483,365423206.62001145,19.82,5.8681700847199647e-08,20.5,BID
400,1712696778.4984808,365447755.0131556,19.78,-2.8565937205740287e-06,20.5,ASK
401,1712696778.5014298,365478437.6932066,19.77,-3.570415002299509e-06,20.5,ASK
402,1712696790.258757,365478437.6932066,19.77,-0.0,20.5,ASK
403,1712696820.3725586,365478437.6932066,19.77,-0.0,20.5,ASK
404,1712696850.363783,365478437.6932066,19.77,-0.0,20.5,ASK
405,1712696880.2438643,365478437.6932066,19.77,-0.0,20.5,ASK
406,1712696910.261775,365478437.6932066,19.77,-0.0,20.5,ASK
407,1712696940.372829,365478437.6932066,19.77,-0.0,20.5,ASK
408,1712696970.3865016,365478437.6932066,19.77,-0.0,20.5,ASK
409,1712697000.2832255,365478437.6932066,19.77,-0.0,20.5,ASK
410,1712697030.2637513,365478437.6932066,19.77,-0.0,20.5,ASK
411,1712697060.398074,365478437.6932066,19.77,-0.0,20.5,ASK
412,1712697090.3953376,365478437.6932066,19.77,-0.0,20.5,ASK
413,1712697120.259015,365478437.6932066,19.77,-0.0,20.5,ASK
414,1712697150.2638848,365478437.6932066,19.77,-0.0,20.5,ASK
415,1712697180.4062517,365478437.6932066,19.77,-0.0,20.5,ASK
416,1712697210.3990865,365478437.6932066,19.77,-0.0,20.5,ASK
417,1712697240.2468593,365478437.6932066,19.77,-0.0,20.5,ASK
418,1712697270.2605965,365478437.6932066,19.77,-0.0,20.5,ASK
419,1712697300.2664125,365478437.6932066,19.77,-0.0,20.5,ASK
420,1712697330.2519598,365478437.6932066,19.77,-0.0,20.5,ASK
421,1712697360.398067,365478437.6932066,19.77,-0.0,20.5,ASK
422,1712697390.3998811,365478437.6932066,19.77,-0.0,20.5,ASK
423,1712697420.2673783,365478437.6932066,19.77,-0.0,20.5,ASK
424,1712697438.0488088,365478846.5968066,19.81,4.7971479577023074e-08,20.5,BID
425,1712697438.053013,365478942.4887644,19.81,1.1249788694426433e-08,20.5,BID
426,1712697450.2687037,365478942.4887644,19.81,0.0,20.5,BID
427,1712697467.4392464,365481666.9851461,19.81,3.196302727717735e-07,20.5,BID
428,1712697467.4435272,365503946.2576432,19.81,2.6137417518325614e-06,20.5,BID
429,1712697467.585215,365505462.9039431,19.81,-1.7792868943436417e-07,20.5,ASK
430,1712697475.8288867,365581894.0430644,19.81,-8.966686838059706e-06,20.5,ASK
431,1712697475.9690151,365583049.5571644,19.81,-1.3556167278045606e-07,20.5,ASK
432,1712697480.3901253,365583049.5571644,19.81,-0.0,20.5,ASK
433,1712697510.3833103,365583049.5571644,19.81,-0.0,20.5,ASK
434,1712697525.149713,365588069.8368085,19.81,-5.888226591276376e-07,20.5,ASK
435,1712697540.2625372,365588069.8368085,19.81,-0.0,20.5,ASK
436,1712697570.2568977,365588069.8368085,19.81,-0.0,20.5,ASK
437,1712697600.2925851,365588069.8368085,19.81,-0.0,20.5,ASK
438,1712697630.2689435,365588069.8368085,19.81,-0.0,20.5,ASK
439,1712697656.9202452,365884948.891534,19.81,-3.490465199736239e-05,20.5,ASK
440,1712697657.0002284,366165924.084755,19.81,-3.303480384744197e-05,20.5,ASK
441,1712697657.020193,366385064.7147956,19.81,-2.5764793131401985e-05,20.5,ASK
442,1712697657.1401958,366444974.9460822,19.81,-7.043763245854682e-06,20.5,ASK
443,1712697657.280701,366604205.3448362,19.81,-1.8721029885547303e-05,20.5,ASK
444,1712697657.2854896,366664115.5761228,19.81,-7.043763245854682e-06,20.5,ASK
445,1712697659.7102182,366671229.39726096,19.77,-8.363858859292915e-07,20.5,ASK
446,1712697660.3004096,366671229.39726096,19.77,-0.0,20.5,ASK
447,1712697690.2571778,366671229.39726096,19.77,-0.0,20.5,ASK
448,1712697720.3906453,366671229.39726096,19.77,-0.0,20.5,ASK
449,1712697727.3249533,366687118.2615467,19.77,-1.8633840379524983e-06,20.5,ASK
450,1712697750.539813,366687118.2615467,19.77,-0.0,20.5,ASK
451,1712697780.2635682,366687118.2615467,19.77,-0.0,20.5,ASK
452,1712697810.2681825,366687118.2615467,19.77,-0.0,20.5,ASK
453,1712697812.6113043,366691272.8107781,19.77,-4.872113829741536e-07,20.5,ASK
454,1712697840.3912325,366691272.8107781,19.77,-0.0,20.5,ASK
455,1712697870.3916204,366691272.8107781,19.77,-0.0,20.5,ASK
456,1712697900.2591877,366691272.8107781,19.77,-0.0,20.5,ASK
457,1712697930.2546196,366691272.8107781,19.77,-0.0,20.5,ASK
458,1712697960.3920908,366691272.8107781,19.77,-0.0,20.5,ASK
459,1712697990.3964732,366691272.8107781,19.77,-0.0,20.5,ASK
460,1712698020.2924478,366691272.8107781,19.77,-0.0,20.5,ASK
461,1712698050.25631,366691272.8107781,19.77,-0.0,20.5,ASK
462,1712698080.4023468,366691272.8107781,19.77,-0.0,20.5,ASK
463,1712698110.3878837,366691272.8107781,19.77,-0.0,20.5,ASK
464,1712698140.269303,366691272.8107781,19.77,-0.0,20.5,ASK
465,1712698143.74277,366727845.58424616,19.77,-4.299161994625316e-06,20.5,ASK
466,1712698170.2627783,366727845.58424616,19.77,-0.0,20.5,ASK
467,1712698172.7924578,366761949.7385105,19.77,-4.008632903825758e-06,20.5,ASK
468,1712698178.2927103,366893531.89052194,19.77,-1.5466284254437192e-05,20.5,ASK
469,1712698200.365347,366893531.89052194,19.77,-0.0,20.5,ASK
470,1712698230.2561705,366893531.89052194,19.77,-0.0,20.5,ASK
471,1712698260.387782,366893531.89052194,19.77,-0.0,20.5,ASK
472,1712698264.0934715,366898590.0594648,19.77,-5.953745679084064e-07,20.5,ASK
473,1712698290.3783789,366898590.0594648,19.77,-0.0,20.5,ASK
474,1712698320.2630987,366898590.0594648,19.77,-0.0,20.5,ASK
475,1712698350.2682796,366898590.0594648,19.77,-0.0,20.5,ASK
476,1712698356.7033098,366898868.25875664,19.77,-3.274521580176837e-08,20.5,ASK
477,1712698358.553027,366899146.3280763,19.81,3.2729917537006454e-08,20.5,BID
478,1712698380.2762349,366899146.3280763,19.81,0.0,20.5,BID
479,1712698410.280943,366899146.3280763,19.81,0.0,20.5,BID
480,1712698440.4069395,366899146.3280763,19.81,0.0,20.5,BID
481,1712698470.393526,366899146.3280763,19.81,0.0,20.5,BID
482,1712698500.2892368,366899146.3280763,19.81,0.0,20.5,BID
483,1712698530.2703917,366899146.3280763,19.81,0.0,20.5,BID
484,1712698552.4037223,366904230.21216375,19.77,-6.006936003995377e-07,20.5,ASK
485,1712698560.3834655,366904230.21216375,19.77,-0.0,20.5,ASK
486,1712698566.314105,366914446.3643484,19.77,-1.2070897476707993e-06,20.5,ASK
487,1712698590.390548,366914446.3643484,19.77,-0.0,20.5,ASK
488,1712698620.267458,366914446.3643484,19.77,-0.0,20.5,ASK
489,1712698650.2787611,366914446.3643484,19.77,-0.0,20.5,ASK
490,1712698658.6737351,366915455.955464,19.81,1.1928541990834938e-07,20.5,BID
491,1712698680.4039197,366915455.955464,19.81,0.0,20.5,BID
492,1712698710.3837364,366915455.955464,19.81,0.0,20.5,BID
493,1712698740.2478886,366915455.955464,19.81,0.0,20.5,BID
494,1712698770.2711368,366915455.955464,19.81,0.0,20.5,BID
495,1712698776.5541053,366915741.7690524,19.77,-3.376942686491074e-08,20.5,ASK
496,1712698800.2737231,366915741.7690524,19.77,-0.0,20.5,ASK
497,1712698817.35307,366916313.5175043,19.81,6.777351376612097e-08,20.5,BID
498,1712698830.272695,366916313.5175043,19.81,0.0,20.5,BID
499,1712698860.3976607,366916313.5175043,19.81,0.0,20.5,BID
500,1712698890.3842366,366916313.5175043,19.81,0.0,20.5,BID
501,1712698920.2721355,366916313.5175043,19.81,0.0,20.5,BID
502,1712698950.2731469,366916313.5175043,19.81,0.0,20.5,BID
503,1712698980.39138,366916313.5175043,19.81,0.0,20.5,BID
504,1712698981.639609,366926313.5175043,19.8,-1.1853713385687794e-06,20.5,ASK
505,1712699005.569476,366941680.5309663,19.78,1.8215617317263744e-06,20.5,BID
506,1712699005.574132,366941680.5309672,19.78,1.1304582009971423e-16,20.5,BID
507,1712699010.379308,366941680.5309672,19.78,0.0,20.5,BID
508,1712699021.568969,366942118.3736309,19.81,5.1897526489288185e-08,20.5,BID
509,1712699021.5736504,366942438.9307653,19.81,3.799566317393965e-08,20.5,BID
510,1712699040.2522523,366942438.9307653,19.81,0.0,20.5,BID
511,1712699070.2498014,366942438.9307653,19.81,0.0,20.5,BID
512,1712699070.4845994,366942596.1462169,19.81,1.8634727062081867e-08,20.5,BID
513,1712699070.4886432,366946477.2952277,19.81,4.6003208824513734e-07,20.5,BID
514,1712699070.5496428,366949519.121835,19.81,3.6054731275301163e-07,20.5,BID
515,1712699100.2901254,366949519.121835,19.81,0.0,20.5,BID
516,1712699110.8974988,366959519.121835,19.81,-1.186628847562135e-06,20.5,ASK
517,1712699130.251122,366959519.121835,19.81,-0.0,20.5,ASK
518,1712699160.4025493,366959519.121835,19.81,-0.0,20.5,ASK
519,1712699182.7565448,366964136.3102432,19.81,-5.47876016993593e-07,20.5,ASK
520,1712699182.7614732,367014136.3102432,19.81,-5.933004769970596e-06,20.5,ASK
521,1712699190.3963149,367014136.3102432,19.81,-0.0,20.5,ASK
522,1712699220.2764432,367014136.3102432,19.81,-0.0,20.5,ASK
523,1712699250.2588625,367014136.3102432,19.81,-0.0,20.5,ASK
524,1712699280.385399,367014136.3102432,19.81,-0.0,20.5,ASK
525,1712699310.388625,367014136.3102432,19.81,-0.0,20.5,ASK
526,1712699320.5248806,367016363.3607108,19.82,2.642280976917683e-07,20.5,BID
527,1712699320.5346618,367017372.4424464,19.82,1.1972236430819901e-07,20.5,BID
528,1712699336.3547723,367031052.52418464,19.82,-1.6230714240795415e-06,20.5,ASK
529,1712699340.2783964,367031052.52418464,19.82,-0.0,20.5,ASK
530,1712699370.2745218,367031052.52418464,19.82,-0.0,20.5,ASK
531,1712699400.327521,367031052.52418464,19.82,-0.0,20.5,ASK
532,1712699430.2594132,367031052.52418464,19.82,-0.0,20.5,ASK
533,1712699435.3238974,367035501.81316274,19.82,5.286001356924333e-07,20.5,BID
534,1712699460.3843017,367035501.81316274,19.82,0.0,20.5,BID
535,1712699474.513384,367042360.4155845,19.82,8.148313597178196e-07,20.5,BID
536,1712699490.3836656,367042360.4155845,19.82,0.0,20.5,BID
537,1712699520.2766898,367042360.4155845,19.82,0.0,20.5,BID
538,1712699520.7168918,367043903.0846057,19.82,1.832727308597822e-07,20.5,BID
539,1712699524.453123,367045291.4095301,19.82,1.6493628685830565e-07,20.5,BID
540,1712699550.2592807,367045291.4095301,19.82,0.0,20.5,BID
541,1712699580.3731909,367045291.4095301,19.82,0.0,20.5,BID
542,1712699610.3785722,367045291.4095301,19.82,0.0,20.5,BID
543,1712699640.2484913,367045291.4095301,19.82,0.0,20.5,BID
544,1712699670.2523158,367045291.4095301,19.82,0.0,20.5,BID
545,1712699700.276206,367045291.4095301,19.82,0.0,20.5,BID
546,1712699711.6534824,367082192.8377122,19.78,-4.395192609176622e-06,20.5,ASK
547,1712699711.6587934,367117076.5586423,19.78,-4.154870962055973e-06,20.5,ASK
548,1712699730.278016,367117076.5586423,19.78,-0.0,20.5,ASK
549,1712699760.3346872,367117076.5586423,19.78,-0.0,20.5,ASK
550,1712699790.268622,367117076.5586423,19.78,-0.0,20.5,ASK
551,1712699820.3813984,367117076.5586423,19.78,-0.0,20.5,ASK
552,1712699850.381499,367117076.5586423,19.78,-0.0,20.5,ASK
553,1712699880.2610228,367117076.5586423,19.78,-0.0,20.5,ASK
554,1712699910.2757947,367117076.5586423,19.78,-0.0,20.5,ASK
555,1712699940.3708143,367117076.5586423,19.78,-0.0,20.5,ASK
556,1712699970.4048018,367117076.5586423,19.78,-0.0,20.5,ASK
557,1712700000.337863,367117076.5586423,19.78,-0.0,20.5,ASK
558,1712700028.0529623,367117330.2877138,19.78,-3.031710057038608e-08,20.5,ASK
559,1712700030.2959747,367117330.2877138,19.78,-0.0,20.5,ASK
560,1712700046.6910446,367117634.0851822,19.78,-3.6299556940481895e-08,20.5,ASK
561,1712700060.3785253,367117634.0851822,19.78,-0.0,20.5,ASK
562,1712700065.1103752,367118240.3622134,19.78,-7.244159055073037e-08,20.5,ASK
563,1712700090.385316,367118240.3622134,19.78,-0.0,20.5,ASK
564,1712700120.2440946,367118240.3622134,19.78,-0.0,20.5,ASK
565,1712700150.2500205,367118240.3622134,19.78,-0.0,20.5,ASK
566,1712700179.9503036,367118846.6392446,19.79,7.244148675683267e-08,20.5,BID
567,1712700180.3725483,367118846.6392446,19.79,0.0,20.5,BID
568,1712700199.8599708,367119351.4348024,19.81,6.03158068110528e-08,20.5,BID
569,1712700210.380058,367119351.4348024,19.81,0.0,20.5,BID
570,1712700218.5077822,367182140.6885191,19.81,7.502403524263195e-06,20.5,BID
571,1712700240.259888,367182140.6885191,19.81,0.0,20.5,BID
572,1712700245.0623631,367214310.31578594,19.81,-3.843231859441208e-06,20.5,ASK
573,1712700270.2421446,367214310.31578594,19.81,-0.0,20.5,ASK
574,1712700300.3694828,367214310.31578594,19.81,-0.0,20.5,ASK
575,1712700330.3709848,367214310.31578594,19.81,-0.0,20.5,ASK
576,1712700360.2620254,367214310.31578594,19.81,-0.0,20.5,ASK
577,1712700379.0497026,367230063.8221726,19.81,1.8896256131971365e-06,20.5,BID
578,1712700390.2515595,367230063.8221726,19.81,0.0,20.5,BID
579,1712700405.229637,367230353.8221726,19.81,3.4784060254154104e-08,20.5,BID
580,1712700408.2992334,367247172.3185186,19.81,2.017295138908364e-06,20.5,BID
581,1712700420.3718877,367247172.3185186,19.81,0.0,20.5,BID
582,1712700450.389356,367247172.3185186,19.81,0.0,20.5,BID
583,1712700480.2394862,367247172.3185186,19.81,0.0,20.5,BID
584,1712700510.261197,367247172.3185186,19.81,0.0,20.5,BID
585,1712700513.119049,367247172.3185191,19.81,5.719192485289269e-17,20.5,BID
586,1712700540.388962,367247172.3185191,19.81,0.0,20.5,BID
587,1712700570.3907137,367247172.3185191,19.81,0.0,20.5,BID
588,1712700600.2669125,367247172.3185191,19.81,0.0,20.5,BID
589,1712700609.458877,367268882.0593069,19.81,-2.6107866468688298e-06,20.5,ASK
590,1712700630.2444153,367268882.0593069,19.81,-0.0,20.5,ASK
591,1712700632.0989497,367294121.8371969,19.8,-3.0351475773812754e-06,20.5,ASK
592,1712700639.6524365,367295383.8260914,19.81,1.5175737887193081e-07,20.5,BID
593,1712700660.3941748,367295383.8260914,19.81,0.0,20.5,BID
594,1712700690.3825052,367295383.8260914,19.81,0.0,20.5,BID
595,1712700695.698816,367295641.27182585,19.81,3.095655185728191e-08,20.5,BID
596,1712700720.260979,367295641.27182585,19.81,0.0,20.5,BID
597,1712700747.624181,367298727.5969142,19.81,3.7111480701518324e-07,20.5,BID
598,1712700750.259313,367298727.5969142,19.81,0.0,20.5,BID
599,1712700750.689097,367310276.403692,19.81,1.3886747400018506e-06,20.5,BID
600,1712700750.694218,367315384.28623736,19.81,6.141922366594869e-07,20.5,BID
601,1712700780.388964,367315384.28623736,19.81,0.0,20.5,BID
602,1712700802.4283953,367318161.822835,19.81,3.3396886411890053e-07,20.5,BID
603,1712700810.3885694,367318161.822835,19.81,0.0,20.5,BID
604,1712700840.273574,367318161.822835,19.81,0.0,20.5,BID
605,1712700870.2483935,367318161.822835,19.81,0.0,20.5,BID
606,1712700897.438706,367323209.778413,19.81,6.069582803933073e-07,20.5,BID
607,1712700900.278865,367323209.778413,19.81,0.0,20.5,BID
608,1712700930.2406964,367323209.778413,19.81,0.0,20.5,BID
609,1712700960.372234,367323209.778413,19.81,0.0,20.5,BID
610,1712700990.3832853,367323209.778413,19.81,0.0,20.5,BID
611,1712700992.009161,367323714.5739708,19.81,6.097606195704255e-08,20.5,BID
612,1712701018.4893365,367329208.5573335,19.81,6.636379119084821e-07,20.5,BID
613,1712701020.2614503,367329208.5573335,19.81,0.0,20.5,BID
614,1712701050.2527275,367329208.5573335,19.81,0.0,20.5,BID
615,1712701080.4093184,367329208.5573335,19.81,0.0,20.5,BID
616,1712701110.379499,367329208.5573335,19.81,0.0,20.5,BID
617,1712701140.2733824,367329208.5573335,19.81,0.0,20.5,BID
618,1712701170.255218,367329208.5573335,19.81,0.0,20.5,BID
619,1712701200.2903202,367329208.5573335,19.81,0.0,20.5,BID
620,1712701230.2498813,367329208.5573335,19.81,0.0,20.5,BID
621,1712701260.380083,367329208.5573335,19.81,0.0,20.5,BID
622,1712701290.3900862,367329208.5573335,19.81,0.0,20.5,BID
623,1712701320.2544265,367329208.5573335,19.81,0.0,20.5,BID
624,1712701328.8501189,367329814.8343647,19.82,7.33964720196807e-08,20.5,BID
625,1712701328.85488,367396391.7919381,19.82,8.059869584958144e-06,20.5,BID
626,1712701334.0162027,367397400.3648076,19.83,1.2209878748948378e-07,20.5,BID
627,1712701334.0205011,367411520.38497895,19.83,1.7093830247950464e-06,20.5,BID
628,1712701350.252246,367411520.38497895,19.83,0.0,20.5,BID
629,1712701379.0806024,367412528.9578484,19.83,1.2207467534629232e-07,20.5,BID
630,1712701379.0904284,367448408.9376769,19.83,4.342806575313408e-06,20.5,BID
631,1712701380.4036772,367448408.9376769,19.83,0.0,20.5,BID
632,1712701384.140439,367466531.8701069,19.84,2.1933519120676247e-06,20.5,BID
633,1712701384.1462858,367488646.7824642,19.84,2.6764865725403068e-06,20.5,BID
634,1712701389.2003665,367490646.7824642,19.83,-2.420526502028265e-07,20.5,ASK
635,1712701392.430453,367526231.8321894,19.84,4.306727796788974e-06,20.5,BID
636,1712701392.4358454,367526529.0481893,19.84,3.5970960236609435e-08,20.5,BID
637,1712701399.890742,367564996.19844186,19.84,-4.6555378321865215e-06,20.5,ASK
638,1712701399.995783,367577818.5818589,19.84,-1.5518459440020597e-06,20.5,ASK
639,1712701410.393584,367577818.5818589,19.84,-0.0,20.5,ASK
640,1712701413.7002423,367577818.58185935,19.84,-5.769192225252545e-17,20.5,ASK
641,1712701440.285836,367577818.58185935,19.84,-0.0,20.5,ASK
642,1712701464.982835,367579818.5818589,19.84,2.419774602137643e-07,20.5,BID
643,1712701465.8203049,367582337.4735465,19.85,3.0475750663598933e-07,20.5,BID
644,1712701470.2538369,367582337.4735465,19.85,0.0,20.5,BID
645,1712701500.38047,367582337.4735465,19.85,0.0,20.5,BID
646,1712701530.3808377,367582337.4735465,19.85,0.0,20.5,BID
647,1712701534.0604436,367587423.0708252,19.84,-6.155538878357866e-07,20.5,ASK
648,1712701534.065168,367620208.5473759,19.83,-3.9683102002197605e-06,20.5,ASK
649,1712701560.2623444,367620208.5473759,19.83,-0.0,20.5,ASK
650,1712701590.2528334,367620208.5473759,19.83,-0.0,20.5,ASK
651,1712701603.9805658,367620712.579634,19.84,6.100184457150191e-08,20.5,BID
652,1712701608.8105285,367621216.8660687,19.83,-6.103260697976566e-08,20.5,ASK
653,1712701620.3706036,367621216.8660687,19.83,-0.0,20.5,ASK
654,1712701626.0806732,367627904.2401847,19.82,-8.093552792911016e-07,20.5,ASK
655,1712701650.385153,367627904.2401847,19.82,-0.0,20.5,ASK
656,1712701680.2646186,367627904.2401847,19.82,-0.0,20.5,ASK
657,1712701683.5505612,367628204.2401847,19.83,-3.63076275792578e-08,20.5,ASK
658,1712701710.254356,367628204.2401847,19.83,-0.0,20.5,ASK
659,1712701714.44043,367628706.7527475,19.84,6.081675282798472e-08,20.5,BID
660,1712701740.384737,367628706.7527475,19.84,0.0,20.5,BID
661,1712701765.1507287,367629210.5331153,19.84,6.09701157948088e-08,20.5,BID
662,1712701770.3857746,367629210.5331153,19.84,0.0,20.5,BID
663,1712701800.333232,367629210.5331153,19.84,0.0,20.5,BID
664,1712701830.2546732,367629210.5331153,19.84,0.0,20.5,BID
665,1712701840.1508904,367630722.6298896,19.84,1.853085168672388e-07,20.5,BID
666,1712701847.6806855,367633241.5215772,19.83,-3.086919374091417e-07,20.5,ASK
667,1712701860.4310143,367633241.5215772,19.83,-0.0,20.5,ASK
668,1712701890.3707688,367633241.5215772,19.83,-0.0,20.5,ASK
669,1712701920.2655497,367633241.5215772,19.83,-0.0,20.5,ASK
670,1712701920.871003,367658152.71197337,19.84,3.052853888276268e-06,20.5,BID
671,1712701920.8765953,367672353.1964589,19.84,1.7402622511287057e-06,20.5,BID
672,1712701920.8808787,367683613.870028,19.85,1.3799898978430064e-06,20.5,BID
673,1712701950.2606795,367683613.870028,19.85,0.0,20.5,BID
674,1712701980.245036,367683613.870028,19.85,0.0,20.5,BID
675,1712702010.2533755,367683613.870028,19.85,0.0,20.5,BID
676,1712702040.375435,367683613.870028,19.85,0.0,20.5,BID
677,1712702070.4065182,367683613.870028,19.85,0.0,20.5,BID
678,1712702086.3205938,367703568.48967534,19.85,2.4451291295603646e-06,20.5,BID
679,1712702094.371043,367753971.7154818,19.84,-6.17613353806755e-06,20.5,ASK
680,1712702100.288758,367753971.7154818,19.84,-0.0,20.5,ASK
681,1712702130.2506657,367753971.7154818,19.84,-0.0,20.5,ASK
682,1712702146.8406136,367905181.3929011,19.84,1.859943449648916e-05,20.5,BID
683,1712702160.390541,367905181.3929011,19.84,0.0,20.5,BID
684,1712702190.3708477,367905181.3929011,19.84,0.0,20.5,BID
685,1712702220.2708783,367905181.3929011,19.84,0.0,20.5,BID
686,1712702250.2566795,367905181.3929011,19.84,0.0,20.5,BID
687,1712702280.3854485,367905181.3929011,19.84,0.0,20.5,BID
688,1712702293.111174,367905685.67933583,19.83,-6.200649860808778e-08,20.5,ASK
689,1712702293.116967,367911266.64333713,19.83,-6.862291205141343e-07,20.5,ASK
690,1712702310.3807778,367911266.64333713,19.83,-0.0,20.5,ASK
691,1712702340.2709312,367911266.64333713,19.83,-0.0,20.5,ASK
692,1712702370.2699845,367911266.64333713,19.83,-0.0,20.5,ASK
693,1712702400.2923944,367911266.64333713,19.83,-0.0,20.5,ASK
694,1712702430.2506728,367911266.64333713,19.83,-0.0,20.5,ASK
695,1712702460.3907144,367911266.64333713,19.83,-0.0,20.5,ASK
696,1712702490.371028,367911266.64333713,19.83,-0.0,20.5,ASK
697,1712702520.262218,367911266.64333713,19.83,-0.0,20.5,ASK
698,1712702550.2537348,367911266.64333713,19.83,-0.0,20.5,ASK
699,1712702580.3843436,367911266.64333713,19.83,-0.0,20.5,ASK
700,1712702610.3857238,367911266.64333713,19.83,-0.0,20.5,ASK
701,1712702623.7007158,367942732.5446701,19.84,3.884204391581426e-06,20.5,BID
702,1712702623.7066774,367969237.80449474,19.84,3.2718543645517954e-06,20.5,BID
703,1712702640.2408116,367969237.80449474,19.84,0.0,20.5,BID
704,1712702663.450457,367969441.6385008,19.84,-2.5158044636188348e-08,20.5,ASK
705,1712702670.2834575,367969441.6385008,19.84,-0.0,20.5,ASK
706,1712702700.3005335,367969441.6385008,19.84,-0.0,20.5,ASK
707,1712702718.2905955,367970441.6385008,19.84,1.2388802246000705e-07,20.5,BID
708,1712702724.5207798,367970945.6707589,19.84,6.244355970385358e-08,20.5,BID
709,1712702730.2634711,367970945.6707589,19.84,0.0,20.5,BID
710,1712702733.1305213,367994734.9998033,19.84,2.9472020356900542e-06,20.5,BID
711,1712702736.7407491,368030945.6707589,19.84,-4.486051832519283e-06,20.5,ASK
712,1712702753.34126,368034097.4609757,19.83,-3.9046761368804004e-07,20.5,ASK
713,1712702760.3858757,368034097.4609757,19.83,-0.0,20.5,ASK
714,1712702765.1806874,368036526.63476014,19.83,3.0089771886673825e-07,20.5,BID
715,1712702790.3805847,368036526.63476014,19.83,0.0,20.5,BID
716,1712702820.251199,368036526.63476014,19.83,0.0,20.5,BID
717,1712702850.2527628,368036526.63476014,19.83,0.0,20.5,BID
718,1712702880.3906353,368036526.63476014,19.83,0.0,20.5,BID
719,1712702910.3869684,368036526.63476014,19.83,0.0,20.5,BID
720,1712702940.2889905,368036526.63476014,19.83,0.0,20.5,BID
721,1712702965.9326236,368284097.4609757,19.83,-3.0666003749202074e-05,20.5,ASK
722,1712702965.9361727,368286460.9128164,19.83,-2.927551041211528e-07,20.5,ASK
723,1712702966.1328716,368297605.6199492,19.83,1.3804681106534066e-06,20.5,BID
724,1712702970.276765,368297605.6199492,19.83,0.0,20.5,BID
725,1712703000.3736768,368297605.6199492,19.83,0.0,20.5,BID
726,1712703030.2720633,368297605.6199492,19.83,0.0,20.5,BID
727,1712703030.2776294,368536006.1519588,19.82,-2.97140367758927e-05,20.5,ASK
728,1712703060.370621,368536006.1519588,19.82,-0.0,20.5,ASK
729,1712703074.7345536,368560744.8945267,19.82,-3.081600691588404e-06,20.5,ASK
730,1712703074.739374,368708592.5589609,19.82,-1.841675920753468e-05,20.5,ASK
731,1712703074.8543758,368708844.8798489,19.82,-3.1430547481388805e-08,20.5,ASK
732,1712703074.8595393,368717919.0491903,19.82,-1.1303309552317594e-06,20.5,ASK
733,1712703075.1744225,368718171.3700783,19.82,3.1430547488813506e-08,20.5,BID
734,1712703090.3881285,368718171.3700783,19.82,0.0,20.5,BID
735,1712703120.2608078,368718171.3700783,19.82,0.0,20.5,BID
736,1712703128.9157736,368718176.2585164,19.81,-6.08658349259004e-10,20.5,ASK
737,1712703128.921927,368718681.0540742,19.81,-6.285198345276345e-08,20.5,ASK
738,1712703150.2514873,368718681.0540742,19.81,-0.0,20.5,ASK
739,1712703160.755931,368718933.5023327,19.81,-3.143223741018396e-08,20.5,ASK
740,1712703160.7692957,368720679.1843136,19.81,-2.173542047765499e-07,20.5,ASK
741,1712703160.772262,368771497.2896275,19.8,-6.327343118589371e-06,20.5,ASK
742,1712703180.386026,368771497.2896275,19.8,-0.0,20.5,ASK
743,1712703195.7662144,368776377.0012138,19.81,-6.074919470208683e-07,20.5,ASK
744,1712703210.396742,368776377.0012138,19.81,-0.0,20.5,ASK
745,1712703240.2634091,368776377.0012138,19.81,-0.0,20.5,ASK
746,1712703270.2773104,368776377.0012138,19.81,-0.0,20.5,ASK
747,1712703300.3695076,368776377.0012138,19.81,-0.0,20.5,ASK
748,1712703330.3977938,368776377.0012138,19.81,-0.0,20.5,ASK
749,1712703360.2680752,368776377.0012138,19.81,-0.0,20.5,ASK
750,1712703390.268436,368776377.0012138,19.81,-0.0,20.5,ASK
751,1712703420.249921,368776377.0012138,19.81,-0.0,20.5,ASK
752,1712703450.251607,368776377.0012138,19.81,-0.0,20.5,ASK
753,1712703480.379454,368776377.0012138,19.81,-0.0,20.5,ASK
754,1712703510.3892422,368776377.0012138,19.81,-0.0,20.5,ASK
755,1712703539.589956,368777477.0012138,19.82,-1.37722604735097e-07,20.5,ASK
756,1712703539.5962558,368782477.0012138,19.82,-6.260118397049863e-07,20.5,ASK
757,1712703539.6019104,368790557.440006,19.81,-1.0116900707893252e-06,20.5,ASK
758,1712703540.2826889,368790557.440006,19.81,-0.0,20.5,ASK
759,1712703570.2501018,368790557.440006,19.81,-0.0,20.5,ASK
760,1712703600.4026294,368790557.440006,19.81,-0.0,20.5,ASK
761,1712703618.363077,368844675.6131613,19.81,-6.7981132404252105e-06,20.5,ASK
762,1712703618.369505,368852408.04304457,19.81,-9.713175982321406e-07,20.5,ASK
763,1712703630.2614615,368852408.04304457,19.81,-0.0,20.5,ASK
764,1712703660.370713,368852408.04304457,19.81,-0.0,20.5,ASK
765,1712703681.1507988,368852710.61490536,19.83,3.800204472225813e-08,20.5,BID
766,1712703690.390652,368852710.61490536,19.83,0.0,20.5,BID
767,1712703720.2641,368852710.61490536,19.83,0.0,20.5,BID
768,1712703745.2811985,368853515.1609131,19.83,1.0104829394120537e-07,20.5,BID
769,1712703750.2638612,368853515.1609131,19.83,0.0,20.5,BID
770,1712703756.2918024,368872559.17164856,19.8,-2.3918594089859714e-06,20.5,ASK
771,1712703756.2981615,368879970.60849935,19.81,-9.30849872535395e-07,20.5,ASK
772,1712703756.303799,368880478.1842569,19.8,-6.374969371553923e-08,20.5,ASK
773,1712703756.3065784,368946897.0447084,19.8,-8.341970528789512e-06,20.5,ASK
774,1712703756.3094149,369076909.2158688,19.79,-1.632906214937454e-05,20.5,ASK
775,1712703780.391243,369076909.2158688,19.79,-0.0,20.5,ASK
776,1712703810.3917303,369076909.2158688,19.79,-0.0,20.5,ASK
777,1712703840.307158,369076909.2158688,19.79,-0.0,20.5,ASK
778,1712703870.2644908,369076909.2158688,19.79,-0.0,20.5,ASK
779,1712703900.4017377,369076909.2158688,19.79,-0.0,20.5,ASK
780,1712703930.3853862,369076909.2158688,19.79,-0.0,20.5,ASK
781,1712703960.2637098,369076909.2158688,19.79,-0.0,20.5,ASK
782,1712703979.252092,369077414.5215787,19.83,6.371188627994143e-08,20.5,BID
783,1712703990.2438583,369077414.5215787,19.83,0.0,20.5,BID
784,1712704020.3726668,369077414.5215787,19.83,0.0,20.5,BID
785,1712704050.3824291,369077414.5215787,19.83,0.0,20.5,BID
786,1712704080.2728472,369077414.5215787,19.83,0.0,20.5,BID
787,1712704086.9028313,369079930.4093736,19.83,3.172173822819873e-07,20.5,BID
788,1712704110.274858,369079930.4093736,19.83,0.0,20.5,BID
789,1712704140.303173,369079930.4093736,19.83,0.0,20.5,BID
790,1712704151.1129904,369084917.9405456,19.83,6.288522220545607e-07,20.5,BID
791,1712704151.119413,369091853.146748,19.83,8.744245760767514e-07,20.5,BID
792,1712704151.2527983,369153508.9000073,19.83,-7.773857666675088e-06,20.5,ASK
793,1712704170.2654896,369153508.9000073,19.83,-0.0,20.5,ASK
794,1712704200.2951207,369153508.9000073,19.83,-0.0,20.5,ASK
795,1712704230.2834804,369153508.9000073,19.83,-0.0,20.5,ASK
796,1712704260.387187,369153508.9000073,19.83,-0.0,20.5,ASK
797,1712704290.3943992,369153508.9000073,19.83,-0.0,20.5,ASK
798,1712704320.2673368,369153508.9000073,19.83,-0.0,20.5,ASK
799,1712704350.2889037,369153508.9000073,19.83,-0.0,20.5,ASK
800,1712704378.6840167,369154520.02235305,19.78,-1.279566137530733e-07,20.5,ASK
801,1712704378.690715,369181830.0098582,19.79,-3.4560540940409e-06,20.5,ASK
802,1712704378.6957493,369221520.22724944,19.78,-5.022760932519836e-06,20.5,ASK
803,1712704378.6985636,369299735.2297773,19.78,-9.898037472586953e-06,20.5,ASK
804,1712704380.398994,369299735.2297773,19.78,-0.0,20.5,ASK
805,1712704410.4069335,369299735.2297773,19.78,-0.0,20.5,ASK
806,1712704433.7540505,369326273.2292755,19.77,-3.357130803261184e-06,20.5,ASK
807,1712704440.2843158,369326273.2292755,19.77,-0.0,20.5,ASK
808,1712704461.3665342,369348957.8215357,19.77,-2.869473613609414e-06,20.5,ASK
809,1712704470.26382,369348957.8215357,19.77,-0.0,20.5,ASK
810,1712704478.1239245,369353765.7238759,19.77,-6.081381644324767e-07,20.5,ASK
811,1712704493.194183,369549862.9344525,19.77,-2.480378952219473e-05,20.5,ASK
812,1712704493.200139,369571714.8997721,19.77,-2.763994178385628e-06,20.5,ASK
813,1712704493.3139696,369589090.05583054,19.77,2.197735054582102e-06,20.5,BID
814,1712704500.3051715,369589090.05583054,19.77,0.0,20.5,BID
815,1712704511.65393,369589595.8727248,19.77,6.420067755938941e-08,20.5,BID
816,1712704515.1775024,369591373.5409089,19.77,2.256300712427754e-07,20.5,BID
817,1712704530.274428,369591373.5409089,19.77,0.0,20.5,BID
818,1712704533.0740938,369610512.5286612,19.76,-2.429197116188713e-06,20.5,ASK
819,1712704533.0792203,369611524.67441016,19.76,-1.28465599455616e-07,20.5,ASK
820,1712704558.6645017,369619659.0831383,19.76,-1.0324517931688372e-06,20.5,ASK
821,1712704558.6694374,369643246.0611518,19.76,-2.9937538866587204e-06,20.5,ASK
822,1712704560.3942616,369643246.0611518,19.76,-0.0,20.5,ASK
823,1712704576.7943392,369668549.7048758,19.76,-3.211222215206972e-06,20.5,ASK
824,1712704590.3985767,369668549.7048758,19.76,-0.0,20.5,ASK
825,1712704620.266953,369668549.7048758,19.76,-0.0,20.5,ASK
826,1712704623.5344825,369742036.19037867,19.76,-9.325394570864135e-06,20.5,ASK
827,1712704623.6945684,369864251.4284478,19.76,1.55090464562029e-05,20.5,BID
828,1712704650.2849724,369864251.4284478,19.76,0.0,20.5,BID
829,1712704680.3890865,369864251.4284478,19.76,0.0,20.5,BID
830,1712704710.404946,369864251.4284478,19.76,0.0,20.5,BID
831,1712704740.2392354,369864251.4284478,19.76,0.0,20.5,BID
832,1712704745.584782,369865262.0623713,19.75,-1.281859842237064e-07,20.5,ASK
833,1712704745.589055,369865770.2775612,19.75,-6.446059527061528e-08,20.5,ASK
834,1712704769.8297958,369870836.1336909,19.74,-6.425390428747068e-07,20.5,ASK
835,1712704769.8329651,369896440.3202089,19.73,-3.2475635070565343e-06,20.5,ASK
836,1712704769.8396237,369897453.4914348,19.74,-1.285078085779654e-07,20.5,ASK
837,1712704769.8425856,369898465.1498225,19.73,-1.283159244003028e-07,20.5,ASK
838,1712704769.8455644,369966829.33406776,19.74,-8.671122192802884e-06,20.5,ASK
839,1712704769.8485415,369989634.51857805,19.73,-2.892545909840892e-06,20.5,ASK
840,1712704769.8515332,369999870.2775612,19.73,-1.2982750815905432e-06,20.5,ASK
841,1712704769.9265542,370000376.6066751,19.75,6.422137066182662e-08,20.5,BID
842,1712704770.2730916,370000376.6066751,19.75,0.0,20.5,BID
843,1712704773.715113,370013626.3775313,19.75,1.6799914682341984e-06,20.5,BID
844,1712704800.2930284,370013626.3775313,19.75,0.0,20.5,BID
1045,1712704814.5427866,370013922.2285313,19.76,-3.7687168418173124e-08,20.5,ASK
845,1712704814.5427866,370013922.2285313,19.76,-3.768716841817312e-08,20.5,ASK
846,1712704814.5459516,370038930.021256,19.75,-3.1856336336413488e-06,20.5,ASK
847,1712704830.2741475,370038930.021256,19.75,-0.0,20.5,ASK
848,1712704860.409624,370038930.021256,19.75,-0.0,20.5,ASK
849,1712704879.469141,370043993.3123952,19.75,-6.449495145390229e-07,20.5,ASK
850,1712704879.4758897,370091443.2232924,19.73,-6.044052407112636e-06,20.5,ASK
851,1712704879.482463,370240927.3837863,19.75,-1.9040923006485e-05,20.5,ASK
852,1712704888.1549845,370375027.3837863,19.73,-1.7081326655172114e-05,20.5,ASK
853,1712704890.3996742,370375027.3837863,19.73,-0.0,20.5,ASK
854,1712704917.625107,370375531.4160443,19.83,6.414817458790007e-08,20.5,BID
855,1712704919.655622,370414361.7256921,19.83,4.941932669758607e-06,20.5,BID
856,1712704919.658764,370446991.7561246,19.83,4.152823268017431e-06,20.5,BID
857,1712704919.75816,370465992.44591904,19.83,-2.418217379534152e-06,20.5,ASK
858,1712704919.7749732,370495404.45985526,19.83,-3.743266378074058e-06,20.5,ASK
859,1712704920.2751772,370495404.45985526,19.83,-0.0,20.5,ASK
860,1712704934.0249505,370495908.4921133,19.84,6.4128692080169e-08,20.5,BID
861,1712704950.2745018,370495908.4921133,19.84,0.0,20.5,BID
862,1712704959.4542215,370631646.8114317,19.74,-1.7270144259992314e-05,20.5,ASK
863,1712704959.46429,370634168.24360514,19.83,-3.2080474839819774e-07,20.5,ASK
864,1712704980.4147427,370634168.24360514,19.83,-0.0,20.5,ASK
865,1712705008.703873,370634668.24360514,19.75,-6.3593497227216e-08,20.5,ASK
866,1712705010.39316,370634668.24360514,19.75,-0.0,20.5,ASK
867,1712705040.2792077,370634668.24360514,19.75,-0.0,20.5,ASK
868,1712705070.2615538,370634668.24360514,19.75,-0.0,20.5,ASK
869,1712705100.406893,370634668.24360514,19.75,-0.0,20.5,ASK
870,1712705130.4111109,370634668.24360514,19.75,-0.0,20.5,ASK
871,1712705160.2630668,370634668.24360514,19.75,-0.0,20.5,ASK
872,1712705161.2400303,370636592.2942381,19.76,-2.47551785946002e-07,20.5,ASK
873,1712705171.1595683,370638610.4577093,19.82,2.596605115661772e-07,20.5,BID
874,1712705172.570312,370638862.7281432,19.82,3.245756394577214e-08,20.5,BID
875,1712705177.9898045,370639368.8010177,19.76,-6.511223860342407e-08,20.5,ASK
876,1712705177.9961095,370700007.1432774,19.76,-7.801837262541821e-06,20.5,ASK
877,1712705178.074,370720914.1766197,19.76,2.6899361971437934e-06,20.5,BID
878,1712705188.5299785,370724414.1766197,19.75,-4.5031624218793723e-07,20.5,ASK
879,1712705188.5399723,370724721.5204149,19.74,-3.9543400830108885e-08,20.5,ASK
880,1712705188.54384,370856652.49593806,19.73,-1.6974474607366957e-05,20.5,ASK
881,1712705190.2796955,370856652.49593806,19.73,-0.0,20.5,ASK
882,1712705199.6292214,370907311.0572349,19.74,-6.514147737492164e-06,20.5,ASK
883,1712705199.7691991,371001184.0207192,19.74,1.207105644214426e-05,20.5,BID
884,1712705220.38767,371001184.0207192,19.74,0.0,20.5,BID
885,1712705237.6487231,371040191.1129178,19.74,-5.014054242118773e-06,20.5,ASK
886,1712705246.3685791,371040697.6985308,19.74,6.5117587557795e-08,20.5,BID
887,1712705250.3991582,371040697.6985308,19.74,0.0,20.5,BID
888,1712705269.5280476,371046776.7258864,19.74,7.813327120705161e-07,20.5,BID
889,1712705280.2529418,371046776.7258864,19.74,0.0,20.5,BID
890,1712705285.7783828,371049095.8383423,19.73,-2.980691436032313e-07,20.5,ASK
891,1712705310.2700963,371049095.8383423,19.73,-0.0,20.5,ASK
892,1712705315.1874423,371094737.9561799,19.73,-5.8662213361515886e-06,20.5,ASK
893,1712705318.6178434,371100140.1617206,19.74,6.943265322970299e-07,20.5,BID
894,1712705340.3772075,371100140.1617206,19.74,0.0,20.5,BID
895,1712705370.3852184,371100140.1617206,19.74,0.0,20.5,BID
896,1712705393.1565502,371110140.1617206,19.74,-1.2850985778476077e-06,20.5,ASK
897,1712705400.3600616,371110140.1617206,19.74,-0.0,20.5,ASK
898,1712705403.668068,371112403.5685901,19.77,2.928970349373285e-07,20.5,BID
899,1712705430.2760534,371112403.5685901,19.77,0.0,20.5,BID
900,1712705460.402434,371112403.5685901,19.77,0.0,20.5,BID
901,1712705490.385612,371112403.5685901,19.77,0.0,20.5,BID
902,1712705520.2815518,371112403.5685901,19.77,0.0,20.5,BID
903,1712705536.775078,371191645.9844616,19.78,-1.025433587103234e-05,20.5,ASK
904,1712705550.2745342,371191645.9844616,19.78,-0.0,20.5,ASK
905,1712705564.5446062,371219914.3228186,19.78,-3.657312180544262e-06,20.5,ASK
906,1712705580.384608,371219914.3228186,19.78,-0.0,20.5,ASK
907,1712705593.1243818,371220414.3228186,19.78,6.468451695942189e-08,20.5,BID
908,1712705610.384312,371220414.3228186,19.78,0.0,20.5,BID
909,1712705625.3747728,371225480.1789483,19.74,-6.553640749522423e-07,20.5,ASK
910,1712705625.3807175,371261982.0919487,19.74,-4.722211179172943e-06,20.5,ASK
911,1712705625.385476,371368929.17430377,19.73,-1.3835623022593272e-05,20.5,ASK
912,1712705625.4540975,371385216.21980894,19.73,-2.1070366465270074e-06,20.5,ASK
913,1712705640.258288,371385216.21980894,19.73,-0.0,20.5,ASK
914,1712705670.2687554,371385216.21980894,19.73,-0.0,20.5,ASK
915,1712705700.3787932,371385216.21980894,19.73,-0.0,20.5,ASK
916,1712705730.4036238,371385216.21980894,19.73,-0.0,20.5,ASK
917,1712705733.6839051,371391812.9995549,19.75,-8.5782448119349e-07,20.5,ASK
918,1712705760.2493515,371391812.9995549,19.75,-0.0,20.5,ASK
919,1712705788.683344,371395946.4340796,19.75,-5.374897134351617e-07,20.5,ASK
920,1712705788.695042,371395946.4340804,19.75,-1.085093680523726e-16,20.5,ASK
921,1712705790.2435565,371395946.4340804,19.75,-0.0,20.5,ASK
922,1712705820.3833165,371395946.4340804,19.75,-0.0,20.5,ASK
923,1712705850.3930824,371395946.4340804,19.75,-0.0,20.5,ASK
924,1712705870.23322,371425949.0024165,19.75,-3.9013320709076135e-06,20.5,ASK
925,1712705870.2423704,371426878.8590311,19.75,-1.2091229628108492e-07,20.5,ASK
926,1712705870.3524902,371434212.734411,19.74,-9.536477978561588e-07,20.5,ASK
927,1712705873.4652803,371442765.6984359,19.74,1.1121698808548783e-06,20.5,BID
928,1712705880.2588053,371442765.6984359,19.74,0.0,20.5,BID
929,1712705884.5625086,371452358.4435192,19.74,-1.2472260722888497e-06,20.5,ASK
930,1712705903.8223784,371552358.4435192,19.75,1.3001763952465756e-05,20.5,BID
931,1712705910.2567985,371552358.4435192,19.75,0.0,20.5,BID
932,1712705940.397235,371552358.4435192,19.75,0.0,20.5,BID
933,1712705958.6422672,371556320.3081187,19.74,-5.149673689126428e-07,20.5,ASK
934,1712705970.382445,371556320.3081187,19.74,-0.0,20.5,ASK
935,1712705974.302171,371574739.58344847,19.74,-2.394132634745616e-06,20.5,ASK
936,1712705974.3072348,371583879.6442388,19.74,-1.188022733242446e-06,20.5,ASK
937,1712705974.3104389,371595810.3556814,19.74,-1.5507507819493866e-06,20.5,ASK
938,1712706000.3118513,371595810.3556814,19.74,-0.0,20.5,ASK
939,1712706015.101978,371598343.28374624,19.74,3.310836666228156e-07,20.5,BID
940,1712706020.6617093,371598851.1557625,19.73,-6.638488145429122e-08,20.5,ASK
941,1712706020.821956,371599359.02777874,19.73,-6.638488145429122e-08,20.5,ASK
942,1712706022.5719495,371777654.4634898,19.73,-2.3305322964803807e-05,20.5,ASK
943,1712706030.2584193,371777654.4634898,19.73,-0.0,20.5,ASK
944,1712706031.761743,371827383.1175748,19.73,-6.497076529111091e-06,20.5,ASK
945,1712706060.391901,371827383.1175748,19.73,-0.0,20.5,ASK
946,1712706066.556542,371839329.35948616,19.74,1.5605831546218389e-06,20.5,BID
947,1712706066.5605674,371880106.4582286,19.74,5.326867969331351e-06,20.5,BID
948,1712706090.3916457,371880106.4582286,19.74,0.0,20.5,BID
949,1712706120.2454877,371880106.4582286,19.74,0.0,20.5,BID
950,1712706134.9864328,371907836.0243234,19.74,-3.6219265735983967e-06,20.5,ASK
951,1712706150.2982025,371907836.0243234,19.74,-0.0,20.5,ASK
952,1712706157.1311903,371912899.31546265,19.74,-6.612998410124064e-07,20.5,ASK
953,1712706180.381374,371912899.31546265,19.74,-0.0,20.5,ASK
954,1712706210.3684433,371912899.31546265,19.74,-0.0,20.5,ASK
955,1712706218.4610803,371929750.14174354,19.75,2.200802396839096e-06,20.5,BID
956,1712706240.2777104,371929750.14174354,19.75,0.0,20.5,BID
957,1712706246.6110425,371934810.87048846,19.76,6.609278191450297e-07,20.5,BID
958,1712706262.9108212,371964581.8666753,19.76,3.888072365721435e-06,20.5,BID
959,1712706270.2635689,371964581.8666753,19.76,0.0,20.5,BID
960,1712706278.2910397,371974934.595073,19.76,-1.3519379422139494e-06,20.5,ASK
961,1712706300.2833097,371974934.595073,19.76,-0.0,20.5,ASK
962,1712706324.8724449,371977930.6987743,19.78,3.925447654305181e-07,20.5,BID
963,1712706324.8799968,372024934.595073,19.78,6.158376106715184e-06,20.5,BID
964,1712706330.260953,372024934.595073,19.78,0.0,20.5,BID
965,1712706331.7308054,372029992.7640159,19.77,-6.626274286290608e-07,20.5,ASK
966,1712706360.4006746,372029992.7640159,19.77,-0.0,20.5,ASK
967,1712706390.3911276,372029992.7640159,19.77,-0.0,20.5,ASK
968,1712706391.1005795,372032188.89202815,19.78,2.8769216902627135e-07,20.5,BID
969,1712706391.108071,372035048.3757449,19.78,3.745915848953207e-07,20.5,BID
970,1712706407.520425,372082188.89202815,19.78,6.175394741380635e-06,20.5,BID
971,1712706413.780894,372136160.6103253,19.78,-7.070280337035588e-06,20.5,ASK
972,1712706413.7879138,372752371.0568951,19.77,-8.072339998281187e-05,20.5,ASK
973,1712706420.2758763,372752371.0568951,19.77,-0.0,20.5,ASK
974,1712706428.840621,372752623.5821476,19.8,3.301896051147588e-08,20.5,BID
975,1712706430.8103485,372753131.20944095,19.77,-6.637484919342437e-08,20.5,ASK
976,1712706437.2771006,372753636.259946,19.8,6.603792102295176e-08,20.5,BID
977,1712706442.9302652,372756685.3617368,19.8,3.986855596433423e-07,20.5,BID
978,1712706449.4805582,372778615.1862982,19.8,-2.867436044467275e-06,20.5,ASK
979,1712706450.2706058,372778615.1862982,19.8,-0.0,20.5,ASK
980,1712706480.390411,372778615.1862982,19.8,-0.0,20.5,ASK
981,1712706480.5218396,372861983.8033461,19.8,-1.0900129909048202e-05,20.5,ASK
982,1712706481.240337,372862993.9043561,19.8,1.3206686905768338e-07,20.5,BID
983,1712706507.0304377,372865519.1568813,19.8,3.301671726442084e-07,20.5,BID
984,1712706510.3714333,372865519.1568813,19.8,0.0,20.5,BID
985,1712706515.1006548,372884845.33112377,19.8,2.5262555060304928e-06,20.5,BID
986,1712706527.971074,372889900.9428528,19.78,-6.608533487584579e-07,20.5,ASK
987,1712706529.7202933,372890153.5186104,19.78,3.3015892862672664e-08,20.5,BID
988,1712706532.630437,372895209.1303394,19.78,6.608533487584579e-07,20.5,BID
989,1712706540.272486,372895209.1303394,19.78,0.0,20.5,BID
990,1712706540.6652234,372946475.3565094,19.77,-6.700841908894676e-06,20.5,ASK
991,1712706568.920391,372946735.3565094,19.78,3.3983755514503085e-08,20.5,BID
992,1712706570.240751,372946735.3565094,19.78,0.0,20.5,BID
993,1712706587.9501853,372971757.61012375,19.77,-3.270142084759409e-06,20.5,ASK
994,1712706590.5300856,372972222.61012375,19.77,-6.077054820274432e-08,20.5,ASK
995,1712706600.293314,372972222.61012375,19.77,-0.0,20.5,ASK
996,1712706604.2837565,373003706.4343353,19.77,-4.167556020956035e-06,20.5,ASK
997,1712706604.289683,373011534.08348495,19.77,-1.036156412397528e-06,20.5,ASK
998,1712706629.0104692,373012867.11332816,19.77,1.7645494752676513e-07,20.5,BID
999,1712706630.2600267,373012867.11332816,19.77,0.0,20.5,BID
1000,1712706642.4999475,373055022.6844937,19.76,-5.579595993973151e-06,20.5,ASK
1201,1712706660.3730729,373055022.6844937,19.76,-0.0,20.5,ASK
1202,1712706690.3923297,373055022.6844937,19.76,-0.0,20.5,ASK
1203,1712706709.0198276,373080337.3715652,19.76,-3.350213308596825e-06,20.5,ASK
1204,1712706720.285788,373080337.3715652,19.76,-0.0,20.5,ASK
1205,1712706723.7326674,373131337.3715652,19.76,-6.749029445938109e-06,20.5,ASK
1206,1712706745.249653,373136395.5405081,19.77,-6.693672772147168e-07,20.5,ASK
1207,1712706747.659849,373207811.6791439,19.76,-9.450776913104082e-06,20.5,ASK
1208,1712706747.6697206,373217933.13663375,19.76,-1.3394120516626646e-06,20.5,ASK
1209,1712706750.257908,373217933.13663375,19.76,-0.0,20.5,ASK
1210,1712706752.5397806,373236898.0530709,19.76,2.508798871540599e-06,20.5,BID
1211,1712706753.219553,373238897.2690547,19.77,2.644689113588064e-07,20.5,BID
1212,1712706771.2222548,373282601.3054478,19.77,5.781445837009773e-06,20.5,BID
1213,1712706778.9996507,373336994.1662318,19.78,7.195431005825375e-06,20.5,BID
1214,1712706779.01974,373336994.1662322,19.78,5.519415085885313e-17,20.5,BID
1215,1712706780.3920472,373336994.1662322,19.78,0.0,20.5,BID
1216,1712706808.960261,373342049.77796125,19.78,-6.685800214957889e-07,20.5,ASK
1217,1712706808.9636414,373349651.509768,19.78,-1.0052919977193023e-06,20.5,ASK
1218,1712706810.3799338,373349651.509768,19.78,-0.0,20.5,ASK
1219,1712706815.9597225,373359651.509768,19.78,-1.322407498677736e-06,20.5,ASK
1220,1712706816.559734,373369651.509768,19.78,-1.322407498677736e-06,20.5,ASK
1221,1712706824.5804496,373379651.509768,19.78,-1.322407498677736e-06,20.5,ASK
1222,1712706824.8593595,373389651.509768,19.78,-1.322407498677736e-06,20.5,ASK
1223,1712706825.969565,373399651.509768,19.78,-1.322407498677736e-06,20.5,ASK
1224,1712706827.269499,373409651.509768,19.78,-1.322407498677736e-06,20.5,ASK
1225,1712706827.749751,373419651.509768,19.78,-1.322407498677736e-06,20.5,ASK
1226,1712706828.429496,373429651.509768,19.78,-1.322407498677736e-06,20.5,ASK
1227,1712706828.8793824,373439651.509768,19.78,-1.322407498677736e-06,20.5,ASK
1228,1712706838.2296188,373459374.2246809,19.78,-2.608146609509078e-06,20.5,ASK
1229,1712706840.251639,373459374.2246809,19.78,-0.0,20.5,ASK
1230,1712706870.2414932,373459374.2246809,19.78,-0.0,20.5,ASK
1231,1712706900.3905046,373459374.2246809,19.78,-0.0,20.5,ASK
1232,1712706911.769384,373473014.15037286,19.78,-1.8283876264455808e-06,20.5,ASK
1233,1712706927.239387,373605774.15037286,19.78,-1.779604572405813e-05,20.5,ASK
1234,1712706930.3920689,373605774.15037286,19.78,-0.0,20.5,ASK
1235,1712706960.2824178,373605774.15037286,19.78,-0.0,20.5,ASK
1236,1712706968.7855794,373615774.15037286,19.79,-1.339947310215141e-06,20.5,ASK
1237,1712706971.9292977,373665774.15037286,19.79,-6.699736551075706e-06,20.5,ASK
1238,1712706971.969113,373776860.52507925,19.79,-1.4884988898937525e-05,20.5,ASK
1239,1712706972.069445,373795041.35603225,19.79,-2.4361355532951177e-06,20.5,ASK
1240,1712706990.2694952,373795041.35603225,19.79,-0.0,20.5,ASK
1241,1712706993.9395378,373805041.35603225,19.79,-1.3392751408836274e-06,20.5,ASK
1242,1712707020.4227283,373805041.35603225,19.79,-0.0,20.5,ASK
1243,1712707035.4494455,373825336.40797824,19.8,2.717993817018556e-06,20.5,BID
1244,1712707035.4590871,373851805.1744583,19.8,3.544802143315552e-06,20.5,BID
1245,1712707049.7495475,373855546.4065373,19.8,-5.010406322633001e-07,20.5,ASK
1246,1712707049.7525406,374098666.12219656,19.8,-3.2559556177333536e-05,20.5,ASK
1247,1712707050.3800447,374098666.12219656,19.8,-0.0,20.5,ASK
1248,1712707050.9839792,374233437.12219656,19.8,-1.803502449677008e-05,20.5,ASK
1249,1712707065.5696335,374278015.06563365,19.8,-5.965410228489211e-06,20.5,ASK
1250,1712707075.234542,374303015.06563365,19.82,3.345494300845521e-06,20.5,BID
1251,1712707075.235976,374306416.2738428,19.82,4.551489071809722e-07,20.5,BID
1252,1712707075.3497808,374439468.1433329,19.82,-1.780497084384511e-05,20.5,ASK
1253,1712707080.2533855,374439468.1433329,19.82,-0.0,20.5,ASK
1254,1712707091.2460196,374488332.42748505,19.8,-6.5331051503809535e-06,20.5,ASK
1255,1712707091.769425,374488772.7181572,19.8,-5.8866415575796695e-08,20.5,ASK
1256,1712707104.633486,374504620.5222024,19.8,-2.1188353012178543e-06,20.5,ASK
1257,1712707108.2907531,374505124.80863714,19.83,6.74225840209377e-08,20.5,BID
1258,1712707108.292466,374510224.2476989,19.83,6.817898220778215e-07,20.5,BID
1259,1712707108.2948034,374578233.8664463,19.83,9.092816936204293e-06,20.5,BID
1260,1712707108.2971897,374624102.6176284,19.8,6.132605435423905e-06,20.5,BID
1261,1712707108.2995214,374654982.8451884,19.82,4.1286550538403484e-06,20.5,BID
1262,1712707108.3018358,374655991.4180578,19.83,1.348451680418754e-07,20.5,BID
1263,1712707110.283079,374655991.4180578,19.83,0.0,20.5,BID
1264,1712707129.029887,374691291.6286992,19.82,4.71689682671322e-06,20.5,BID
1265,1712707140.3784328,374691291.6286992,19.82,0.0,20.5,BID
1266,1712707146.2710297,374696347.24042815,19.78,-6.754795307375179e-07,20.5,ASK
1267,1712707146.272546,374750356.8616403,19.77,-7.216217452509359e-06,20.5,ASK
1268,1712707146.2739704,374757659.0839468,19.75,-9.756488356707163e-07,20.5,ASK
1269,1712707146.27535,374758165.66955984,19.74,-6.76848283651533e-08,20.5,ASK
1270,1712707146.2770967,374759177.8281208,19.74,-1.352343547059055e-07,20.5,ASK
1271,1712707146.2795117,374773864.9868671,19.78,-1.962349094361314e-06,20.5,ASK
1272,1712707146.2818158,374846706.11308455,19.74,-9.732292033795012e-06,20.5,ASK
1273,1712707146.284175,374879102.104962,19.75,-4.3284236536143e-06,20.5,ASK
1274,1712707146.285629,374879355.4484271,19.74,-3.3849182668397986e-08,20.5,ASK
1275,1712707167.8500364,374980212.7353661,19.75,-1.347552709846292e-05,20.5,ASK
1276,1712707167.8531787,375014128.0184271,19.74,-4.53141592255491e-06,20.5,ASK
1277,1712707170.3536935,375014128.0184271,19.74,-0.0,20.5,ASK
1278,1712707190.7496047,375064582.1052081,19.82,6.735424597008645e-06,20.5,BID
1279,1712707192.183987,375121602.5273299,19.74,-7.612004858159075e-06,20.5,ASK
1280,1712707192.188684,375141297.5326683,19.74,-2.6292067076748405e-06,20.5,ASK
1281,1712707197.119665,375172177.7602283,19.81,4.1223904254067545e-06,20.5,BID
1282,1712707197.282921,375191777.0884473,19.81,-2.616434183894928e-06,20.5,ASK
1283,1712707197.2853298,375191777.0884482,19.81,-1.273118167044857e-16,20.5,ASK
1284,1712707200.3916144,375191777.0884482,19.81,-0.0,20.5,ASK
1285,1712707201.014739,4458.31475702,19.74,-6.174892467861778e-07,19.74,ASK
1286,1712707202.032406,193725.52041643,19.74,-2.6214045134415665e-05,19.74,ASK
1287,1712707203.077644,198786.24916136,19.84,7.009252937952604e-07,19.84,BID
1288,1712707203.079145,439516.16889231,19.83,3.334177708729562e-05,19.84,BID
1289,1712707203.0806282,440516.16889231,19.84,1.3850283805419706e-07,19.84,BID
1290,1712707203.0820868,445445.52152572,19.85,6.827293294972173e-07,19.85,BID
1291,1712707203.0835788,484314.77947632,19.81,5.3835025392187626e-06,19.85,BID
1292,1712707203.085032,485322.84399245,19.84,1.3961979642573057e-07,19.85,BID
1293,1712707203.0864758,500583.6727436,19.79,2.1136680930933616e-06,19.85,BID
1294,1712707203.0879722,517482.39923195,19.85,2.340521578138112e-06,19.85,BID
1295,1712707203.0894396,674290.01727659,19.82,2.1718300127701155e-05,19.85,BID
1296,1712707203.090924,675903.34365323,19.86,2.234502818723351e-07,19.86,BID
1297,1712707203.0923927,676910.9003283,19.85,1.3954945899764064e-07,19.86,BID
1298,1712707203.0938616,727263.3675992,19.86,6.973959620050723e-06,19.86,BID
1299,1712707203.0953486,731699.78496927,19.85,6.144563965476325e-07,19.86,BID
1300,1712707203.096878,732264.78080143,19.86,7.82535262429526e-08,19.86,BID
1301,1712707205.4607286,734240.8986876,19.74,-2.736979355642121e-07,19.86,ASK
1302,1712707209.6370173,937797.96205156,19.74,-2.819323098188648e-05,19.86,ASK
1303,1712707211.1129177,1201522.33446315,19.74,-3.652657404306719e-05,19.86,ASK
1304,1712707212.0319848,1302634.99910347,19.74,-1.4004391015906575e-05,19.86,ASK
1305,1712707212.0335248,1479069.15034115,19.74,-2.4436630676102083e-05,19.86,ASK
1306,1712707212.0350013,1555056.99228643,19.74,-1.0524531767035048e-05,19.86,ASK
1307,1712707215.9913018,1557124.78572355,19.77,2.863952595509683e-07,19.86,BID
1308,1712707215.9939094,1579739.07191429,19.86,3.132142817987336e-06,19.86,BID
1309,1712707221.1639285,1580002.08991429,19.85,3.642873945932821e-08,19.86,BID
1310,1712707221.1655152,1580242.85025182,19.85,3.334599003878265e-08,19.86,BID
1311,1712707221.2412236,1580746.62858935,19.85,6.977472949814313e-08,19.86,BID
1312,1712707227.0777352,1583265.520277,19.85,3.4887364749065106e-07,19.86,BID
1313,1712707230.2588575,1583539.01105525,19.85,3.7879248969265166e-08,19.86,BID
1314,1712707230.3699603,1583539.01105525,19.85,0.0,19.86,BID
1315,1712707247.5902731,1633330.18599674,19.83,6.866442586798644e-06,19.86,BID
1316,1712707260.5300534,1633330.18599674,19.83,0.0,19.86,BID
1317,1712707260.7427912,1633330.18599674,19.83,0.0,19.86,BID
1318,1712707271.656746,1638393.47713598,19.75,-6.981571471622844e-07,19.86,ASK
1319,1712707277.0105062,1639407.16188002,19.73,-1.3977297168163938e-07,19.86,ASK
1320,1712707277.0121446,1641168.2164943,19.73,-2.428248409367851e-07,19.86,ASK
1321,1712707277.0137615,1739250.76407496,19.73,-1.3524213742052194e-05,19.86,ASK
1322,1712707280.4756284,1764060.80079925,19.74,-3.4209576309335364e-06,19.86,ASK
1323,1712707280.4802046,1842535.01633573,19.73,-1.0820498552838335e-05,19.86,ASK
1324,1712707290.423566,1842535.01633573,19.73,-0.0,19.86,ASK
1325,1712707305.3851907,1843524.1825925,19.73,-1.36314625981589e-07,19.86,ASK
1326,1712707316.8800597,1848611.04573106,19.73,-7.010083910631702e-07,19.86,ASK
1327,1712707320.380732,1848611.04573106,19.73,-0.0,19.86,ASK
1328,1712707320.6577334,1848611.04573106,19.73,-0.0,19.86,ASK
1329,1712707323.4945736,1866615.23224406,19.73,2.481072711093902e-06,19.86,BID
1330,1712707335.6691816,1920844.42783379,19.73,-7.473071733904977e-06,19.86,ASK
1331,1712707337.709788,1927457.12944879,19.72,-9.112654721576584e-07,19.86,ASK
1332,1712707343.9725904,1929982.38197404,19.72,-3.4799323615619935e-07,19.86,ASK
1333,1712707350.3414855,1929982.38197404,19.72,-0.0,19.86,ASK
1334,1712707356.5762892,1971656.14750253,19.73,5.741596456470093e-06,19.86,BID
1335,1712707376.3399582,1976949.85101573,19.73,-7.293391645210121e-07,19.86,ASK
1336,1712707380.5104666,1976949.85101573,19.73,-0.0,19.86,ASK
1337,1712707380.736401,1976949.85101573,19.73,-0.0,19.86,ASK
1338,1712707410.41434,1976949.85101573,19.73,-0.0,19.86,ASK
1339,1712707440.5138874,1976949.85101573,19.73,-0.0,19.86,ASK
1340,1712707440.545855,1976949.85101573,19.73,-0.0,19.86,ASK
1341,1712707456.8998306,2002279.13166415,19.74,-3.489292153043191e-06,19.86,ASK
1342,1712707456.9998744,2003073.64471458,19.74,1.0944993625504774e-07,19.86,BID
1343,1712707470.3235977,2003073.64471458,19.74,0.0,19.86,BID
1344,1712707500.7436717,2003073.64471458,19.74,0.0,19.86,BID
1345,1712707501.0448158,2003073.64471458,19.74,0.0,19.86,BID
1346,1712707519.8010154,2014726.82840417,19.72,-1.6559199051191775e-06,19.86,ASK
1347,1712707519.8046472,2053445.9931654,19.74,-5.502001628532243e-06,19.86,ASK
1348,1712707524.7726529,2053949.77150293,19.72,-7.158700996267303e-08,19.86,ASK
1349,1712707524.909788,2054453.54984046,19.72,-7.158700996270609e-08,19.86,ASK
1350,1712707530.4057572,2054453.54984046,19.72,-0.0,19.86,ASK
1351,1712707534.191476,2058009.82490959,19.72,-5.052746472935094e-07,19.86,ASK
1352,1712707534.1950822,2061062.86750592,19.72,-4.337755069688977e-07,19.86,ASK
1353,1712707534.201975,2104958.60034551,19.72,-6.236694433662207e-06,19.86,ASK
1354,1712707537.2414613,2109237.30969657,19.72,-6.079179242895938e-07,19.86,ASK
1355,1712707543.678566,2109744.66636831,19.71,-7.208510544941519e-08,19.86,ASK
1356,1712707543.6803026,2110744.66636831,19.71,-1.4207974284090882e-07,19.86,ASK
1357,1712707543.682273,2116072.31730691,19.71,-7.569512753024573e-07,19.86,ASK
1358,1712707543.683921,2127374.29630691,19.7,-1.605782269913326e-06,19.86,ASK
1359,1712707543.6855652,2128385.96703166,19.71,-1.4373791641216022e-07,19.86,ASK
1360,1712707543.6872268,2354045.77314381,19.7,-3.206168722194364e-05,19.86,ASK
1361,1712707543.6888938,2405086.96156432,19.69,-7.251918925080422e-06,19.86,ASK
1362,1712707543.6905408,2406340.81943234,19.7,-1.7814780344732568e-07,19.86,ASK
1363,1712707543.6922233,2426580.19982847,19.69,-2.8756059619414856e-06,19.86,ASK
1364,1712707547.5816696,2533177.4593225,19.69,1.5145311216457397e-05,19.86,BID
1365,1712707549.736009,2694630.53702179,19.69,-2.293921176038841e-05,19.86,ASK
1366,1712707560.538662,2694630.53702179,19.69,-0.0,19.86,ASK
1367,1712707560.5530772,2694630.53702179,19.69,-0.0,19.86,ASK
1368,1712707590.2757592,2694630.53702179,19.69,-0.0,19.86,ASK
1369,1712707596.510002,2695952.16294397,19.69,1.874404675311865e-07,19.86,BID
1370,1712707611.1903293,2817447.68797225,19.7,-1.7231182917998133e-05,19.86,ASK
1371,1712707620.3757603,2817447.68797225,19.7,-0.0,19.86,ASK
1372,1712707620.642543,2817447.68797225,19.7,-0.0,19.86,ASK
1373,1712707636.9600158,2827605.12829728,19.7,-1.440091508920764e-06,19.86,ASK
1374,1712707637.0600128,2921957.69174225,19.7,1.3377024241745297e-05,19.86,BID
1375,1712707650.3153534,2921957.69174225,19.7,0.0,19.86,BID
1376,1712707669.349827,2924476.5834299,19.69,-3.5701671743122146e-07,19.86,ASK
1377,1712707680.503216,2924476.5834299,19.69,-0.0,19.86,ASK
1378,1712707680.763234,2924476.5834299,19.69,-0.0,19.86,ASK
1379,1712707710.4071276,2924476.5834299,19.69,-0.0,19.86,ASK
1380,1712707712.703743,2950872.48874147,19.71,-3.741214149331989e-06,19.86,ASK
1381,1712707717.2324016,3114274.45095369,19.69,-2.315971836696236e-05,19.86,ASK
1382,1712707717.234197,3138614.21281614,19.71,-3.4497873968071834e-06,19.86,ASK
1383,1712707727.3117769,3139483.0225468,19.71,1.2314043481572358e-07,19.86,BID
1384,1712707732.383178,3140483.0225468,19.77,1.4173464047441154e-07,19.86,BID
1385,1712707740.6931996,3140483.0225468,19.77,0.0,19.86,BID
1386,1712707740.7208226,3140483.0225468,19.77,0.0,19.86,BID
1387,1712707770.3936553,3140483.0225468,19.77,0.0,19.86,BID
1388,1712707771.5400426,3169661.21876794,19.71,-4.133068998577378e-06,19.86,ASK
1389,1712707789.0103316,3171686.82434771,19.77,2.869254686492874e-07,19.86,BID
1390,1712707789.0122068,3271256.25670993,19.77,1.4103933326902489e-05,19.86,BID
1391,1712707796.7696648,3279044.60428022,19.79,1.103213428580218e-06,19.86,BID
1392,1712707796.9301074,3313344.06509545,19.79,-4.858492179877685e-06,19.86,ASK
1393,1712707797.0180073,3401542.67862034,19.79,-1.249326560540162e-05,19.86,ASK
1394,1712707797.095474,3435842.13943557,19.79,-4.858492179877751e-06,19.86,ASK
1395,1712707799.4802182,3440956.52399644,19.79,7.24448629899185e-07,19.86,BID
1396,1712707800.2972834,3440956.52399644,19.79,0.0,19.86,BID
1397,1712707800.8289697,3440956.52399644,19.79,0.0,19.86,BID
1398,1712707800.8531122,3578609.00249922,19.81,1.968436813052101e-05,19.86,BID
1399,1712707801.440488,3583507.36769743,19.82,7.004684902738509e-07,19.86,BID
1400,1712707801.4423506,3638625.62972022,19.81,7.88193697761283e-06,19.86,BID
1401,1712707801.4441452,3659245.66536176,19.82,2.9486746395514187e-06,19.86,BID
1402,1712707801.4459157,3811587.77464993,19.82,2.1784992131092257e-05,19.86,BID
1403,1712707805.4119878,3836802.09638468,19.83,3.605659677084476e-06,19.86,BID
1404,1712707805.4138288,3837810.66925407,19.83,1.4422638708341632e-07,19.86,BID
1405,1712707807.0499182,3838314.70151213,19.84,7.207684616522975e-08,19.86,BID
1406,1712707807.1322002,3838818.73377019,19.84,7.207684616522975e-08,19.86,BID
1407,1712707808.7480876,3839826.29044526,19.85,1.4408107082532796e-07,19.86,BID
1408,1712707808.7514534,3839826.29044527,19.84,1.4649751509768893e-18,19.86,BID
1409,1712707808.7605724,3890459.20183767,19.87,7.240529761677534e-06,19.87,BID
1410,1712707808.7626164,3895847.50360609,19.86,7.705296465531554e-07,19.87,BID
1411,1712707808.764491,3940391.30607794,19.87,6.369784368041018e-06,19.87,BID
1412,1712707808.7675653,3941397.84860437,19.87,1.4393604710046969e-07,19.87,BID
1413,1712707808.771016,3959365.33264658,19.86,2.569358533264492e-06,19.87,BID
1414,1712707808.7734964,4056424.25693537,19.89,1.387947109150187e-05,19.89,BID
1415,1712707808.7753189,4812256.80813944,19.88,0.0001080844046163,19.89,BID
1416,1712707808.7771342,4897383.98401964,19.9,1.2173225547142126e-05,19.9,BID
1417,1712707808.7789552,5097383.98401964,19.88,2.8600092558629097e-05,19.9,BID
1418,1712707808.7807934,5100267.78744604,19.89,4.123852245796341e-07,19.9,BID
1419,1712707808.7826142,5101272.81257167,19.9,1.437190580838578e-07,19.9,BID
1420,1712707808.7844875,5102278.84878898,19.88,1.438636446620621e-07,19.9,BID
1421,1712707808.786307,5115715.36478695,19.9,1.921428006037148e-06,19.9,BID
1422,1712707811.5707564,5179295.69015553,19.92,9.092015952245767e-06,19.92,BID
1423,1712707811.5739973,5179901.96718675,19.91,8.669789604525205e-08,19.92,BID
1424,1712707811.5771532,5180905.47947978,19.93,1.4350272232197325e-07,19.93,BID
1425,1712707811.5803006,5181909.99982132,19.91,1.436468737253136e-07,19.93,BID
1426,1712707811.5823774,5182914.01588558,19.92,1.4357476184095469e-07,19.93,BID
1427,1712707811.584215,5183771.17099006,19.93,1.2257357662611158e-07,19.93,BID
1428,1712707812.4004452,5184771.17099006,19.94,1.4300046279314548e-07,19.94,BID
1429,1712707812.402463,5192880.79987671,19.94,1.1596806838716564e-06,19.94,BID
1430,1712707815.2313273,5224954.65739273,19.94,4.586576468352212e-06,19.94,BID
1431,1712707815.2356129,5353362.2442097,19.94,1.836234434097776e-05,19.94,BID
1432,1712707822.289904,5383409.2501615,19.93,4.296735756655718e-06,19.94,BID
1433,1712707822.299856,5406456.02643381,19.94,3.2956996728304067e-06,19.94,BID
1434,1712707822.4001863,5426459.13488171,19.94,-2.8604537653511844e-06,19.94,ASK
1435,1712707825.0907357,5432026.61192553,19.94,-7.961517938565515e-07,19.94,ASK
1436,1712707825.094952,5517777.99812978,19.91,-1.2262487912361525e-05,19.94,ASK
1437,1712707830.0637927,5525674.26542209,19.95,1.129169877138644e-06,19.95,BID
1438,1712707830.2809258,5525674.26542209,19.95,0.0,19.95,BID
1439,1712707830.4585342,5525930.41810909,19.91,-3.641416130655472e-08,19.95,ASK
1440,1712707830.4605155,5533570.5327144,19.88,-1.0861036395773445e-06,19.95,ASK
1441,1712707830.6795547,5541485.91540336,19.95,1.1252352080099165e-06,19.95,BID
1442,1712707831.0700307,5549401.29809232,19.88,-1.1252352080100486e-06,19.95,ASK
1443,1712707831.2502651,5599576.91274359,19.96,7.132866521779231e-06,19.96,BID
1444,1712707831.253576,5602584.43154059,19.95,4.275429467050792e-07,19.96,BID
1445,1712707831.260425,5604087.43755262,19.96,2.136643734162989e-07,19.96,BID
1446,1712707831.2636611,5730118.90399652,19.95,1.791638495983386e-05,19.96,BID
1447,1712707831.266921,5735151.61662863,19.95,7.15440512225126e-07,19.96,BID
1448,1712707831.2760098,5818979.28735953,19.96,1.1916776512074727e-05,19.96,BID
1449,1712707831.2824216,5819980.78961292,19.97,1.4237158716122593e-07,19.97,BID
1450,1712707831.2843614,5826626.8101238,19.97,9.447851816981368e-07,19.97,BID
1451,1712707831.2862778,5826886.3932453,19.97,3.6901825116342055e-08,19.97,BID
1452,1712707831.373989,6012972.50403271,19.96,-2.6453634878790896e-05,19.97,ASK
1453,1712707831.650587,6020879.60991848,19.88,-1.1240585939757049e-06,19.97,ASK
1454,1712707831.8790936,6028724.58251219,19.97,1.1152258475927176e-06,19.97,BID
1455,1712707832.2603586,6035660.90723157,19.85,-9.86054256015118e-07,19.97,ASK
1456,1712707832.264547,6036569.5551059,19.88,-1.2917159157773188e-07,19.97,ASK
1457,1712707832.3640292,6042078.56200131,19.97,7.83149566290872e-07,19.97,BID
1458,1712707832.366014,6074109.84990414,19.98,4.553504779553019e-06,19.98,BID
1459,1712707832.481457,6081982.08033506,19.98,1.119100768026509e-06,19.98,BID
1460,1712707832.7214704,6082588.35736628,19.98,8.618714825848688e-08,19.98,BID
1461,1712707832.7240095,6084702.54172279,19.98,3.00548282711318e-07,19.98,BID
1462,1712707832.7264545,6094702.54172279,20.0,1.4215802977908633e-06,20.0,BID
1463,1712707832.72891,6664245.44289132,19.98,8.096509670478309e-05,20.0,BID
1464,1712707832.731354,6664495.44289132,20.0,3.5539507444771585e-08,20.0,BID
1465,1712707832.7334456,6674477.6469458,19.98,1.4190504612376112e-06,20.0,BID
1466,1712707832.7354448,6805698.95220016,19.99,1.865416221999998e-05,20.0,BID
1467,1712707832.737435,6955609.50728253,20.0,2.1310989153598857e-05,20.0,BID
1468,1712707832.739434,6963263.4092183,20.02,1.0880636193114232e-06,20.02,BID
1469,1712707832.741437,6968522.82864672,20.0,7.476687037260716e-07,20.02,BID
1470,1712707832.7434478,6968772.20520533,20.05,3.5450880244987914e-08,20.05,BID
1471,1712707832.7454448,6971711.64001054,20.0,4.1786426057282266e-07,20.05,BID
1472,1712707832.747434,6978697.1372481,20.05,9.930445243186955e-07,20.05,BID
1473,1712707832.749437,6994129.10416311,20.0,2.193778012253934e-06,20.05,BID
1474,1712707832.7514346,6998845.63682642,20.03,6.704929908048488e-07,20.05,BID
1475,1712707832.753445,7001783.56959109,20.02,4.176507334488944e-07,20.05,BID
1476,1712707832.7554493,7027256.81256297,20.0,3.62122603296647e-06,20.05,BID
1477,1712707832.765496,7072669.33779212,20.05,-6.455755113868943e-06,20.05,ASK
1478,1712707832.8432832,7080541.56822304,19.89,-1.119100768026509e-06,20.05,ASK
1479,1712707833.08063,7081583.31048183,20.0,1.4809202704719426e-07,20.05,BID
1480,1712707833.0850425,7081842.53451086,20.07,3.6850777238394004e-08,20.07,BID
1481,1712707833.088505,7082842.53451086,20.06,1.4215802977908634e-07,20.07,BID
1482,1712707833.0919647,7088115.64058203,20.08,7.49614369893593e-07,20.08,BID
1483,1712707833.0954058,7088373.91068825,20.07,3.67151694511584e-08,20.08,BID
1484,1712707833.181581,7091300.8866179,20.08,4.160931313697892e-07,20.08,BID
1485,1712707833.1836128,7110870.72962167,20.09,2.782010324502028e-06,20.09,BID
1486,1712707833.1856463,7120870.72962167,20.1,1.4215802977908633e-06,20.1,BID
1487,1712707833.187677,7121870.72962167,20.09,1.4215802977908634e-07,20.1,BID
1488,1712707833.1921823,7253066.34344954,20.08,1.8650509977427888e-05,20.1,BID
1489,1712707833.1943777,7260569.33097277,20.09,1.066609923759414e-06,20.1,BID
1490,1712707833.196429,7268720.68377446,20.1,1.1587802543224684e-06,20.1,BID
1491,1712707833.198446,7268969.3162956,20.11,3.534510934419236e-08,20.11,BID
1492,1712707833.2004929,7271308.7172956,20.1,3.325646370233006e-07,20.11,BID
1493,1712707833.202524,7276938.45360068,20.12,8.003122213060164e-07,20.12,BID
1494,1712707833.204592,7277186.4694737,20.16,3.525744786240405e-08,20.16,BID
1495,1712707833.2066374,7278822.92466,20.1,2.326352451061728e-07,20.16,BID
1496,1712707833.2087038,7279814.98815207,20.16,1.4102979144842466e-07,20.16,BID
1497,1712707833.2110283,7284076.4031044,20.1,6.057943536944133e-07,20.16,BID
1498,1712707833.2130885,7286557.79268257,20.15,3.527494535470257e-07,20.16,BID
1499,1712707833.215168,7287549.36432363,20.17,1.4095987087784704e-07,20.17,BID
1500,1712707833.2172494,7312532.02883011,20.15,3.551486364873121e-06,20.17,BID
1501,1712707833.2193398,7313532.02883011,20.17,1.4215802977908634e-07,20.17,BID
1502,1712707833.2214472,7314523.10910762,20.18,1.4089001960372996e-07,20.18,BID
1503,1712707833.2237473,7315513.69850832,20.19,1.408202375235996e-07,20.19,BID
1504,1712707833.2258258,7315770.66881532,20.17,3.653039255484432e-08,20.19,BID
1505,1712707833.2279377,7386766.20204088,20.19,1.009258512646122e-05,20.19,BID
1506,1712707833.4671185,7394598.54450609,20.08,-1.1134303734092937e-06,20.19,ASK
1507,1712707833.665013,7402485.03280227,20.19,1.1211276380607768e-06,20.19,BID
1508,1712707833.7039473,7411594.66168892,20.08,-1.2950068945448606e-06,20.19,ASK
1509,1712707834.051496,7419481.1499851,20.09,-1.1211276380607768e-06,20.19,ASK
1510,1712707834.1403532,7427353.38041602,20.09,-1.119100768026509e-06,20.19,ASK
1511,1712707834.2790115,7435195.09250843,20.18,1.1147623411518196e-06,20.19,BID
1512,1712707834.6439478,7443036.80460084,20.09,-1.114762341151952e-06,20.19,ASK
1513,1712707834.8207808,7450791.5581884,20.19,1.102400491429802e-06,20.19,BID
1514,1712707834.8229809,7450836.33439217,20.18,6.3652969089571755e-09,20.19,BID
1515,1712707835.170704,7458635.8641835,20.09,-1.1087657883387592e-06,20.19,ASK
1516,1712707835.1737175,7508165.33421817,20.19,7.041011876130862e-06,20.19,BID
1517,1712707835.1911683,7545705.62911817,20.09,-5.336654360309896e-06,20.19,ASK
1518,1712707835.4100983,7553510.4417572,20.18,1.1095167875595054e-06,20.19,BID
1519,1712707835.7534866,7560865.49991751,20.09,-1.0455805769802154e-06,20.19,ASK
1520,1712707835.755761,7596350.33151468,20.09,-5.0444537468963365e-06,20.19,ASK
1521,1712707835.757941,7650623.49960505,20.08,-7.715366645596245e-06,20.19,ASK
1522,1712707835.7723844,7658428.31224408,19.92,-1.1095167875593729e-06,20.19,ASK
1523,1712707835.8497756,7661432.81900422,19.97,4.271147614794412e-07,20.19,BID
1524,1712707835.870519,7681435.92745212,19.97,2.8436024864108674e-06,20.19,BID
1525,1712707835.8741157,7731375.07546881,19.97,7.099250890898856e-06,20.19,BID
1526,1712707836.0011663,7739269.86247423,20.18,1.1223073662160178e-06,20.19,BID
1527,1712707836.0497675,7743715.38084411,20.18,6.319661328088158e-07,20.19,BID
1528,1712707836.0543697,7743729.72372299,20.18,2.0389554029379192e-09,20.19,BID
1529,1712707836.6523714,7745436.8946922,20.18,2.426880614790272e-07,20.19,BID
1530,1712707836.654619,7753331.68169762,20.18,-1.1223073662160178e-06,20.19,ASK
1531,1712707836.6620595,7834156.33798612,20.18,-1.1489873895544992e-05,20.19,ASK
1532,1712707836.674857,7889362.30881795,20.18,-7.847972045494668e-06,20.19,ASK
1533,1712707836.6793227,7897219.78654697,20.18,1.1170035529904911e-06,20.19,BID
1534,1712707836.940251,7993735.4431463,20.1,-1.3720475584995594e-05,20.19,ASK
1535,1712707836.943717,8001592.92087532,20.1,-1.1170035529906237e-06,20.19,ASK
1536,1712707836.9467306,8480701.78120962,20.09,-6.810917163482747e-05,20.19,ASK
1537,1712707836.9898827,8490612.58398464,20.18,1.4089001960259131e-06,20.19,BID
1538,1712707837.1604707,8493751.3368229,20.18,4.461989194507594e-07,20.19,BID
1539,1712707837.1626933,8498483.46116351,20.18,6.727094729305932e-07,20.19,BID
1540,1712707837.4398987,8499997.50165521,20.17,2.152330133058557e-07,20.19,BID
1541,1712707837.499534,8507868.37883408,20.09,-1.1189083923813526e-06,20.19,ASK
1542,1712707837.7201543,8510072.57921285,20.18,3.1334478308426025e-07,20.19,BID
1543,1712707837.7250855,8517946.38602807,20.19,1.119324863712824e-06,20.19,BID
1544,1712707837.7291672,8620805.47986472,20.19,1.462224612468036e-05,20.19,BID
1545,1712707837.76029,8654784.35511509,20.18,-4.83036995970186e-06,20.19,ASK
1546,1712707837.9769447,9102574.64835449,20.19,6.36569858411124e-05,20.19,BID
1547,1712707837.9809709,9130258.14855981,20.18,-3.935431846577399e-06,20.19,ASK
1548,1712707837.983214,9158117.83570769,20.19,-3.96047823520435e-06,20.19,ASK
1549,1712707838.0397248,9158612.88521264,20.2,7.037526226663061e-08,20.2,BID
1550,1712707838.144801,9166486.69202786,20.18,-1.119324863712824e-06,20.2,ASK
1551,1712707838.358699,9173868.68934937,20.2,1.0494101950604518e-06,20.2,BID
1552,1712707838.360997,9174363.73885433,20.2,7.037526226821934e-08,20.2,BID
1553,1712707838.3632686,9711856.04063747,20.09,-7.640884664291737e-05,20.2,ASK
1554,1712707838.3655174,9749988.25578797,20.18,-5.420800576907266e-06,20.2,ASK
1555,1712707838.6319656,9952671.9191543,20.2,2.8813110252564897e-05,20.2,BID
1556,1712707838.7022574,9960548.96598077,20.09,-1.1197854573286712e-06,20.2,ASK
1557,1712707838.7608676,9965548.96598077,20.2,7.107901488954317e-07,20.2,BID
1558,1712707838.765905,9979437.48504925,20.2,1.9743645073243223e-06,20.2,BID
1559,1712707838.770824,9989437.48504925,20.2,1.4215802977908633e-06,20.2,BID
1560,1712707838.780373,9994496.99005116,20.21,7.192492627289624e-07,20.21,BID
1561,1712707838.7826364,10006454.8771169,20.2,1.699909665586461e-06,20.21,BID
1562,1712707838.7850175,10009459.3839769,20.1,-4.271147756752284e-07,20.21,ASK
1563,1712707838.9000287,10017293.27256566,20.21,1.1136501672869955e-06,20.21,BID
1564,1712707839.3088968,10025127.16115442,20.1,-1.1136501672869955e-06,20.21,ASK
1565,1712707839.51291,10032939.28395645,20.19,1.110555985928902e-06,20.21,BID
1566,1712707839.918218,10040751.40675848,20.1,-1.110555985928902e-06,20.21,ASK
1567,1712707840.1299098,10048644.1160084,20.18,1.12201199658796e-06,20.21,BID
1568,1712707840.5297112,10056536.82525832,20.1,-1.1220119965876953e-06,20.21,ASK
1569,1712707840.848152,10064334.15037307,20.18,1.108452375859759e-06,20.21,BID
1570,1712707841.0903103,10072131.47548782,20.1,-1.1084523758600237e-06,20.21,ASK
1571,1712707841.290428,10079991.04492017,20.18,1.1173009054147902e-06,20.21,BID
1572,1712707841.7205007,10087850.61435252,20.1,-1.1173009054147902e-06,20.21,ASK
1573,1712707841.9204986,10095671.97538988,20.18,1.1118692752618153e-06,20.21,BID
1574,1712707842.2803812,10103493.33642724,20.1,-1.1118692752620802e-06,20.21,ASK
1575,1712707842.5020416,10111306.12285944,20.17,1.1106503262864774e-06,20.21,BID
1576,1712707842.8809297,10113095.38727044,20.12,-2.543583034214086e-07,20.21,ASK
1577,1712707842.885021,10119118.90929164,20.1,-8.56292022864804e-07,20.21,ASK
1578,1712707843.0230618,10153506.24490725,20.17,4.888435880467423e-06,20.21,BID
1579,1712707843.0254853,10158035.58966759,20.17,6.438827273201208e-07,20.21,BID
1580,1712707843.02787,10207732.54491125,20.18,7.064821243458158e-06,20.21,BID
1581,1712707843.1071007,10215605.84450179,20.18,1.119252757651538e-06,20.21,BID
1582,1712707843.4830434,10223479.14409233,20.1,-1.1192527576518027e-06,20.21,ASK
1583,1712707843.6832826,10231306.79349527,20.17,1.1127632169232188e-06,20.21,BID
1584,1712707843.9202075,10232212.75610872,20.1,-1.2878986018161564e-07,20.21,ASK
1585,1712707844.0908334,10240040.40551166,20.1,-1.1127632169234835e-06,20.21,ASK
1586,1712707844.3107634,10246057.63916728,20.17,8.553980812034005e-07,20.21,BID
1587,1712707844.3160026,10247881.70360664,20.17,2.593054068895187e-07,20.21,BID
1588,1712707844.3726814,10386031.03429578,20.17,1.963903666606756e-05,20.21,BID
1589,1712707844.67231,10393872.33239076,20.1,-1.1147034880926544e-06,20.21,ASK
1590,1712707844.894469,10401676.8161942,20.17,1.109470040940069e-06,20.21,BID
1591,1712707845.2386706,10402180.84845226,20.1,-7.165223275088938e-08,20.21,ASK
1592,1712707845.26974,10409985.3322557,20.1,-1.109470040939804e-06,20.21,ASK
1593,1712707845.2724233,10563945.07444707,20.17,2.1886613615221047e-05,20.21,BID
1594,1712707845.489923,10571746.57047834,20.17,1.1090453051348883e-06,20.21,BID
1595,1712707845.850001,10579548.06650961,20.1,-1.1090453051346236e-06,20.21,ASK
1596,1712707846.0498288,10587416.64602274,20.17,1.118581760746744e-06,20.21,BID
