,time,acc_trade_volume,trade_price,dev,high,ask_bid
0,1712689619.1794329,50176834.13577524,163.3,0.0,170.0,ASK
1,1712689620.4348218,50176834.13577524,163.3,-0.0,170.0,ASK
2,1712689650.4449394,50176834.13577524,163.3,-0.0,170.0,ASK
3,1712689680.454847,50176834.13577524,163.3,-0.0,170.0,ASK
4,1712689710.4451952,50176834.13577524,163.3,-0.0,170.0,ASK
5,1712689740.6953187,50176834.13577524,163.3,-0.0,170.0,ASK
6,1712689753.795042,50176959.3217271,163.3,-1.3080489822994828e-08,170.0,ASK
7,1712689770.6648915,50176959.3217271,163.3,-0.0,170.0,ASK
8,1712689800.4414885,50176959.3217271,163.3,-0.0,170.0,ASK
9,1712689830.4449973,50176959.3217271,163.3,-0.0,170.0,ASK
10,1712689860.6686692,50176959.3217271,163.3,-0.0,170.0,ASK
11,1712689865.9249575,50185959.3217271,163.3,-9.418524052029536e-07,170.0,ASK
12,1712689869.8050096,50188845.70811726,163.3,-3.020611071023889e-07,170.0,ASK
13,1712689890.6547792,50188845.70811726,163.3,-0.0,170.0,ASK
14,1712689906.0149472,50188968.18209154,163.3,1.2814331150055721e-08,170.0,BID
15,1712689920.424991,50188968.18209154,163.3,0.0,170.0,BID
16,1712689948.5451474,50199340.60234396,163.3,1.085253831169711e-06,170.0,BID
17,1712689949.7150302,50206471.6412675,163.3,7.461120089292251e-07,170.0,BID
18,1712689950.455861,50206471.6412675,163.3,0.0,170.0,BID
19,1712689951.3752148,50211374.23052744,163.3,5.127986475287758e-07,170.0,BID
20,1712689951.4551322,50211722.94769164,163.3,3.647494837777223e-08,170.0,BID
21,1712689951.456623,50217257.33763933,163.3,5.788834286534856e-07,170.0,BID
22,1712689967.2464776,50222159.92689927,163.3,5.127986475287758e-07,170.0,BID
23,1712689980.6549947,50222159.92689927,163.3,0.0,170.0,BID
24,1712690010.6649642,50222159.92689927,163.3,0.0,170.0,BID
25,1712690040.4250824,50222159.92689927,163.3,0.0,170.0,BID
26,1712690049.2950354,50222221.01425418,163.7,6.387873699393226e-09,170.0,BID
27,1712690068.8455465,50222526.45102876,163.7,3.193936849774523e-08,170.0,BID
28,1712690070.4250045,50222526.45102876,163.7,0.0,170.0,BID
29,1712690100.47567,50222526.45102876,163.7,0.0,170.0,BID
30,1712690130.415069,50222526.45102876,163.7,0.0,170.0,BID
31,1712690160.6649787,50222526.45102876,163.7,0.0,170.0,BID
32,1712690190.7150235,50222526.45102876,163.7,0.0,170.0,BID
33,1712690220.4350142,50222526.45102876,163.7,0.0,170.0,BID
34,1712690250.4968235,50222526.45102876,163.7,0.0,170.0,BID
35,1712690280.6450963,50222526.45102876,163.7,0.0,170.0,BID
36,1712690310.6651137,50222526.45102876,163.7,0.0,170.0,BID
37,1712690340.4252646,50222526.45102876,163.7,0.0,170.0,BID
38,1712690343.05767,50223724.50862679,163.2,-1.253909786224199e-07,170.0,ASK
39,1712690343.05911,50225315.45102876,163.2,-1.6651104674962861e-07,170.0,ASK
40,1712690370.4454107,50225315.45102876,163.2,-0.0,170.0,ASK
41,1712690400.4954548,50225315.45102876,163.2,-0.0,170.0,ASK
42,1712690430.435235,50225315.45102876,163.2,-0.0,170.0,ASK
43,1712690460.665208,50225315.45102876,163.2,-0.0,170.0,ASK
44,1712690482.545042,50225666.04785221,163.7,3.6708547779575554e-08,170.0,BID
45,1712690490.6752207,50225666.04785221,163.7,0.0,170.0,BID
46,1712690520.435148,50225666.04785221,163.7,0.0,170.0,BID
47,1712690531.5252204,50226201.33094041,163.2,-5.6045421486030055e-08,170.0,ASK
48,1712690531.526384,50228432.43020511,163.2,-2.3360143711545819e-07,170.0,ASK
49,1712690531.5276248,50229879.82186007,163.2,-1.5154537317899222e-07,170.0,ASK
50,1712690550.0253112,50231734.884704,163.1,-1.942295231500606e-07,170.0,ASK
51,1712690550.0269392,50233398.17086837,163.1,-1.7415004544093537e-07,170.0,ASK
52,1712690550.4362588,50233398.17086837,163.1,-0.0,170.0,ASK
53,1712690580.6553612,50233681.04991543,163.7,2.9614202201424764e-08,170.0,BID
54,1712690580.6571655,50234009.04441754,163.7,3.433727455968981e-08,170.0,BID
55,1712690580.658968,50234009.04441754,163.7,0.0,170.0,BID
56,1712690610.6651795,50234009.04441754,163.7,0.0,170.0,BID
57,1712690640.4350803,50234009.04441754,163.7,0.0,170.0,BID
58,1712690670.4365742,50234009.04441754,163.7,0.0,170.0,BID
59,1712690677.9651656,50243421.10630883,163.1,-9.853249610066271e-07,170.0,ASK
60,1712690700.6651158,50243421.10630883,163.1,-0.0,170.0,ASK
61,1712690704.855116,50245002.10630883,163.1,-1.655774719309869e-07,170.0,ASK
62,1712690728.4449196,50250988.10630883,163.1,-6.269112884116935e-07,170.0,ASK
63,1712690730.6949365,50250988.10630883,163.1,-0.0,170.0,ASK
64,1712690760.4049568,50250988.10630883,163.1,-0.0,170.0,ASK
65,1712690790.4248438,50250988.10630883,163.1,-0.0,170.0,ASK
66,1712690820.665128,50250988.10630883,163.1,-0.0,170.0,ASK
67,1712690827.6877427,50250992.1167255,163.1,-4.199549867134982e-10,170.0,ASK
68,1712690827.6893709,50253021.10630883,163.2,-2.1246777202018626e-07,170.0,ASK
69,1712690850.6854002,50253021.10630883,163.2,-0.0,170.0,ASK
70,1712690880.434874,50253021.10630883,163.2,-0.0,170.0,ASK
71,1712690910.4149263,50253021.10630883,163.2,-0.0,170.0,ASK
72,1712690933.474857,50253023.1857691,163.1,-2.177452978003659e-10,170.0,ASK
73,1712690933.4763963,50253932.10630883,163.2,-9.517526080617653e-08,170.0,ASK
74,1712690935.744838,50259270.10630883,163.1,-5.589548480604046e-07,170.0,ASK
75,1712690936.7647452,50259988.10630883,163.1,-7.518351084813985e-08,170.0,ASK
76,1712690940.664808,50259988.10630883,163.1,-0.0,170.0,ASK
77,1712690970.67261,50259988.10630883,163.1,-0.0,170.0,ASK
78,1712691000.5245657,50259988.10630883,163.1,-0.0,170.0,ASK
79,1712691030.4245508,50259988.10630883,163.1,-0.0,170.0,ASK
80,1712691060.654605,50259988.10630883,163.1,-0.0,170.0,ASK
81,1712691061.0045438,50260079.79335039,163.2,-9.603627792722175e-09,170.0,ASK
82,1712691061.204511,50260171.48039195,163.2,-9.603627792722175e-09,170.0,ASK
83,1712691090.6937244,50260171.48039195,163.2,-0.0,170.0,ASK
84,1712691120.4545338,50260171.48039195,163.2,-0.0,170.0,ASK
85,1712691150.4245546,50260171.48039195,163.2,-0.0,170.0,ASK
86,1712691180.6346147,50260171.48039195,163.2,-0.0,170.0,ASK
87,1712691210.6647584,50260171.48039195,163.2,-0.0,170.0,ASK
88,1712691240.4144332,50260171.48039195,163.2,-0.0,170.0,ASK
89,1712691270.4244618,50260171.48039195,163.2,-0.0,170.0,ASK
90,1712691300.6445715,50260171.48039195,163.2,-0.0,170.0,ASK
91,1712691330.7045248,50260171.48039195,163.2,-0.0,170.0,ASK
92,1712691360.4445305,50260171.48039195,163.2,-0.0,170.0,ASK
93,1712691390.4444933,50260171.48039195,163.2,-0.0,170.0,ASK
94,1712691420.6544626,50260171.48039195,163.2,-0.0,170.0,ASK
95,1712691420.8773284,50260232.60508632,163.6,6.4112623660942e-09,170.0,BID
96,1712691434.884617,50260564.60508632,163.2,-3.482289977055897e-08,170.0,ASK
97,1712691434.8862476,50260603.2310032,163.2,-4.051404916189212e-09,170.0,ASK
98,1712691434.8881197,50277411.3107534,163.0,-1.7629701098692995e-06,170.0,ASK
99,1712691434.8901448,50277636.65748883,163.1,-2.3636225245774444e-08,170.0,ASK
100,1712691434.8946264,50277931.8749868,163.0,-3.096484741634467e-08,170.0,ASK
101,1712691434.8959348,50314978.53591111,163.1,-3.885759518678677e-06,170.0,ASK
102,1712691434.8968575,50315015.34572706,163.0,-3.860917263324277e-09,170.0,ASK
103,1712691434.8977852,50315237.34572706,163.1,-2.3285192015253288e-08,170.0,ASK
104,1712691450.6645694,50315237.34572706,163.1,-0.0,170.0,ASK
105,1712691480.4144778,50315237.34572706,163.1,-0.0,170.0,ASK
106,1712691510.4143443,50315237.34572706,163.1,-0.0,170.0,ASK
107,1712691540.6443856,50315237.34572706,163.1,-0.0,170.0,ASK
108,1712691562.2875268,50315980.34572706,163.0,-7.785863999072066e-08,170.0,ASK
109,1712691570.654637,50315980.34572706,163.0,-0.0,170.0,ASK
110,1712691600.4342868,50315980.34572706,163.0,-0.0,170.0,ASK
111,1712691608.664255,50319479.34572706,163.1,-3.673615115858451e-07,170.0,ASK
112,1712691614.5685909,50320608.34572706,163.1,-1.1853419450712181e-07,170.0,ASK
113,1712691630.4258614,50320608.34572706,163.1,-0.0,170.0,ASK
114,1712691660.665979,50320608.34572706,163.1,-0.0,170.0,ASK
115,1712691690.6642754,50320608.34572706,163.1,-0.0,170.0,ASK
116,1712691705.2244852,50320660.37436576,163.1,-5.462076237560875e-09,170.0,ASK
117,1712691720.4498422,50320660.37436576,163.1,-0.0,170.0,ASK
118,1712691746.324599,50323326.1162419,163.1,-2.7985495584841005e-07,170.0,ASK
119,1712691746.3271124,50324339.09907453,163.1,-1.0634497977353884e-07,170.0,ASK
120,1712691750.4241765,50324339.09907453,163.1,-0.0,170.0,ASK
121,1712691780.669185,50324339.09907453,163.1,-0.0,170.0,ASK
122,1712691810.704406,50324339.09907453,163.1,-0.0,170.0,ASK
123,1712691840.4142616,50324339.09907453,163.1,-0.0,170.0,ASK
124,1712691870.4242811,50324339.09907453,163.1,-0.0,170.0,ASK
125,1712691894.995542,50326174.09907453,163.2,-1.9262986545113045e-07,170.0,ASK
126,1712691900.456051,50326174.09907453,163.2,-0.0,170.0,ASK
127,1712691930.294481,50326743.09907453,163.2,-5.982700261212156e-08,170.0,ASK
128,1712691930.425816,50326743.09907453,163.2,-0.0,170.0,ASK
129,1712691960.6458344,50326743.09907453,163.2,-0.0,170.0,ASK
130,1712691964.294486,50326774.34907453,163.2,-3.285721577379253e-09,170.0,ASK
131,1712691964.2972548,50330125.07097828,163.2,-3.5230525628623213e-07,170.0,ASK
132,1712691990.6543577,50330125.07097828,163.2,-0.0,170.0,ASK
133,1712691998.3155863,50332427.87790814,163.2,2.421101871290177e-07,170.0,BID
134,1712692015.8247175,50333592.05602575,163.1,-1.223981820841735e-07,170.0,ASK
135,1712692015.8271725,50333653.36810422,163.1,-6.446167326826083e-09,170.0,ASK
136,1712692020.4142065,50333653.36810422,163.1,-0.0,170.0,ASK
137,1712692050.41417,50333653.36810422,163.1,-0.0,170.0,ASK
138,1712692080.634273,50333653.36810422,163.1,-0.0,170.0,ASK
139,1712692110.6642158,50333653.36810422,163.1,-0.0,170.0,ASK
140,1712692123.864509,50333956.60339833,163.2,3.187931626149374e-08,170.0,BID
141,1712692140.4443002,50333956.60339833,163.2,0.0,170.0,BID
142,1712692170.424132,50333956.60339833,163.2,0.0,170.0,BID
143,1712692200.4543364,50333956.60339833,163.2,0.0,170.0,BID
144,1712692230.4343052,50333956.60339833,163.2,0.0,170.0,BID
145,1712692260.654245,50333956.60339833,163.2,0.0,170.0,BID
146,1712692290.6542387,50333956.60339833,163.2,0.0,170.0,BID
147,1712692320.4344852,50333956.60339833,163.2,0.0,170.0,BID
148,1712692350.4442797,50333956.60339833,163.2,0.0,170.0,BID
149,1712692380.6565688,50333956.60339833,163.2,0.0,170.0,BID
150,1712692410.6750636,50333956.60339833,163.2,0.0,170.0,BID
151,1712692440.4045804,50333956.60339833,163.2,0.0,170.0,BID
152,1712692470.434233,50333956.60339833,163.2,0.0,170.0,BID
153,1712692500.654451,50333956.60339833,163.2,0.0,170.0,BID
154,1712692506.4142914,50334096.040251,163.2,1.4663426928834672e-08,170.0,BID
155,1712692530.6744502,50334096.040251,163.2,0.0,170.0,BID
156,1712692560.4441724,50334096.040251,163.2,0.0,170.0,BID
157,1712692590.414442,50334096.040251,163.2,0.0,170.0,BID
158,1712692620.6645927,50334096.040251,163.2,0.0,170.0,BID
159,1712692650.663932,50334096.040251,163.2,0.0,170.0,BID
160,1712692680.473324,50334096.040251,163.2,0.0,170.0,BID
161,1712692693.013605,50334126.72123259,163.0,-3.226458762076092e-09,170.0,ASK
162,1712692693.0147274,50334839.51877859,163.0,-7.49588757787526e-08,170.0,ASK
163,1712692693.0157588,50334877.98607859,163.1,-4.0452798670023326e-09,170.0,ASK
164,1712692693.0167863,50334945.62411539,163.0,-7.11291898667071e-09,170.0,ASK
165,1712692693.0178237,50336135.65804389,162.8,-1.2514578076131377e-07,170.0,ASK
166,1712692693.0190685,50341291.09831825,163.0,-5.421539528009962e-07,170.0,ASK
167,1712692693.0200982,50349385.14917495,162.9,-8.511827181782119e-07,170.0,ASK
168,1712692693.0211318,50352452.63383752,163.0,-3.225813599743333e-07,170.0,ASK
169,1712692693.0225437,50358817.13998002,162.8,-6.693011613272605e-07,170.0,ASK
170,1712692693.0243452,50358939.83936652,163.0,-1.2903254398659926e-08,170.0,ASK
171,1712692693.026364,50359007.51892453,162.9,-7.117285419997463e-09,170.0,ASK
172,1712692693.0281727,50360236.02015303,162.8,-1.2919106062909964e-07,170.0,ASK
173,1712692693.0299711,50361020.29624778,162.9,-8.247566885231236e-08,170.0,ASK
174,1712692693.0310273,50361081.7213092,162.8,-6.459553030867346e-09,170.0,ASK
175,1712692697.852954,50364153.32625657,162.7,-3.2301465540088257e-07,170.0,ASK
176,1712692697.8542492,50368084.24574027,162.7,-4.1338148107928333e-07,170.0,ASK
177,1712692697.855609,50368122.71304027,162.8,-4.0452798670023326e-09,170.0,ASK
178,1712692697.856835,50375074.69902852,162.7,-7.310814368453511e-07,170.0,ASK
179,1712692710.454166,50375074.69902852,162.7,-0.0,170.0,ASK
180,1712692733.94236,50375135.86110802,163.5,6.427387302956293e-09,170.0,BID
181,1712692733.945415,50375135.86110803,163.2,7.829649927084665e-19,170.0,BID
182,1712692734.6823068,50379827.86110803,163.0,-4.930718751374757e-07,170.0,ASK
183,1712692736.372234,50394205.86110803,163.0,-1.5109521357047368e-06,170.0,ASK
184,1712692740.6321528,50394205.86110803,163.0,-0.0,170.0,ASK
185,1712692770.6542568,50394205.86110803,163.0,-0.0,170.0,ASK
186,1712692800.521044,50394205.86110803,163.0,-0.0,170.0,ASK
187,1712692830.4106677,50394205.86110803,163.0,-0.0,170.0,ASK
188,1712692860.6599495,50394205.86110803,163.0,-0.0,170.0,ASK
189,1712692882.2095866,50436923.4543261,163.0,-4.49155687446518e-06,170.0,ASK
190,1712692882.211888,50436954.7426701,163.0,-3.289824308396474e-09,170.0,ASK
191,1712692882.2497432,50437176.7426701,163.0,-2.334227073704609e-08,170.0,ASK
192,1712692882.2525666,50439884.7426701,163.0,-2.847336448464903e-07,170.0,ASK
193,1712692882.3697376,50440024.17952277,163.0,-1.4661138584562612e-08,170.0,ASK
194,1712692882.4696045,50442607.17952277,163.0,-2.715904743864417e-07,170.0,ASK
195,1712692883.1493988,50446339.17952277,163.0,-3.924024972552073e-07,170.0,ASK
196,1712692890.4811316,50446849.17952277,163.0,-5.3624135476997794e-08,170.0,ASK
197,1712692890.60207,50446910.52921602,163.0,-6.4506358088338306e-09,170.0,ASK
198,1712692890.604395,50447132.52921602,162.9,-2.334227073704609e-08,170.0,ASK
199,1712692890.6066816,50456608.05247104,163.0,-9.9630733871109e-07,170.0,ASK
200,1712692890.656394,50456608.05247104,163.0,-0.0,170.0,ASK
201,1712692890.7995334,50456896.05247104,162.9,3.024951319576916e-08,170.0,BID
202,1712692904.789698,50457118.05247104,162.8,-2.331733308840539e-08,170.0,ASK
203,1712692904.7925107,50457156.51977104,162.7,-4.040337148921041e-09,170.0,ASK
204,1712692904.7950687,50469704.72829177,162.6,-1.3179763862193415e-06,170.0,ASK
205,1712692904.7975397,50469926.72829177,162.9,-2.331733308840539e-08,170.0,ASK
206,1712692904.80005,50470148.72829177,162.7,-2.331733308840539e-08,170.0,ASK
207,1712692904.8025615,50484609.21230161,162.6,-1.5188284787251794e-06,170.0,ASK
208,1712692920.419418,50484609.21230161,162.6,-0.0,170.0,ASK
209,1712692924.0189445,50484831.21230161,162.7,-2.3306187191860973e-08,170.0,ASK
210,1712692950.42848,50484831.21230161,162.7,-0.0,170.0,ASK
211,1712692980.6581466,50484831.21230161,162.7,-0.0,170.0,ASK
212,1712693010.6477451,50484831.21230161,162.7,-0.0,170.0,ASK
213,1712693020.8982377,50488503.21230161,162.7,-3.854954723257008e-07,170.0,ASK
214,1712693035.2477715,50489766.21230161,162.7,-1.3259280543228761e-07,170.0,ASK
215,1712693040.3975987,50489766.21230161,162.7,-0.0,170.0,ASK
216,1712693070.4370575,50489766.21230161,162.7,-0.0,170.0,ASK
217,1712693100.6465716,50489766.21230161,162.7,-0.0,170.0,ASK
218,1712693130.6764064,50489766.21230161,162.7,-0.0,170.0,ASK
219,1712693160.4260914,50489766.21230161,162.7,-0.0,170.0,ASK
220,1712693165.5859735,50489889.1379316,163.5,1.2929610959952697e-08,170.0,BID
221,1712693180.7961688,50492649.1379316,162.8,-2.903033830525196e-07,170.0,ASK
222,1712693181.4406126,50498064.70954188,162.8,-5.696227389953933e-07,170.0,ASK
223,1712693181.7160964,50499994.70954188,162.8,-2.030020033664358e-07,170.0,ASK
224,1712693190.4056048,50499994.70954188,162.8,-0.0,170.0,ASK
225,1712693191.255963,50504609.21828381,162.9,-4.852800348208544e-07,170.0,ASK
226,1712693215.055657,50504994.70954188,162.9,-4.053978908728557e-08,170.0,ASK
227,1712693215.0584512,50506324.9081633,162.9,-1.3988896097579882e-07,170.0,ASK
228,1712693220.6653445,50506324.9081633,162.9,-0.0,170.0,ASK
229,1712693225.15546,50506437.85857351,162.9,-1.187702496971911e-08,170.0,ASK
230,1712693250.655031,50506437.85857351,162.9,-0.0,170.0,ASK
231,1712693280.414609,50506437.85857351,162.9,-0.0,170.0,ASK
232,1712693310.4344437,50506437.85857351,162.9,-0.0,170.0,ASK
233,1712693340.6543007,50506437.85857351,162.9,-0.0,170.0,ASK
234,1712693351.6543694,50507853.32517167,162.9,-1.4883965071591453e-07,170.0,ASK
235,1712693351.664076,50512509.50398941,162.9,-4.896081827745692e-07,170.0,ASK
236,1712693370.6440177,50512509.50398941,162.9,-0.0,170.0,ASK
237,1712693372.5540593,50516148.50398941,163.0,-3.826096387939393e-07,170.0,ASK
238,1712693400.4540224,50516148.50398941,163.0,-0.0,170.0,ASK
239,1712693430.4159334,50516148.50398941,163.0,-0.0,170.0,ASK
240,1712693457.153489,50516672.06419881,163.1,5.5135215586858846e-08,170.0,BID
241,1712693460.65342,50516672.06419881,163.1,0.0,170.0,BID
242,1712693490.653086,50516672.06419881,163.1,0.0,170.0,BID
243,1712693520.4128065,50516672.06419881,163.1,0.0,170.0,BID
244,1712693548.082863,50521607.06419881,163.2,5.196915985151627e-07,170.0,BID
245,1712693550.4226365,50521607.06419881,163.2,0.0,170.0,BID
246,1712693580.6325502,50521607.06419881,163.2,0.0,170.0,BID
247,1712693582.7029786,50522796.4529848,163.2,-1.252407171762019e-07,170.0,ASK
248,1712693610.672422,50522796.4529848,163.2,-0.0,170.0,ASK
249,1712693640.454942,50522796.4529848,163.2,-0.0,170.0,ASK
250,1712693658.792723,50535122.66150553,163.3,1.2979033105181369e-06,170.0,BID
251,1712693658.7970831,50536347.40124834,163.3,1.2896047994406457e-07,170.0,BID
252,1712693658.8005836,50543407.31544401,163.6,7.433823621529456e-07,170.0,BID
253,1712693658.8034756,50547261.31658255,163.5,4.058117975246296e-07,170.0,BID
254,1712693670.4017365,50547261.31658255,163.5,0.0,170.0,BID
255,1712693673.0419192,50550082.94741955,163.2,-2.969820730112167e-07,170.0,ASK
256,1712693680.4218123,50558030.94741955,163.2,-8.36542288008254e-07,170.0,ASK
257,1712693700.4417267,50558030.94741955,163.2,-0.0,170.0,ASK
258,1712693730.411785,50558030.94741955,163.2,-0.0,170.0,ASK
259,1712693760.6314416,50558030.94741955,163.2,-0.0,170.0,ASK
260,1712693785.941208,50558601.94741955,163.2,-6.039125484445185e-08,170.0,ASK
261,1712693790.651149,50558601.94741955,163.2,-0.0,170.0,ASK
262,1712693793.6349368,50563557.94741955,163.2,-5.241613120677941e-07,170.0,ASK
263,1712693820.4110267,50563557.94741955,163.2,-0.0,170.0,ASK
264,1712693839.3823943,50564596.94741955,163.2,-1.0987833335927776e-07,170.0,ASK
265,1712693850.4308207,50564596.94741955,163.2,-0.0,170.0,ASK
266,1712693880.6305542,50564596.94741955,163.2,-0.0,170.0,ASK
267,1712693893.340664,50564638.36241955,163.5,4.379720477423728e-09,170.0,BID
268,1712693893.3435626,50570662.27050372,163.6,6.370405308747236e-07,170.0,BID
269,1712693910.1847994,50570988.24849883,163.6,3.447283593203581e-08,170.0,BID
270,1712693910.6503806,50570988.24849883,163.6,0.0,170.0,BID
271,1712693940.4203248,50570988.24849883,163.6,0.0,170.0,BID
272,1712693947.0606704,50573150.24849883,163.3,-2.28610618141422e-07,170.0,ASK
273,1712693953.2409134,50573522.24849883,163.3,-3.933540700675716e-08,170.0,ASK
274,1712693953.2441032,50574360.24849883,163.3,-8.861040610661962e-08,170.0,ASK
275,1712693970.410069,50574360.24849883,163.3,-0.0,170.0,ASK
276,1712693972.7502992,50575253.24849883,163.3,-9.442062718067192e-08,170.0,ASK
277,1712694000.4621675,50575253.24849883,163.3,-0.0,170.0,ASK
278,1712694029.0398886,50575437.29757858,163.3,-1.9471907687742748e-08,170.0,ASK
279,1712694030.3997655,50575437.29757858,163.3,-0.0,170.0,ASK
280,1712694037.1799972,50576271.70446577,163.3,-8.827776938688599e-08,170.0,ASK
281,1712694059.0998375,50576332.82916014,163.6,6.4668110441852895e-09,170.0,BID
282,1712694060.6295636,50576332.82916014,163.6,0.0,170.0,BID
283,1712694090.6416798,50576332.82916014,163.6,0.0,170.0,BID
284,1712694096.7095704,50578067.82916014,163.3,-1.835550045046016e-07,170.0,ASK
285,1712694105.7297,50579412.82916014,163.3,-1.4229480176293325e-07,170.0,ASK
286,1712694109.1794732,50582343.82916014,163.3,-3.100862929123846e-07,170.0,ASK
287,1712694118.049599,50583439.82916014,163.3,-1.1595174924325265e-07,170.0,ASK
288,1712694120.3996062,50583439.82916014,163.3,-0.0,170.0,ASK
289,1712694150.4395185,50583439.82916014,163.3,-0.0,170.0,ASK
290,1712694176.2792883,50585513.3306357,163.5,2.1933996940162305e-07,170.0,BID
291,1712694180.65001,50585513.3306357,163.5,0.0,170.0,BID
292,1712694197.2491438,50586125.32573973,163.4,-6.473599136544434e-08,170.0,ASK
293,1712694197.2590098,50586424.3306357,163.4,-3.1628322246859633e-08,170.0,ASK
294,1712694210.6696773,50586424.3306357,163.4,-0.0,170.0,ASK
295,1712694223.7291603,50586425.32573973,163.4,-1.0525906356652224e-10,170.0,ASK
296,1712694240.4090471,50586425.32573973,163.4,-0.0,170.0,ASK
297,1712694270.403393,50586425.32573973,163.4,-0.0,170.0,ASK
298,1712694288.3787134,50586643.80121404,163.4,2.310966768781992e-08,170.0,BID
299,1712694300.639218,50586643.80121404,163.4,0.0,170.0,BID
300,1712694317.6185827,50595199.43155816,163.5,9.070589823494226e-07,170.0,BID
301,1712694324.975639,50595990.43155816,163.5,-8.386099284096277e-08,170.0,ASK
302,1712694330.645612,50595990.43155816,163.5,-0.0,170.0,ASK
303,1712694331.9785397,50598639.43155816,163.5,-2.8079871618528224e-07,170.0,ASK
304,1712694337.518544,50598639.54034753,163.5,-1.1531866847895526e-11,170.0,ASK
305,1712694360.418275,50598639.54034753,163.5,-0.0,170.0,ASK
306,1712694380.8032188,50599155.54034753,163.3,-5.4694407512379806e-08,170.0,ASK
307,1712694390.4184933,50599155.54034753,163.3,-0.0,170.0,ASK
308,1712694415.8793032,50600111.54034753,163.3,-1.013321445193475e-07,170.0,ASK
309,1712694415.9717598,50601496.48180864,163.3,-1.467982095061668e-07,170.0,ASK
310,1712694415.9742336,50605522.85987931,163.3,-4.267798373916308e-07,170.0,ASK
311,1712694417.4581115,50606584.85987931,163.3,-1.125677170288149e-07,170.0,ASK
312,1712694420.0881438,50607646.85987931,163.3,-1.125677170288149e-07,170.0,ASK
313,1712694420.2880127,50607820.18052266,163.3,-1.8371289205206403e-08,170.0,ASK
314,1712694420.2895143,50608593.85987931,163.3,-8.200689161050707e-08,170.0,ASK
315,1712694420.6581986,50608593.85987931,163.3,-0.0,170.0,ASK
316,1712694421.4682214,50608741.23151745,163.6,1.5618247762811367e-08,170.0,BID
317,1712694433.8481,50609488.23151745,163.3,-7.916605410609849e-08,170.0,ASK
318,1712694450.6582513,50609488.23151745,163.3,-0.0,170.0,ASK
319,1712694480.3877115,50609488.23151745,163.3,-0.0,170.0,ASK
320,1712694488.5279129,50612169.249232,163.3,-2.841262480724306e-07,170.0,ASK
321,1712694501.1521618,50612539.48633273,163.3,-3.923662188281197e-08,170.0,ASK
322,1712694510.3878367,50612539.48633273,163.3,-0.0,170.0,ASK
323,1712694540.4203165,50612539.48633273,163.3,-0.0,170.0,ASK
324,1712694550.867754,50615595.72105155,163.6,3.238735230634021e-07,170.0,BID
325,1712694552.961968,50616175.72105155,163.3,-6.146342171296995e-08,170.0,ASK
326,1712694570.4511633,50616175.72105155,163.3,-0.0,170.0,ASK
327,1712694591.2480204,50617506.72105155,163.3,-1.4103906702887776e-07,170.0,ASK
328,1712694600.737222,50617506.72105155,163.3,-0.0,170.0,ASK
329,1712694630.6396844,50617506.72105155,163.3,-0.0,170.0,ASK
330,1712694660.3870754,50617506.72105155,163.3,-0.0,170.0,ASK
331,1712694669.916228,50617537.28339873,163.6,3.238848990415106e-09,170.0,BID
332,1712694690.4576676,50617537.28339873,163.6,0.0,170.0,BID
333,1712694720.6374166,50617537.28339873,163.6,0.0,170.0,BID
334,1712694745.867915,50618871.28339873,163.3,-1.413707605051711e-07,170.0,ASK
335,1712694745.908892,50620829.28339873,163.3,-2.074992121957459e-07,170.0,ASK
336,1712694750.627769,50620829.28339873,163.3,-0.0,170.0,ASK
337,1712694757.041986,50621556.28339873,163.3,-7.703949624678979e-08,170.0,ASK
338,1712694761.482504,50621702.73816645,163.6,1.5519671977999352e-08,170.0,BID
339,1712694780.4379358,50621702.73816645,163.6,0.0,170.0,BID
340,1712694810.38872,50621702.73816645,163.6,0.0,170.0,BID
341,1712694840.688844,50621702.73816645,163.6,0.0,170.0,BID
342,1712694855.5888832,50623076.73816645,163.3,-1.4559926743702537e-07,170.0,ASK
343,1712694870.6291664,50623076.73816645,163.3,-0.0,170.0,ASK
344,1712694871.369131,50623137.97515359,163.3,-6.488972693355139e-09,170.0,ASK
345,1712694871.3790936,50627118.18597415,163.3,-4.217627374603317e-07,170.0,ASK
346,1712694871.3824975,50643427.26890479,163.3,-1.7281907347110891e-06,170.0,ASK
347,1712694900.419164,50643427.26890479,163.3,-0.0,170.0,ASK
348,1712694923.9695053,50644384.26890479,163.2,-1.014473620242362e-07,170.0,ASK
349,1712694929.6194067,50644445.50589193,163.3,6.491463744294844e-09,170.0,BID
350,1712694930.4095616,50644445.50589193,163.3,0.0,170.0,BID
351,1712694950.1597052,50644506.74287907,163.3,6.491349391750232e-09,170.0,BID
352,1712694960.629593,50644506.74287907,163.3,0.0,170.0,BID
353,1712694990.6498642,50644506.74287907,163.3,0.0,170.0,BID
354,1712695018.9197998,50644652.36443448,163.3,1.5436412488550594e-08,170.0,BID
355,1712695020.3996935,50644652.36443448,163.3,0.0,170.0,BID
356,1712695050.4302616,50644652.36443448,163.3,0.0,170.0,BID
357,1712695064.470394,50647124.36443448,163.2,-2.62040295991734e-07,170.0,ASK
358,1712695070.5500803,50647716.08992467,163.2,-6.272488778125597e-08,170.0,ASK
359,1712695070.5598283,50648328.8350227,163.2,-6.495303675396618e-08,170.0,ASK
360,1712695070.563091,50654528.8350227,163.2,-6.572208070990092e-07,170.0,ASK
361,1712695080.664412,50654528.8350227,163.2,-0.0,170.0,ASK
362,1712695093.4999197,50687188.36724072,163.2,3.461428598722279e-06,170.0,BID
363,1712695110.6406257,50687188.36724072,163.2,0.0,170.0,BID
364,1712695140.4100833,50687188.36724072,163.2,0.0,170.0,BID
365,1712695143.0102005,50688562.36724072,163.2,-1.4554151263608233e-07,170.0,ASK
366,1712695145.980477,50689936.36724072,163.2,-1.4554151263608233e-07,170.0,ASK
367,1712695159.7103724,50690633.36724072,163.2,-7.383001041291803e-08,170.0,ASK
368,1712695170.400282,50690633.36724072,163.2,-0.0,170.0,ASK
369,1712695181.9507108,50690755.841215,163.3,1.2972333325359069e-08,170.0,BID
370,1712695200.450533,50690755.841215,163.3,0.0,170.0,BID
371,1712695203.880871,50691509.841215,163.2,-8.000201338534997e-08,170.0,ASK
372,1712695230.4104962,50691509.841215,163.2,-0.0,170.0,ASK
373,1712695260.6307783,50691509.841215,163.2,-0.0,170.0,ASK
374,1712695290.6506238,50691509.841215,163.2,-0.0,170.0,ASK
375,1712695320.4115863,50691509.841215,163.2,-0.0,170.0,ASK
376,1712695341.7591443,50691693.55217642,163.3,1.9492115258999253e-08,170.0,BID
377,1712695348.980773,50691724.1145236,163.6,3.242728626958825e-09,170.0,BID
378,1712695350.4008749,50691724.1145236,163.6,0.0,170.0,BID
379,1712695380.630659,50691724.1145236,163.6,0.0,170.0,BID
380,1712695410.6407504,50691724.1145236,163.6,0.0,170.0,BID
381,1712695440.4108243,50691724.1145236,163.6,0.0,170.0,BID
382,1712695441.5407577,50693024.1145236,163.6,1.379321927208494e-07,170.0,BID
383,1712695470.4241369,50693024.1145236,163.6,0.0,170.0,BID
384,1712695480.3211355,50693869.33815065,163.6,8.967762883701787e-08,170.0,BID
385,1712695480.324907,50696382.6125362,163.6,2.666566341722395e-07,170.0,BID
386,1712695500.4210758,50696382.6125362,163.6,0.0,170.0,BID
387,1712695515.6809976,50697702.6125362,163.4,-1.4010298778832856e-07,170.0,ASK
388,1712695530.4308646,50697702.6125362,163.4,-0.0,170.0,ASK
389,1712695538.121071,50697705.98098478,163.3,-3.5751432303458565e-10,170.0,ASK
390,1712695538.125018,50699323.6125362,163.4,-1.716892615888333e-07,170.0,ASK
391,1712695560.651489,50699323.6125362,163.4,-0.0,170.0,ASK
392,1712695572.1813695,50706829.51981894,163.4,-7.966260616100773e-07,170.0,ASK
393,1712695589.59106,50707153.18215062,163.4,3.435132341283597e-08,170.0,BID
394,1712695590.6410055,50707153.18215062,163.4,0.0,170.0,BID
395,1712695616.6911366,50707390.3210735,163.4,2.5164899044950584e-08,170.0,BID
396,1712695620.4508283,50707390.3210735,163.4,0.0,170.0,BID
397,1712695623.2832048,50711178.9140421,163.3,-4.020393041678054e-07,170.0,ASK
398,1712695623.2852762,50713928.3210735,163.3,-2.917625881008741e-07,170.0,ASK
399,1712695634.041064,50713958.9208287,163.4,3.247196093479143e-09,170.0,BID
400,1712695650.4008434,50713958.9208287,163.4,0.0,170.0,BID
401,1712695680.5074131,50719557.71800854,163.2,-5.940675996555277e-07,170.0,ASK
402,1712695680.510872,50720783.9208287,163.2,-1.3010783256909146e-07,170.0,ASK
403,1712695680.6712413,50720783.9208287,163.2,-0.0,170.0,ASK
404,1712695681.7713425,50722796.9208287,163.2,-2.135667221723405e-07,170.0,ASK
405,1712695708.2811098,50722833.64053494,163.4,3.895731396043145e-09,170.0,BID
406,1712695709.8610885,50723950.64053494,163.2,-1.1850672064903344e-07,170.0,ASK
407,1712695710.6382518,50723950.64053494,163.2,-0.0,170.0,ASK
408,1712695718.881131,50725701.64053494,163.2,-1.857599738313732e-07,170.0,ASK
409,1712695733.9714465,50725701.83599909,163.2,-2.073638790692908e-11,170.0,ASK
410,1712695733.9756968,50726201.64053494,163.2,-5.302323101111454e-08,170.0,ASK
411,1712695739.8308744,50726698.64053494,163.2,-5.272570359462735e-08,170.0,ASK
412,1712695740.4109876,50726698.64053494,163.2,-0.0,170.0,ASK
413,1712695750.941048,50726759.84004534,163.4,6.492220784772681e-09,170.0,BID
414,1712695754.8042295,50727332.84004534,163.2,-6.07854946090183e-08,170.0,ASK
415,1712695770.420931,50727332.84004534,163.2,-0.0,170.0,ASK
416,1712695800.5109608,50727332.84004534,163.2,-0.0,170.0,ASK
417,1712695802.3814814,50730493.69600138,163.2,-3.355588305575815e-07,170.0,ASK
418,1712695830.400963,50730493.69600138,163.2,-0.0,170.0,ASK
419,1712695844.431141,50733654.55195742,163.2,-3.355404552881356e-07,170.0,ASK
420,1712695860.6409547,50733654.55195742,163.2,-0.0,170.0,ASK
421,1712695890.6409955,50733654.55195742,163.2,-0.0,170.0,ASK
422,1712695920.390953,50733654.55195742,163.2,-0.0,170.0,ASK
423,1712695950.4109645,50733654.55195742,163.2,-0.0,170.0,ASK
424,1712695980.6608615,50733654.55195742,163.2,-0.0,170.0,ASK
425,1712695982.1856642,50734429.55195742,163.3,-8.226556894411794e-08,170.0,ASK
426,1712695988.7409186,50734429.66340873,163.3,-1.1830458132035344e-11,170.0,ASK
427,1712696010.641096,50734429.66340873,163.3,-0.0,170.0,ASK
428,1712696012.6609166,50734974.66340873,163.2,-5.785049379051778e-08,170.0,ASK
429,1712696034.320852,50738038.38889893,163.2,-3.2520739898523815e-07,170.0,ASK
430,1712696040.440835,50738038.38889893,163.2,-0.0,170.0,ASK
431,1712696041.301635,50739336.38889893,163.2,-1.377710953803033e-07,170.0,ASK
432,1712696054.2812705,50741174.62419304,163.2,-1.951122419386877e-07,170.0,ASK
433,1712696054.2912655,50741436.38889893,163.2,-2.778398325286625e-08,170.0,ASK
434,1712696070.42072,50741436.38889893,163.2,-0.0,170.0,ASK
435,1712696095.4911263,50742227.78861896,163.2,-8.399506083737044e-08,170.0,ASK
436,1712696095.4952686,50743068.01634992,163.2,-8.917741261862092e-08,170.0,ASK
437,1712696095.498893,50743374.38889893,163.2,-3.2516793021201496e-08,170.0,ASK
438,1712696100.6308763,50743374.38889893,163.2,-0.0,170.0,ASK
439,1712696130.63561,50743374.38889893,163.2,-0.0,170.0,ASK
440,1712696160.390955,50743374.38889893,163.2,-0.0,170.0,ASK
441,1712696190.410498,50743374.38889893,163.2,-0.0,170.0,ASK
442,1712696199.470968,50743404.98865413,163.4,3.250840467614745e-09,170.0,BID
443,1712696220.6312327,50743404.98865413,163.4,0.0,170.0,BID
444,1712696250.6727057,50743404.98865413,163.4,0.0,170.0,BID
445,1712696280.4109836,50743404.98865413,163.4,0.0,170.0,BID
446,1712696310.3904614,50743404.98865413,163.4,0.0,170.0,BID
447,1712696340.6605332,50743404.98865413,163.4,0.0,170.0,BID
448,1712696370.6543963,50743404.98865413,163.4,0.0,170.0,BID
449,1712696400.573558,50743404.98865413,163.4,0.0,170.0,BID
450,1712696430.4260938,50743404.98865413,163.4,0.0,170.0,BID
451,1712696456.616243,50746626.16264485,163.4,3.430062248228249e-07,170.0,BID
452,1712696460.6502526,50746626.16264485,163.4,0.0,170.0,BID
453,1712696490.640418,50746626.16264485,163.4,0.0,170.0,BID
454,1712696520.4049604,50746626.16264485,163.4,0.0,170.0,BID
455,1712696550.4200542,50746626.16264485,163.4,0.0,170.0,BID
456,1712696580.6258397,50746626.16264485,163.4,0.0,170.0,BID
457,1712696610.669974,50746626.16264485,163.4,0.0,170.0,BID
458,1712696612.0903068,50752675.7694204,163.4,6.441553586696123e-07,170.0,BID
459,1712696612.0999422,50753628.52140406,163.4,1.0144796488860477e-07,170.0,BID
460,1712696623.7802012,50754240.51650809,163.5,6.51645537249606e-08,170.0,BID
461,1712696626.4199398,50755938.51650809,163.4,-1.8080113957839738e-07,170.0,ASK
462,1712696627.2500975,50757218.51650809,163.4,-1.3629296740892146e-07,170.0,ASK
463,1712696640.3838322,50757218.51650809,163.4,-0.0,170.0,ASK
464,1712696670.4000154,50757218.51650809,163.4,-0.0,170.0,ASK
465,1712696700.6399066,50757218.51650809,163.4,-0.0,170.0,ASK
466,1712696730.660102,50757218.51650809,163.4,-0.0,170.0,ASK
467,1712696760.4207654,50757218.51650809,163.4,-0.0,170.0,ASK
468,1712696790.421437,50757218.51650809,163.4,-0.0,170.0,ASK
469,1712696818.278604,50757830.51161212,163.4,-6.529915614284438e-08,170.0,ASK
470,1712696818.2806704,50759038.51650809,163.4,-1.288926983302181e-07,170.0,ASK
471,1712696820.63592,50759038.51650809,163.4,-0.0,170.0,ASK
472,1712696822.7422428,50760626.51650809,163.4,-1.6943235171948906e-07,170.0,ASK
473,1712696850.6230288,50760626.51650809,163.4,-0.0,170.0,ASK
474,1712696863.663609,50786024.48014025,163.4,-2.7097717721744134e-06,170.0,ASK
475,1712696880.4068668,50786024.48014025,163.4,-0.0,170.0,ASK
476,1712696894.5140915,50786728.9169361,163.5,7.512484647734268e-08,170.0,BID
477,1712696894.518102,50790134.22954689,163.5,3.631604547050433e-07,170.0,BID
478,1712696903.4576464,50792477.22954689,163.4,-2.49869848271136e-07,170.0,ASK
479,1712696905.5242364,50792507.81058664,163.5,3.261322988509463e-09,170.0,BID
480,1712696910.4342444,50792507.81058664,163.5,0.0,170.0,BID
481,1712696940.636978,50792507.81058664,163.5,0.0,170.0,BID
482,1712696970.666711,50792507.81058664,163.5,0.0,170.0,BID
483,1712697000.445951,50792507.81058664,163.5,0.0,170.0,BID
484,1712697004.0978985,50807681.2148094,163.4,-1.6195868573871728e-06,170.0,ASK
485,1712697004.1022704,50817388.2915689,163.4,-1.0361191010610538e-06,170.0,ASK
486,1712697030.4366748,50817388.2915689,163.4,-0.0,170.0,ASK
487,1712697060.667242,50817388.2915689,163.4,-0.0,170.0,ASK
488,1712697063.0272958,50819065.88081945,163.2,-1.789857405623461e-07,170.0,ASK
489,1712697063.0321116,50824184.2915689,163.2,-5.46094664228723e-07,170.0,ASK
490,1712697065.2255976,50824185.05729002,163.2,-8.169649493869476e-11,170.0,ASK
491,1712697065.227967,50853756.10252793,163.1,-3.1550008021191145e-06,170.0,ASK
492,1712697065.230274,50857596.2915689,163.1,-4.09718337889655e-07,170.0,ASK
493,1712697070.277897,50858342.2915689,163.1,-7.959240464598847e-08,170.0,ASK
494,1712697074.2275207,50865305.2915689,163.1,-7.428980074397019e-07,170.0,ASK
495,1712697074.2372606,50865527.2915689,163.2,-2.3685675377224452e-08,170.0,ASK
496,1712697090.6615174,50865527.2915689,163.2,-0.0,170.0,ASK
497,1712697117.740588,50865563.82767661,163.4,3.894855882276554e-09,170.0,BID
498,1712697120.429057,50865563.82767661,163.4,0.0,170.0,BID
499,1712697147.6786726,50865927.46404024,163.1,-3.876467465341292e-08,170.0,ASK
500,1712697150.4189956,50865927.46404024,163.1,-0.0,170.0,ASK
501,1712697151.978838,50866004.50198393,163.4,8.21241284060781e-09,170.0,BID
502,1712697172.769291,50867555.50198393,163.3,-1.6533998320191734e-07,170.0,ASK
503,1712697180.6690185,50867555.50198393,163.3,-0.0,170.0,ASK
504,1712697210.6803615,50867555.50198393,163.3,-0.0,170.0,ASK
505,1712697232.2868152,50870042.25736192,163.3,-2.650860346125924e-07,170.0,ASK
506,1712697240.4006093,50870042.25736192,163.3,-0.0,170.0,ASK
507,1712697242.429717,50871094.0372915,163.3,-1.1211400382729753e-07,170.0,ASK
508,1712697270.430266,50871094.0372915,163.3,-0.0,170.0,ASK
509,1712697300.4203854,50871094.0372915,163.3,-0.0,170.0,ASK
510,1712697302.6052308,50872296.22192536,163.3,-1.2826355644914554e-07,170.0,ASK
511,1712697330.4205806,50872296.22192536,163.3,-0.0,170.0,ASK
512,1712697360.6744373,50872296.22192536,163.3,-0.0,170.0,ASK
513,1712697377.2753768,50872947.22192536,163.3,-6.945507703028497e-08,170.0,ASK
514,1712697390.661866,50872947.22192536,163.3,-0.0,170.0,ASK
515,1712697396.5212624,50873069.62094616,163.4,1.3058582178150622e-08,170.0,BID
516,1712697420.4414,50873069.62094616,163.4,0.0,170.0,BID
517,1712697450.4217346,50873069.62094616,163.4,0.0,170.0,BID
518,1712697480.6466534,50873069.62094616,163.4,0.0,170.0,BID
519,1712697510.652181,50873069.62094616,163.4,0.0,170.0,BID
520,1712697540.4256077,50873069.62094616,163.4,0.0,170.0,BID
521,1712697570.422673,50873069.62094616,163.4,0.0,170.0,BID
522,1712697600.4636962,50873069.62094616,163.4,0.0,170.0,BID
523,1712697630.4230118,50873069.62094616,163.4,0.0,170.0,BID
524,1712697660.4732494,50873069.62094616,163.4,0.0,170.0,BID
525,1712697690.4235208,50873069.62094616,163.4,0.0,170.0,BID
526,1712697720.6674109,50873069.62094616,163.4,0.0,170.0,BID
527,1712697750.7075071,50873069.62094616,163.4,0.0,170.0,BID
528,1712697780.4338994,50873069.62094616,163.4,0.0,170.0,BID
529,1712697792.5638363,50873865.62094616,163.3,-8.518409667599126e-08,170.0,ASK
530,1712697810.426647,50873865.62094616,163.3,-0.0,170.0,ASK
531,1712697829.7265992,50874474.93049836,163.3,-6.520447462761842e-08,170.0,ASK
532,1712697829.7295325,50877332.83508606,163.3,-3.058349676351248e-07,170.0,ASK
533,1712697840.6541042,50877332.83508606,163.3,-0.0,170.0,ASK
534,1712697841.1863208,50881505.10685742,163.1,-4.464632223678388e-07,170.0,ASK
535,1712697852.344448,50883957.5899966,163.1,-2.624334140067192e-07,170.0,ASK
536,1712697855.8343208,50884034.62794029,163.4,8.243616540276479e-09,170.0,BID
537,1712697870.6545613,50884034.62794029,163.4,0.0,170.0,BID
538,1712697891.5943182,50885285.61629026,163.1,-1.3384913521619725e-07,170.0,ASK
539,1712697891.596551,50888589.62794029,163.1,-3.535117670064376e-07,170.0,ASK
540,1712697900.416659,50888589.62794029,163.1,-0.0,170.0,ASK
541,1712697917.2838392,50891022.62794029,163.2,-2.611199182845459e-07,170.0,ASK
542,1712697921.669047,50891648.62303832,163.2,-6.718445904013856e-08,170.0,ASK
543,1712697921.6713138,50944486.57030919,163.1,-5.67079345404553e-06,170.0,ASK
544,1712697930.434419,50944486.57030919,163.1,-0.0,170.0,ASK
545,1712697960.6457756,50944486.57030919,163.1,-0.0,170.0,ASK
546,1712697969.844837,50945100.0672417,163.0,-6.577873915134552e-08,170.0,ASK
547,1712697969.8486722,50951664.05713626,163.0,-7.037866958883437e-07,170.0,ASK
548,1712697969.8547125,50976710.72665773,163.0,-2.685487495971027e-06,170.0,ASK
549,1712697969.964858,50978692.25723661,162.9,-2.124584104041579e-07,170.0,ASK
550,1712697969.9852643,50978914.25723661,162.9,-2.38026945496464e-08,170.0,ASK
551,1712697969.9893217,50981766.16312181,162.9,-3.057794804948907e-07,170.0,ASK
552,1712697969.9929984,50983106.51397154,162.9,-1.4371153993410116e-07,170.0,ASK
553,1712697969.9966836,50995682.12371927,162.8,-1.3483486378413405e-06,170.0,ASK
554,1712697970.0003402,50996909.25723661,162.9,-1.315724517336625e-07,170.0,ASK
555,1712697970.0023928,50997131.25723661,162.8,-2.38026945496464e-08,170.0,ASK
556,1712697970.4879467,50997161.93208323,163.0,3.288936956928199e-09,170.0,BID
557,1712697970.5665815,51003330.93208323,162.8,-6.614361381836423e-07,170.0,ASK
558,1712697970.7049203,51005191.93208323,162.8,-1.995352007067205e-07,170.0,ASK
559,1712697970.8446324,51008106.93208323,162.8,-3.125443901451317e-07,170.0,ASK
560,1712697972.074937,51011839.93208323,162.8,-4.0024981420644137e-07,170.0,ASK
561,1712697976.025201,51019890.93208323,162.8,-8.632229451315454e-07,170.0,ASK
562,1712697979.145192,51029630.93208323,162.8,-1.0443164185295309e-06,170.0,ASK
563,1712697982.1748548,51029708.15907709,163.0,8.280227684622148e-09,170.0,BID
564,1712697990.6649454,51029708.15907709,163.0,0.0,170.0,BID
565,1712697996.9564066,51032623.15907709,162.8,-3.1207990780850455e-07,170.0,ASK
566,1712698005.335123,51032660.01411394,162.8,-3.9457003435960056e-09,170.0,ASK
567,1712698005.3402164,51045215.20344306,162.8,-1.3441586032073143e-06,170.0,ASK
568,1712698016.3755498,51058096.9751087,162.7,-1.3791225090302546e-06,170.0,ASK
569,1712698016.3779836,51060096.9751087,162.7,-2.1412000535746453e-07,170.0,ASK
570,1712698016.3802097,51085110.87525168,162.8,-2.6779882163132587e-06,170.0,ASK
571,1712698016.382408,51092008.51034111,162.7,-7.384608311509972e-07,170.0,ASK
572,1712698020.454888,51092008.51034111,162.7,-0.0,170.0,ASK
573,1712698031.7253249,51094917.35281774,162.7,-3.110829646412668e-07,170.0,ASK
574,1712698031.7312045,51104255.90776916,162.7,-9.987015051844994e-07,170.0,ASK
575,1712698050.405182,51104255.90776916,162.7,-0.0,170.0,ASK
576,1712698080.6852162,51104255.90776916,162.7,-0.0,170.0,ASK
577,1712698110.6576014,51104255.90776916,162.7,-0.0,170.0,ASK
578,1712698115.5330727,51104440.29621415,162.7,-1.971501847523616e-08,170.0,ASK
579,1712698115.5360296,51106113.90776916,162.7,-1.789444166590605e-07,170.0,ASK
580,1712698125.4011369,51110327.07965774,162.7,-4.504770438694721e-07,170.0,ASK
581,1712698125.4039824,51113400.22040758,162.7,-3.285836412549981e-07,170.0,ASK
582,1712698125.4066706,51151148.07403611,162.6,-4.036042669200548e-06,170.0,ASK
583,1712698130.7454622,51189767.63948387,162.7,-4.129247070497589e-06,170.0,ASK
584,1712698139.4754782,51221672.63948387,162.6,-3.411318233562828e-06,170.0,ASK
585,1712698140.4357016,51221672.63948387,162.6,-0.0,170.0,ASK
586,1712698170.4357903,51221672.63948387,162.6,-0.0,170.0,ASK
587,1712698200.545484,51221672.63948387,162.6,-0.0,170.0,ASK
588,1712698212.5354717,51226829.63948387,162.6,-5.509939436907275e-07,170.0,ASK
589,1712698230.4188516,51226829.63948387,162.6,-0.0,170.0,ASK
590,1712698231.6454732,51227047.98508387,162.7,-2.3326803507897186e-08,170.0,ASK
591,1712698249.145742,51227388.40606546,163.0,3.6368643780165786e-08,170.0,BID
592,1712698257.3559334,51227610.40606546,163.0,2.3717218843508946e-08,170.0,BID
593,1712698260.6378624,51227610.40606546,163.0,0.0,170.0,BID
594,1712698260.6665647,51228837.39993049,163.0,1.310832728036979e-07,170.0,BID
595,1712698290.6464512,51228837.39993049,163.0,0.0,170.0,BID
596,1712698291.3958583,51229059.39993049,162.9,-2.371638981029504e-08,170.0,ASK
597,1712698291.401969,51229281.39993049,162.8,-2.371638981029504e-08,170.0,ASK
598,1712698291.408077,51230091.74553049,162.7,-8.656969428240237e-08,170.0,ASK
599,1712698291.410823,51230095.39993049,162.7,-3.90401688679444e-10,170.0,ASK
600,1712698301.88179,51232548.39993049,162.7,-2.620554243452871e-07,170.0,ASK
601,1712698308.3759954,51233828.39993049,162.8,-1.367431484557552e-07,170.0,ASK
602,1712698309.866099,51250764.79933049,162.7,-1.809325451140304e-06,170.0,ASK
603,1712698320.4257534,51250764.79933049,162.7,-0.0,170.0,ASK
604,1712698350.435952,51250764.79933049,162.7,-0.0,170.0,ASK
605,1712698365.326028,51250795.48602576,163.1,3.2770285653535998e-09,170.0,BID
606,1712698380.465917,51250795.48602576,163.1,0.0,170.0,BID
607,1712698387.649645,51250826.17272103,163.1,3.2770268138373e-09,170.0,BID
608,1712698387.786325,51250887.48479951,163.1,6.547506123836655e-09,170.0,BID
609,1712698392.256056,51250918.17149478,163.1,3.2770268138373e-09,170.0,BID
610,1712698410.437951,51250918.17149478,163.1,0.0,170.0,BID
611,1712698440.6661973,51250918.17149478,163.1,0.0,170.0,BID
612,1712698470.6463754,51250918.17149478,163.1,0.0,170.0,BID
613,1712698500.456374,51250918.17149478,163.1,0.0,170.0,BID
614,1712698530.437121,51250918.17149478,163.1,0.0,170.0,BID
615,1712698560.6364958,51250918.17149478,163.1,0.0,170.0,BID
616,1712698590.667554,51250918.17149478,163.1,0.0,170.0,BID
617,1712698620.4489498,51250918.17149478,163.1,0.0,170.0,BID
618,1712698650.4468074,51250918.17149478,163.1,0.0,170.0,BID
619,1712698680.6674228,51250918.17149478,163.1,0.0,170.0,BID
620,1712698710.6498077,51250918.17149478,163.1,0.0,170.0,BID
621,1712698734.167008,51257118.17149478,163.1,-6.627811696634765e-07,170.0,ASK
622,1712698734.307171,51263172.21698722,163.1,6.471786052702559e-07,170.0,BID
623,1712698740.4091938,51263172.21698722,163.1,0.0,170.0,BID
624,1712698770.4272084,51263172.21698722,163.1,0.0,170.0,BID
625,1712698791.507034,51263394.21698722,163.0,-2.372677255121304e-08,170.0,ASK
626,1712698791.5126607,51263694.21698722,163.0,-3.206320615028789e-08,170.0,ASK
627,1712698799.9365458,51263785.33777202,163.0,9.73874835838332e-09,170.0,BID
628,1712698800.4363923,51263785.33777202,163.0,0.0,170.0,BID
629,1712698830.446298,51263785.33777202,163.0,0.0,170.0,BID
630,1712698860.6649594,51263785.33777202,163.0,0.0,170.0,BID
631,1712698890.6553583,51263785.33777202,163.0,0.0,170.0,BID
632,1712698904.7242825,51264264.03571361,163.0,-5.1271218265985167e-08,170.0,ASK
633,1712698920.4436226,51264264.03571361,163.0,-0.0,170.0,ASK
634,1712698924.3578598,51264307.71391973,163.0,-4.678140283023463e-09,170.0,ASK
635,1712698924.3638926,51269202.03571361,163.0,-5.242047688785852e-07,170.0,ASK
636,1712698950.4452636,51269202.03571361,163.0,-0.0,170.0,ASK
637,1712698977.7425704,51270236.03571361,163.1,-1.107366925986536e-07,170.0,ASK
638,1712698980.6654804,51270236.03571361,163.1,-0.0,170.0,ASK
639,1712698998.9797056,51273301.63963759,163.1,-3.283062941603442e-07,170.0,ASK
640,1712699010.6419942,51273301.63963759,163.1,-0.0,170.0,ASK
641,1712699040.403257,51273301.63963759,163.1,-0.0,170.0,ASK
642,1712699070.4409256,51273301.63963759,163.1,-0.0,170.0,ASK
643,1712699100.4423454,51273301.63963759,163.1,-0.0,170.0,ASK
644,1712699130.42004,51273301.63963759,163.1,-0.0,170.0,ASK
645,1712699160.649671,51273301.63963759,163.1,-0.0,170.0,ASK
646,1712699181.1396773,51279429.09061798,163.2,-6.594124627470456e-07,170.0,ASK
647,1712699181.1452267,51279735.27555368,163.3,-3.295043292141761e-08,170.0,ASK
648,1712699181.1507592,51287359.07418348,163.1,-8.204435818505105e-07,170.0,ASK
649,1712699181.3593743,51292571.16598042,163.1,5.609050645832848e-07,170.0,BID
650,1712699181.4794426,51298000.4282689,163.1,5.842761089408883e-07,170.0,BID
651,1712699181.5995102,51309727.63481197,163.1,1.2620363953065778e-06,170.0,BID
652,1712699190.6696897,51309727.63481197,163.1,0.0,170.0,BID
653,1712699191.6196556,51311190.28234324,163.0,-1.573038587875244e-07,170.0,ASK
654,1712699191.6264567,51314931.89710045,162.9,-4.024007334795405e-07,170.0,ASK
655,1712699191.630273,51315156.89710045,162.9,-2.4198152644771225e-08,170.0,ASK
656,1712699220.4318426,51315156.89710045,162.9,-0.0,170.0,ASK
657,1712699250.4134576,51315156.89710045,162.9,-0.0,170.0,ASK
658,1712699264.4486728,51315463.45749284,163.1,-3.296662008160168e-08,170.0,ASK
659,1712699264.454512,51328888.37886867,163.0,-1.4436773099261456e-06,170.0,ASK
660,1712699280.6588535,51328888.37886867,163.0,-0.0,170.0,ASK
661,1712699310.6679542,51328888.37886867,163.0,-0.0,170.0,ASK
662,1712699340.427583,51328888.37886867,163.0,-0.0,170.0,ASK
663,1712699370.4373264,51328888.37886867,163.0,-0.0,170.0,ASK
664,1712699390.2272184,51329500.3739727,163.4,6.579635076686963e-08,170.0,BID
665,1712699400.4876275,51329500.3739727,163.4,0.0,170.0,BID
666,1712699430.416654,51329500.3739727,163.4,0.0,170.0,BID
667,1712699460.6469808,51329500.3739727,163.4,0.0,170.0,BID
668,1712699490.646269,51329500.3739727,163.4,0.0,170.0,BID
669,1712699506.4262247,51329561.5734831,163.3,6.6286517297643275e-09,170.0,BID
670,1712699520.4465349,51329561.5734831,163.3,0.0,170.0,BID
671,1712699550.4162064,51329561.5734831,163.3,0.0,170.0,BID
672,1712699580.6260345,51329561.5734831,163.3,0.0,170.0,BID
673,1712699610.6367595,51329561.5734831,163.3,0.0,170.0,BID
674,1712699613.077672,51329868.13387549,163.1,-3.3204185168335205e-08,170.0,ASK
675,1712699613.0822148,51337403.37062252,163.1,-8.161569545479052e-07,170.0,ASK
676,1712699640.4154224,51337403.37062252,163.1,-0.0,170.0,ASK
677,1712699670.425136,51337403.37062252,163.1,-0.0,170.0,ASK
678,1712699700.439957,51337403.37062252,163.1,-0.0,170.0,ASK
679,1712699730.4598718,51337403.37062252,163.1,-0.0,170.0,ASK
680,1712699760.4917135,51337403.37062252,163.1,-0.0,170.0,ASK
681,1712699771.938574,51337492.67198293,163.1,-9.687463201209732e-09,170.0,ASK
682,1712699771.9431922,51338150.4058885,163.1,-7.135135430655917e-08,170.0,ASK
683,1712699772.914698,51339517.88879219,163.3,1.4834533592261718e-07,170.0,BID
684,1712699772.9201157,51343683.75678806,163.3,4.519157684457266e-07,170.0,BID
685,1712699784.4150183,51343816.45542765,163.1,-1.4395225134323528e-08,170.0,ASK
686,1712699784.4194958,51346035.38890569,163.0,-2.407111864449162e-07,170.0,ASK
687,1712699784.4261873,51346648.50969048,163.1,-6.651169717393872e-08,170.0,ASK
688,1712699784.4290123,51348890.18089367,163.0,-2.431777880132553e-07,170.0,ASK
689,1712699784.431797,51352692.72383888,163.0,-4.1250205691501625e-07,170.0,ASK
690,1712699786.6443696,51352753.96082602,163.3,6.643023765135911e-09,170.0,BID
691,1712699790.4274087,51352753.96082602,163.3,0.0,170.0,BID
692,1712699805.0444424,51352815.19781316,163.3,6.641219794593109e-09,170.0,BID
693,1712699820.6363444,51352815.19781316,163.3,0.0,170.0,BID
694,1712699850.645138,51352815.19781316,163.3,0.0,170.0,BID
695,1712699869.0442264,51353121.38274886,163.3,3.320606295819454e-08,170.0,BID
696,1712699880.434083,51353121.38274886,163.3,0.0,170.0,BID
697,1712699897.2845428,51353152.03186092,163.3,3.323908877776817e-09,170.0,BID
698,1712699900.0642478,51353182.68097298,163.3,3.323908877776817e-09,170.0,BID
699,1712699902.3340142,51353213.33008504,163.3,3.323908877776817e-09,170.0,BID
700,1712699904.3840427,51353243.9791971,163.3,3.323908877776817e-09,170.0,BID
701,1712699910.4243698,51353243.9791971,163.3,0.0,170.0,BID
702,1712699910.9438856,51353274.62830916,163.3,3.323901660997053e-09,170.0,BID
703,1712699913.1829286,51353305.27742122,163.3,3.323901660997053e-09,170.0,BID
704,1712699915.1038806,51353335.92653328,163.3,3.323901660997053e-09,170.0,BID
705,1712699917.174055,51353366.57564534,163.3,3.323901660997053e-09,170.0,BID
706,1712699919.117868,51353397.2247574,163.3,3.323901660997053e-09,170.0,BID
707,1712699921.0888872,51353427.87386946,163.3,3.323901660189036e-09,170.0,BID
708,1712699923.4741058,51353458.52298152,163.3,3.323901660997053e-09,170.0,BID
709,1712699925.4340158,51353489.17209358,163.3,3.323901660997053e-09,170.0,BID
710,1712699927.5641768,51353519.82120564,163.3,3.323901660997053e-09,170.0,BID
711,1712699929.893958,51353550.4703177,163.3,3.323901660997053e-09,170.0,BID
712,1712699940.6439848,51353550.4703177,163.3,0.0,170.0,BID
713,1712699951.9740996,51353772.4703177,163.2,-2.4075808852094265e-08,170.0,ASK
714,1712699951.9769244,51354193.4941621,163.2,-4.5659863062673714e-08,170.0,ASK
715,1712699951.979638,51354195.4703177,163.1,-2.1431326361400718e-10,170.0,ASK
716,1712699955.3684385,51354500.05455449,163.1,-3.303203542520082e-08,170.0,ASK
717,1712699955.3720536,51354722.05455449,163.1,-2.4075808852094265e-08,170.0,ASK
718,1712699955.3750107,51354723.4703177,163.0,-1.535389384966768e-10,170.0,ASK
719,1712699970.6639955,51354723.4703177,163.0,-0.0,170.0,ASK
720,1712699970.919341,51354754.11942976,163.3,3.323814632971971e-09,170.0,BID
721,1712699974.4338117,51354784.76854182,163.3,3.323814632971971e-09,170.0,BID
722,1712699976.8240492,51354815.41765388,163.3,3.323814632971971e-09,170.0,BID
723,1712699979.2038462,51354846.06676594,163.3,3.323814632971971e-09,170.0,BID
724,1712699980.713637,51355458.43663734,163.3,6.640988278298707e-08,170.0,BID
725,1712699987.433692,51355489.0857494,163.3,3.323814632971971e-09,170.0,BID
726,1712699988.703604,51355711.0857494,163.3,2.4075309165865e-08,170.0,BID
727,1712699990.4236147,51355741.73486146,163.3,3.323814632971971e-09,170.0,BID
728,1712700000.5047724,51355741.73486146,163.3,0.0,170.0,BID
729,1712700015.593639,51355772.38397352,163.3,3.326366558213026e-09,170.0,BID
730,1712700016.5672278,51357037.65419062,163.3,1.3732053737726268e-07,170.0,BID
731,1712700016.5735283,51357344.23736097,163.3,3.327365580386909e-08,170.0,BID
732,1712700017.5436084,51357374.90525312,163.2,-3.3284047734711954e-09,170.0,ASK
733,1712700017.549688,51357596.90525312,163.2,-2.4093793472421933e-08,170.0,ASK
734,1712700018.3235188,51357627.55436518,163.2,3.326366559021642e-09,170.0,BID
735,1712700022.6435893,51357658.22225733,163.2,3.3284047734711954e-09,170.0,BID
736,1712700025.213635,51357688.89014948,163.2,3.3284047734711954e-09,170.0,BID
737,1712700027.3237686,51357719.55804163,163.2,3.3284047734711954e-09,170.0,BID
738,1712700029.6737618,51357750.22593378,163.2,3.3284047734711954e-09,170.0,BID
739,1712700030.4736693,51357750.22593378,163.2,0.0,170.0,BID
740,1712700031.8435175,51357780.89382593,163.2,3.3282863125195882e-09,170.0,BID
741,1712700034.1535306,51357811.56171808,163.2,3.328286311711e-09,170.0,BID
742,1712700034.413699,51364126.85583572,163.2,6.853782734100718e-07,170.0,BID
743,1712700037.3234477,51364157.52372787,163.2,3.3282863125195882e-09,170.0,BID
744,1712700039.423543,51364188.19162002,163.2,3.3282863125195882e-09,170.0,BID
745,1712700039.4836087,51364224.15975727,163.2,3.903504626468822e-09,170.0,BID
746,1712700041.7337608,51364254.82764942,163.2,3.3282863125195882e-09,170.0,BID
747,1712700044.0433493,51364285.49554157,163.2,3.3282863125195882e-09,170.0,BID
748,1712700060.635412,51364285.49554157,163.2,0.0,170.0,BID
749,1712700064.7615266,51365939.90730627,163.2,1.7952713276119129e-07,170.0,BID
750,1712700072.8233466,51365970.57519842,163.2,3.327901108484992e-09,170.0,BID
751,1712700090.6541934,51365970.57519842,163.2,0.0,170.0,BID
752,1712700109.9231262,51366877.20448763,163.2,9.837919626593198e-08,170.0,BID
753,1712700117.8130722,51371205.40756145,163.2,4.6965738339365154e-07,170.0,BID
754,1712700120.404209,51371205.40756145,163.2,0.0,170.0,BID
755,1712700135.7531393,51378193.04849282,163.2,7.581652001628965e-07,170.0,BID
756,1712700150.413334,51378193.04849282,163.2,0.0,170.0,BID
757,1712700168.3531651,51388472.2410044,163.2,1.1151634658538925e-06,170.0,BID
758,1712700180.6502151,51388472.2410044,163.2,0.0,170.0,BID
759,1712700210.6943903,51388472.2410044,163.2,0.0,170.0,BID
760,1712700224.9132771,51388502.90889655,163.2,3.326476260599862e-09,170.0,BID
761,1712700233.9226682,51388686.43233091,163.2,1.9906368023305623e-08,170.0,BID
762,1712700240.432878,51388686.43233091,163.2,0.0,170.0,BID
763,1712700245.2628922,51388839.61860541,163.2,1.661570254036833e-08,170.0,BID
764,1712700268.002745,51391368.03788603,163.2,2.742508282777045e-07,170.0,BID
765,1712700270.416313,51391368.03788603,163.2,0.0,170.0,BID
766,1712700272.172711,51393887.48172577,163.3,2.732643146854537e-07,170.0,BID
767,1712700300.6357117,51393887.48172577,163.3,0.0,170.0,BID
768,1712700330.632539,51393887.48172577,163.3,0.0,170.0,BID
769,1712700334.3426862,51395630.3150591,163.5,1.8984846854506705e-07,170.0,BID
770,1712700344.9030137,51395997.51372276,163.5,3.999929460501009e-08,170.0,BID
771,1712700360.4279995,51395997.51372276,163.5,0.0,170.0,BID
772,1712700390.424106,51395997.51372276,163.5,0.0,170.0,BID
773,1712700420.6325998,51395997.51372276,163.5,0.0,170.0,BID
774,1712700439.3422823,51400374.37610808,163.5,4.767578054229802e-07,170.0,BID
775,1712700445.7729335,51401225.28007338,163.5,9.268628332566565e-08,170.0,BID
776,1712700445.7792726,51404191.2410556,163.5,3.2307276865639656e-07,170.0,BID
777,1712700450.6724806,51404191.2410556,163.5,0.0,170.0,BID
778,1712700480.4123173,51404191.2410556,163.5,0.0,170.0,BID
779,1712700506.04244,51404558.90783668,163.6,4.004293871095042e-08,170.0,BID
780,1712700506.0490522,51404713.68420963,163.6,1.6856841941390885e-08,170.0,BID
781,1712700510.432287,51404713.68420963,163.6,0.0,170.0,BID
782,1712700533.7420864,51404744.31456458,163.4,-3.3359500275309823e-09,170.0,ASK
783,1712700538.3725157,51404774.80890401,163.4,3.3211365858720406e-09,170.0,BID
784,1712700540.6627293,51404774.80890401,163.4,0.0,170.0,BID
785,1712700547.7926507,51405346.39118406,163.6,6.22509223931446e-08,170.0,BID
786,1712700547.7992673,51409474.18904279,163.6,4.495577157042052e-07,170.0,BID
787,1712700557.0021307,51409504.78195232,163.6,3.331868225057958e-09,170.0,BID
788,1712700570.6721303,51409504.78195232,163.6,0.0,170.0,BID
789,1712700587.0926564,51421874.7175053,163.6,1.347093907231308e-06,170.0,BID
790,1712700587.099475,51427555.34635455,163.6,6.186241213059135e-07,170.0,BID
791,1712700597.9752035,51443029.99572856,163.7,1.6851992315554394e-06,170.0,BID
792,1712700597.9800377,51450955.10811386,163.7,8.630498164394587e-07,170.0,BID
793,1712700600.421816,51450955.10811386,163.7,0.0,170.0,BID
794,1712700611.242063,51451038.63411386,163.7,9.175874387168422e-09,170.0,BID
795,1712700611.2481694,51457252.91605888,163.7,6.826792918802002e-07,170.0,BID
796,1712700611.701842,51465092.04069959,163.7,-8.611788306402289e-07,170.0,ASK
797,1712700616.001838,51465183.61579116,163.8,1.0060119449891697e-08,170.0,BID
798,1712700616.1017816,51465275.19088273,163.8,1.006011945071019e-08,170.0,BID
799,1712700626.4553568,51466496.19210374,163.8,1.341349260176542e-07,170.0,BID
800,1712700626.4622853,51467057.42900174,163.8,6.165552375830968e-08,170.0,BID
801,1712700626.4697113,51467488.56084641,163.8,4.7362637393995535e-08,170.0,BID
802,1712700626.4733016,51470385.41765857,163.9,3.182385631515055e-07,170.0,BID
803,1712700626.4761865,51470771.13563076,163.8,4.23736281117087e-08,170.0,BID
804,1712700626.4791331,51471246.10558278,163.9,5.2178538627833386e-08,170.0,BID
805,1712700626.482041,51482260.87271262,164.0,1.2100438137425509e-06,170.0,BID
806,1712700626.4849925,51482959.25246657,163.8,7.672155851735355e-08,170.0,BID
807,1712700626.4879274,51489654.21000193,163.9,7.354846319891981e-07,170.0,BID
808,1712700626.4908478,51489839.30259393,164.0,2.0333625148879724e-08,170.0,BID
809,1712700626.4937897,51490839.30259393,163.9,1.098565044071247e-07,170.0,BID
810,1712700626.4967606,51490901.00012393,164.0,6.777874976507711e-09,170.0,BID
811,1712700626.4997418,51493678.05042855,163.9,3.050770390276355e-07,170.0,BID
812,1712700626.5027006,51494287.80652612,164.0,6.698567341997658e-08,170.0,BID
813,1712700630.412517,51494287.80652612,164.0,0.0,170.0,BID
814,1712700660.6421323,51494287.80652612,164.0,0.0,170.0,BID
815,1712700690.6608355,51494287.80652612,164.0,0.0,170.0,BID
816,1712700692.6963594,51494348.78213587,163.9,6.693346479710695e-09,170.0,BID
817,1712700700.1217034,51494379.33769142,163.8,-3.3541102914958357e-09,170.0,ASK
818,1712700720.4287934,51494379.33769142,163.8,-0.0,170.0,ASK
819,1712700747.8719802,51494962.33769142,163.7,-6.399631900240028e-08,170.0,ASK
820,1712700750.419731,51494962.33769142,163.7,-0.0,170.0,ASK
821,1712700755.8435297,51495560.13927632,163.7,-6.56204119084404e-08,170.0,ASK
822,1712700760.3117862,51501246.45805469,163.7,-6.241846624450362e-07,170.0,ASK
823,1712700780.6679916,51501246.45805469,163.7,-0.0,170.0,ASK
824,1712700810.6667466,51501246.45805469,163.7,-0.0,170.0,ASK
825,1712700816.764521,51506073.36945684,163.7,-5.297880758849027e-07,170.0,ASK
826,1712700816.777121,51516004.66973352,163.6,-1.090031290458294e-06,170.0,ASK
827,1712700825.6131835,51519914.2604484,163.7,4.291055645675099e-07,170.0,BID
828,1712700825.620159,51520467.1583807,163.9,6.068450553756219e-08,170.0,BID
829,1712700825.6244166,51521882.62497886,163.8,1.553575906084918e-07,170.0,BID
830,1712700825.6915152,51526176.94856207,163.9,-4.713327506614497e-07,170.0,ASK
831,1712700839.4818745,51526237.88701423,164.0,6.688431302849933e-09,170.0,BID
832,1712700840.4436872,51526237.88701423,164.0,0.0,170.0,BID
833,1712700870.401631,51526237.88701423,164.0,0.0,170.0,BID
834,1712700885.0918505,51526397.88701423,164.0,1.7553263074854273e-08,170.0,BID
835,1712700900.4620602,51526397.88701423,164.0,0.0,170.0,BID
836,1712700930.4119172,51526397.88701423,164.0,0.0,170.0,BID
837,1712700933.7318642,51534109.09922311,163.6,-8.48003718081363e-07,170.0,ASK
838,1712700948.083886,51534112.01840919,163.5,-3.210235417195118e-10,170.0,ASK
839,1712700948.0893683,51534626.09922311,163.6,-5.6533581204277127e-08,170.0,ASK
840,1712700948.2021048,51534653.79165782,163.5,-3.045343191636033e-09,170.0,ASK
841,1712700948.2088451,51535265.41245292,163.5,-6.726007458393698e-08,170.0,ASK
842,1712700960.6354623,51535265.41245292,163.5,-0.0,170.0,ASK
843,1712700977.5622585,51535985.41245292,163.5,7.916593048185676e-08,170.0,BID
844,1712700988.531567,51536523.80498399,163.5,5.919770234223827e-08,170.0,BID
845,1712700988.5346572,51536705.41245292,164.0,1.9968228139618493e-08,170.0,BID
846,1712700990.663007,51536705.41245292,164.0,0.0,170.0,BID
847,1712701020.4375885,51536705.41245292,164.0,0.0,170.0,BID
848,1712701050.4159925,51536705.41245292,164.0,0.0,170.0,BID
849,1712701080.6886508,51536705.41245292,164.0,0.0,170.0,BID
850,1712701110.6426342,51536705.41245292,164.0,0.0,170.0,BID
851,1712701130.1813638,51536745.09252323,163.7,-4.362817136927277e-09,170.0,ASK
852,1712701140.4427366,51536745.09252323,163.7,-0.0,170.0,ASK
853,1712701149.6730697,51536745.22853875,163.4,-1.4954873086252083e-11,170.0,ASK
854,1712701149.679464,51543625.09252323,163.4,-7.564393616035104e-07,170.0,ASK
855,1712701149.8326366,51548764.09252323,163.4,-5.65031792496109e-07,170.0,ASK
856,1712701150.3057902,51554403.09252323,163.4,-6.200066701470244e-07,170.0,ASK
857,1712701150.9827,51555945.09252323,163.4,-1.6954252267542326e-07,170.0,ASK
858,1712701170.4327211,51555945.09252323,163.4,-0.0,170.0,ASK
859,1712701200.4612834,51555945.09252323,163.4,-0.0,170.0,ASK
860,1712701230.434585,51555945.09252323,163.4,-0.0,170.0,ASK
861,1712701260.643212,51555945.09252323,163.4,-0.0,170.0,ASK
862,1712701290.6629913,51555945.09252323,163.4,-0.0,170.0,ASK
863,1712701293.344332,51556495.88811686,163.4,-6.06335794778102e-08,170.0,ASK
864,1712701293.3516862,51558749.23176708,163.4,-2.480562533314659e-07,170.0,ASK
865,1712701293.357339,51564724.32984495,163.5,-6.577604984214426e-07,170.0,ASK
866,1712701293.3603969,51566541.71705236,163.4,-2.000645846800092e-07,170.0,ASK
867,1712701295.2632785,51567521.71705236,163.4,-1.0788195943433029e-07,170.0,ASK
868,1712701310.9834297,51567582.91656276,163.7,6.737064385603168e-09,170.0,BID
869,1712701320.423071,51567582.91656276,163.7,0.0,170.0,BID
870,1712701350.43538,51567582.91656276,163.7,0.0,170.0,BID
871,1712701362.183859,51577025.43143613,163.4,-1.0392487092287043e-06,170.0,ASK
872,1712701362.192986,51586409.67973693,163.3,-1.032835856175361e-06,170.0,ASK
873,1712701380.6757054,51586409.67973693,163.3,-0.0,170.0,ASK
874,1712701394.8232193,51587938.03539596,163.4,1.681548014084161e-07,170.0,BID
875,1712701397.5732255,51589007.03539596,163.4,-1.176149554218544e-07,170.0,ASK
876,1712701410.666775,51589007.03539596,163.4,-0.0,170.0,ASK
877,1712701440.433246,51589007.03539596,163.4,-0.0,170.0,ASK
878,1712701470.4336605,51589007.03539596,163.4,-0.0,170.0,ASK
879,1712701494.0633636,51590542.83553371,163.7,1.6896597802747198e-07,170.0,BID
880,1712701494.1633575,51591197.83553371,163.7,-7.206192582459039e-08,170.0,ASK
881,1712701500.6453054,51591197.83553371,163.7,-0.0,170.0,ASK
882,1712701530.65367,51591197.83553371,163.7,-0.0,170.0,ASK
883,1712701560.4375055,51591197.83553371,163.7,-0.0,170.0,ASK
884,1712701590.4530077,51591197.83553371,163.7,-0.0,170.0,ASK
885,1712701620.6350677,51591197.83553371,163.7,-0.0,170.0,ASK
886,1712701643.9836965,51598769.57539856,163.7,-8.344590243428266e-07,170.0,ASK
887,1712701644.4640205,51599075.01217314,163.7,-3.36612822766249e-08,170.0,ASK
888,1712701644.4705832,51603312.61931747,163.7,-4.670141323297279e-07,170.0,ASK
889,1712701650.663778,51603312.61931747,163.7,-0.0,170.0,ASK
890,1712701680.433506,51603312.61931747,163.7,-0.0,170.0,ASK
891,1712701710.4536605,51603312.61931747,163.7,-0.0,170.0,ASK
892,1712701712.8737967,51603343.212227,163.6,-3.370817217567881e-09,170.0,ASK
893,1712701714.7435105,51603373.78644813,163.6,3.3687580740668117e-09,170.0,BID
894,1712701717.6135066,51603404.34200368,163.8,3.366701445886061e-09,170.0,BID
895,1712701731.6136708,51603434.89755923,163.8,3.366701445886061e-09,170.0,BID
896,1712701731.7136486,51603465.47178036,163.7,-3.3687580740668117e-09,170.0,ASK
897,1712701740.6645734,51603465.47178036,163.7,-0.0,170.0,ASK
898,1712701745.8035264,51603526.55913527,163.7,6.730766807731979e-09,170.0,BID
899,1712701770.6618996,51603526.55913527,163.7,0.0,170.0,BID
900,1712701800.493513,51603526.55913527,163.7,0.0,170.0,BID
901,1712701830.4257913,51603526.55913527,163.7,0.0,170.0,BID
902,1712701860.6936662,51603526.55913527,163.7,0.0,170.0,BID
903,1712701867.1837914,51607983.64607852,163.9,4.91864062178945e-07,170.0,BID
904,1712701890.6457894,51607983.64607852,163.9,0.0,170.0,BID
905,1712701906.27382,51618546.83704862,163.9,1.165612263008786e-06,170.0,BID
906,1712701910.343691,51625446.78522772,163.9,7.613858572142823e-07,170.0,BID
907,1712701911.8962092,51627920.78522772,163.9,-2.729975011193337e-07,170.0,ASK
908,1712701920.433675,51627920.78522772,163.9,-0.0,170.0,ASK
909,1712701950.4364083,51627920.78522772,163.9,-0.0,170.0,ASK
910,1712701974.6638546,51630969.56571553,164.0,3.363013133638642e-07,170.0,BID
911,1712701974.6738338,51633126.79131685,164.0,2.3795671936657882e-07,170.0,BID
912,1712701974.678619,51638082.33250286,164.0,5.466300430444186e-07,170.0,BID
913,1712701974.81377,51638908.87656212,164.0,9.117345567993749e-08,170.0,BID
914,1712701974.996319,51638945.84513883,164.1,4.077886535935159e-09,170.0,BID
915,1712701975.0020947,51638948.87656212,164.1,3.343866953976873e-10,170.0,BID
916,1712701980.400515,51638948.87656212,164.1,0.0,170.0,BID
917,1712701991.5444856,51639945.84513883,164.1,1.0995050872556737e-07,170.0,BID
918,1712701991.553657,51640551.58942901,164.1,6.680440529273945e-08,170.0,BID
919,1712702010.427527,51640551.58942901,164.1,0.0,170.0,BID
920,1712702026.9437745,51650708.81125417,164.1,-1.120154978659057e-06,170.0,ASK
921,1712702029.2536373,51652980.81125417,164.1,-2.5055986325013293e-07,170.0,ASK
922,1712702029.9136207,51654142.81125417,164.1,-1.2814725400380917e-07,170.0,ASK
923,1712702030.2039776,51655900.81125417,164.1,-1.938751054549884e-07,170.0,ASK
924,1712702030.7641163,51655973.2467658,164.1,-7.988306288529904e-09,170.0,ASK
925,1712702030.7714128,51656029.26078164,164.1,-6.17731696680735e-09,170.0,ASK
926,1712702032.0236647,51657841.26078164,164.0,-1.998303134723772e-07,170.0,ASK
927,1712702040.6338067,51657841.26078164,164.0,-0.0,170.0,ASK
928,1712702065.343866,51657902.1992338,164.1,6.718289846707434e-09,170.0,BID
929,1712702070.6642387,51657902.1992338,164.1,0.0,170.0,BID
930,1712702100.4489214,51657902.1992338,164.1,0.0,170.0,BID
931,1712702103.813489,51658370.68703867,164.0,-5.188172511828436e-08,170.0,ASK
932,1712702130.424633,51658370.68703867,164.0,-0.0,170.0,ASK
933,1712702138.1139424,51659112.1992338,164.0,8.211655490056015e-08,170.0,BID
934,1712702139.253992,51660585.1992338,164.0,-1.631229886204139e-07,170.0,ASK
935,1712702142.326282,51662839.39229703,164.0,-2.496338828251003e-07,170.0,ASK
936,1712702151.416469,51664399.00431703,164.1,1.727145782694187e-07,170.0,BID
937,1712702159.5441458,51664399.0043174,164.1,4.1254615544042157e-17,170.0,BID
1137,1712702159.5441458,51664399.0043174,164.1,4.125461554404216e-17,170.0,BID
938,1712702160.6635778,51664399.0043174,164.1,0.0,170.0,BID
939,1712702164.263864,51665001.0043174,164.0,-6.665939392749386e-08,170.0,ASK
940,1712702178.9810455,51665041.0043174,164.2,4.4291956098002545e-09,170.0,BID
941,1712702190.6351247,51665041.0043174,164.2,0.0,170.0,BID
942,1712702203.3536491,51665101.90565722,164.1,6.743520047889879e-09,170.0,BID
943,1712702204.033594,51680342.91400934,164.1,1.6876155054450935e-06,170.0,BID
944,1712702204.711486,51680952.67010691,164.1,-6.751743854635276e-08,170.0,ASK
945,1712702206.907198,51727753.59627393,164.1,-5.1822009964090686e-06,170.0,ASK
946,1712702206.915064,51730170.63560242,164.1,-2.676353790900876e-07,170.0,ASK
947,1712702206.989174,51730670.63560242,163.9,-5.53642996071843e-08,170.0,ASK
948,1712702210.543676,51733465.32748768,163.9,3.0945231769007964e-07,170.0,BID
949,1712702210.5512092,51775727.35671507,164.1,4.679615296305695e-06,170.0,BID
950,1712702220.4335432,51775727.35671507,164.1,0.0,170.0,BID
951,1712702250.460961,51775727.35671507,164.1,0.0,170.0,BID
952,1712702257.3839986,51775757.83783565,164.2,3.368357477051354e-09,170.0,BID
953,1712702267.8335917,51775788.43074518,163.6,-3.380710866340552e-09,170.0,ASK
954,1712702267.843475,51776919.83783565,163.6,-1.250276715681738e-07,170.0,ASK
955,1712702280.6478534,51776919.83783565,163.6,-0.0,170.0,ASK
956,1712702283.6137674,51778110.71579298,163.7,-1.3159674286990146e-07,170.0,ASK
957,1712702310.6434724,51778110.71579298,163.7,-0.0,170.0,ASK
958,1712702313.3939552,51778150.76902643,163.8,-4.425945989249124e-09,170.0,ASK
959,1712702313.401601,51778739.71579298,163.8,-6.507955424868155e-08,170.0,ASK
960,1712702340.4378967,51778739.71579298,163.8,-0.0,170.0,ASK
961,1712702370.4335485,51778739.71579298,163.8,-0.0,170.0,ASK
962,1712702376.3539784,51778770.25270573,163.9,-3.374339002386066e-09,170.0,ASK
963,1712702380.2235625,51782952.21276512,163.9,4.621079756298526e-07,170.0,BID
964,1712702380.306418,51790967.63621228,163.9,8.857069532904136e-07,170.0,BID
965,1712702380.3636484,51800493.21190308,163.9,1.052579277819894e-06,170.0,BID
966,1712702389.573783,51800523.74881583,163.9,3.374339001562774e-09,170.0,BID
967,1712702393.293618,51805514.30289984,163.9,5.514578839306347e-07,170.0,BID
968,1712702393.3719084,51805514.30290024,163.9,4.445774805902026e-17,170.0,BID
969,1712702393.3755252,51808508.63535024,163.9,3.308747303137584e-07,170.0,BID
970,1712702393.553506,51809886.63535024,163.9,-1.522694577123488e-07,170.0,ASK
971,1712702400.4748056,51809886.63535024,163.9,-0.0,170.0,ASK
972,1712702430.3938415,51809886.63535024,163.9,-0.0,170.0,ASK
973,1712702460.6659713,51809886.63535024,163.9,-0.0,170.0,ASK
974,1712702461.0837762,51809917.13504554,164.1,-3.3799747026443667e-09,170.0,ASK
975,1712702469.9140522,51809947.60427162,164.1,3.3765981047856314e-09,170.0,BID
976,1712702470.2737637,51809978.14118437,163.9,-3.384099138105941e-09,170.0,ASK
977,1712702470.280505,51815536.24772628,163.9,-6.159490880423691e-07,170.0,ASK
978,1712702470.2865598,51815566.76601896,164.0,-3.38203566328806e-09,170.0,ASK
1178,1712702470.2865598,51815566.76601896,164.0,-3.3820356632880604e-09,170.0,ASK
979,1712702490.6445682,51815566.76601896,164.0,-0.0,170.0,ASK
980,1712702520.43373,51815566.76601896,164.0,-0.0,170.0,ASK
981,1712702544.7935586,51815611.36567035,164.0,-4.942021250720325e-09,170.0,ASK
982,1712702544.878301,51820768.46651035,164.0,5.714506985023448e-07,170.0,BID
983,1712702544.893507,51820768.46651096,164.0,6.769819879688065e-17,170.0,BID
984,1712702550.4258127,51820768.46651096,164.0,0.0,170.0,BID
985,1712702560.1079175,51834609.46651096,163.9,-1.5335557256681729e-06,170.0,ASK
986,1712702561.373561,51835098.46651096,163.9,-5.418024346880547e-08,170.0,ASK
987,1712702563.987994,51841012.46651096,163.9,-6.552596316452262e-07,170.0,ASK
988,1712702564.728137,51841012.81268411,163.9,-3.8355308129795226e-11,170.0,ASK
989,1712702564.8643878,51841012.81268496,163.9,9.410811219362612e-17,170.0,BID
990,1712702564.8699677,51843638.46651096,163.9,2.909173078883207e-07,170.0,BID
991,1712702564.8836577,51844473.46651096,163.9,-9.251636665941221e-08,170.0,ASK
992,1712702580.663596,51844473.46651096,163.9,-0.0,170.0,ASK
993,1712702580.6757166,51847475.46651096,163.9,-3.3247260564108497e-07,170.0,ASK
994,1712702583.263934,51849015.46651096,163.9,-1.7055556718430076e-07,170.0,ASK
995,1712702586.515769,51849543.44435613,163.9,-5.84737408075628e-08,170.0,ASK
996,1712702610.6559477,51849543.44435613,163.9,-0.0,170.0,ASK
997,1712702640.403581,51849543.44435613,163.9,-0.0,170.0,ASK
998,1712702670.4434714,51849543.44435613,163.9,-0.0,170.0,ASK
999,1712702686.6909947,51850774.44435613,163.9,-1.363211577206859e-07,170.0,ASK
1000,1712702700.483641,51850774.44435613,163.9,-0.0,170.0,ASK
1201,1712702703.3799706,51851661.44435613,163.9,-9.85022116122645e-08,170.0,ASK
1202,1712702730.4922426,51851661.44435613,163.9,-0.0,170.0,ASK
1203,1712702760.6536283,51851661.44435613,163.9,-0.0,170.0,ASK
1204,1712702766.8139837,51854084.74384971,163.9,-2.691054181261508e-07,170.0,ASK
1205,1712702766.8171563,51854561.44435613,163.9,-5.2937199648916083e-08,170.0,ASK
1206,1712702790.6553304,51854561.44435613,163.9,-0.0,170.0,ASK
1207,1712702811.712613,51859250.5263131,163.9,-5.206912159101319e-07,170.0,ASK
1208,1712702820.40807,51859250.5263131,163.9,-0.0,170.0,ASK
1209,1712702832.3436038,51865198.5263131,163.9,-6.604292898145953e-07,170.0,ASK
1210,1712702850.4299843,51865198.5263131,163.9,-0.0,170.0,ASK
1211,1712702868.2640262,51868096.5263131,163.9,-3.217412462705e-07,170.0,ASK
1212,1712702880.654671,51868096.5263131,163.9,-0.0,170.0,ASK
1213,1712702910.6555517,51868096.5263131,163.9,-0.0,170.0,ASK
1214,1712702912.3783658,51869582.5263131,163.9,-1.649697312140986e-07,170.0,ASK
1215,1712702940.45481,51869582.5263131,163.9,-0.0,170.0,ASK
1216,1712702964.4975913,51873229.59005739,163.9,-4.04871371588682e-07,170.0,ASK
1217,1712702970.4460664,51873229.59005739,163.9,-0.0,170.0,ASK
1218,1712702973.3857477,51873329.59005739,164.0,1.1100560207685295e-08,170.0,BID
1219,1712702975.155651,51873529.59005739,164.0,2.22011204153706e-08,170.0,BID
1220,1712703000.4950116,51873529.59005739,164.0,0.0,170.0,BID
1221,1712703017.1265085,51874322.59005739,163.9,-8.819360400979905e-08,170.0,ASK
1222,1712703030.4365077,51874322.59005739,163.9,-0.0,170.0,ASK
1223,1712703043.456808,51874599.02596497,164.0,3.0743413067849935e-08,170.0,BID
1224,1712703043.4595497,51883894.88317912,164.0,1.0338250940565294e-06,170.0,BID
1225,1712703043.5767918,51884397.88317912,163.9,-5.5940405530188246e-08,170.0,ASK
1226,1712703060.6189303,51884397.88317912,163.9,-0.0,170.0,ASK
1227,1712703064.5238876,51894119.52778712,163.9,-1.0809797745666396e-06,170.0,ASK
1228,1712703064.5871952,51896800.88350454,163.9,-2.981482471150559e-07,170.0,ASK
1229,1712703064.5894723,51900600.62419243,163.9,-4.225049359271614e-07,170.0,ASK
1230,1712703064.6673148,51901942.90607161,163.9,-1.492524795615558e-07,170.0,ASK
1231,1712703066.04715,51903251.90607161,163.9,-1.4555176433250254e-07,170.0,ASK
1232,1712703090.6475542,51903251.90607161,163.9,-0.0,170.0,ASK
1233,1712703092.3983846,51904793.56196701,163.9,-1.713626127091807e-07,170.0,ASK
1234,1712703092.4012606,51904811.51809161,163.9,-1.9959113025266927e-09,170.0,ASK
1235,1712703092.4175026,51905646.51809261,163.9,-9.281434476426857e-08,170.0,ASK
1236,1712703092.4402628,51908315.27795236,163.9,-2.9664574541262815e-07,170.0,ASK
1237,1712703092.445568,51908640.85054361,163.9,-3.618899005291873e-08,170.0,ASK
1238,1712703092.520039,51909371.61657347,163.9,-8.122822773182767e-08,170.0,ASK
1239,1712703092.522817,51911322.26880043,163.9,-2.16824560589198e-07,170.0,ASK
1240,1712703110.937857,51911352.7566053,164.0,3.388869016381414e-09,170.0,BID
1241,1712703120.4379592,51911352.7566053,164.0,0.0,170.0,BID
1242,1712703141.6483328,51911832.59349914,163.7,-5.3328353353078494e-08,170.0,ASK
1243,1712703150.408336,51911832.59349914,163.7,-0.0,170.0,ASK
1244,1712703178.5589266,51954675.4679132,163.7,-4.761451296203737e-06,170.0,ASK
1245,1712703178.568777,51957729.83565907,163.7,-3.394548909602595e-07,170.0,ASK
1246,1712703178.678934,51959201.70489405,163.7,1.635799131729897e-07,170.0,BID
1247,1712703180.6401875,51959201.70489405,163.7,0.0,170.0,BID
1248,1712703210.6593366,51959201.70489405,163.7,0.0,170.0,BID
1249,1712703217.199458,51959277.114194,163.5,-8.373587106246322e-09,170.0,ASK
1250,1712703219.0594025,51959449.80671632,163.5,-1.91760947163384e-08,170.0,ASK
1251,1712703240.4296951,51959449.80671632,163.5,-0.0,170.0,ASK
1252,1712703269.2003777,51960501.88457008,163.6,1.168241301175927e-07,170.0,BID
1253,1712703270.4545195,51960501.88457008,163.6,0.0,170.0,BID
1254,1712703300.631402,51960501.88457008,163.6,0.0,170.0,BID
1255,1712703330.6808596,51960501.88457008,163.6,0.0,170.0,BID
1256,1712703360.4733975,51960501.88457008,163.6,0.0,170.0,BID
1257,1712703373.50131,51969288.39375451,164.0,9.7842845593937e-07,170.0,BID
1258,1712703390.442345,51969288.39375451,164.0,0.0,170.0,BID
1259,1712703417.051386,51969319.49131551,164.0,3.462337133945416e-09,170.0,BID
1260,1712703420.4244337,51969319.49131551,164.0,0.0,170.0,BID
1261,1712703450.4228358,51969319.49131551,164.0,0.0,170.0,BID
1262,1712703450.5900948,51969718.78667421,164.0,4.44566814448105e-08,170.0,BID
1263,1712703459.5322132,51973095.76564351,164.0,3.75985533044374e-07,170.0,BID
1264,1712703459.535427,51975233.47445227,164.0,2.3800787427589522e-07,170.0,BID
1265,1712703480.6721618,51975233.47445227,164.0,0.0,170.0,BID
1266,1712703497.0223093,51975724.47445227,164.0,5.466097521286484e-08,170.0,BID
1267,1712703503.61233,51975785.3757921,164.0,6.779891296988758e-09,170.0,BID
1268,1712703509.1425333,51975846.27713193,164.0,6.779891296988758e-09,170.0,BID
1269,1712703510.6657052,51975846.27713193,164.0,0.0,170.0,BID
1270,1712703540.4625392,51975846.27713193,164.0,0.0,170.0,BID
1271,1712703570.403091,51975846.27713193,164.0,0.0,170.0,BID
1272,1712703600.627562,51975846.27713193,164.0,0.0,170.0,BID
1273,1712703630.4492297,51975846.27713193,164.0,0.0,170.0,BID
1274,1712703660.6331327,51975846.27713193,164.0,0.0,170.0,BID
1275,1712703690.654954,51975846.27713193,164.0,0.0,170.0,BID
1276,1712703716.6235633,51995468.72200705,164.0,2.18863505798354e-06,170.0,BID
1277,1712703720.4396524,51995468.72200705,164.0,0.0,170.0,BID
1278,1712703750.4412436,51995468.72200705,164.0,0.0,170.0,BID
1279,1712703769.524934,52017570.72200705,163.7,-2.464313478506581e-06,170.0,ASK
1280,1712703769.5338466,52040459.72200705,163.7,-2.552061859086832e-06,170.0,ASK
1281,1712703780.6568365,52040459.72200705,163.7,-0.0,170.0,ASK
1282,1712703790.7043874,52086099.21890646,163.7,-5.084505697794855e-06,170.0,ASK
1283,1712703810.664929,52086099.21890646,163.7,-0.0,170.0,ASK
1284,1712703840.4645145,52086099.21890646,163.7,-0.0,170.0,ASK
1285,1712703846.964561,52086708.9932967,164.0,6.787592217073978e-08,170.0,BID
1286,1712703870.4245794,52086708.9932967,164.0,0.0,170.0,BID
1287,1712703900.6093433,52087714.15341055,163.9,1.1188631613227245e-07,170.0,BID
1288,1712703900.682691,52087714.15341055,163.9,0.0,170.0,BID
1289,1712703900.7016106,52091454.16413255,163.9,-4.1681156049258426e-07,170.0,ASK
1290,1712703900.7963023,52091454.16413257,163.9,-2.491026114103508e-18,170.0,ASK
1291,1712703911.292584,52092047.69569454,163.7,-6.61470875179904e-08,170.0,ASK
1292,1712703924.6750803,52092097.58010277,163.7,-5.559448777906911e-09,170.0,ASK
1293,1712703930.655151,52092097.58010277,163.7,-0.0,170.0,ASK
1294,1712703960.4449902,52092097.58010277,163.7,-0.0,170.0,ASK
1295,1712703980.3089445,52095617.58010277,163.7,-3.9226070681347044e-07,170.0,ASK
1296,1712703990.398737,52095617.58010277,163.7,-0.0,170.0,ASK
1297,1712703995.5151465,52109179.30865038,163.7,-1.5111908099967636e-06,170.0,ASK
1298,1712703995.5170171,52109790.18219955,163.7,-6.806997281623597e-08,170.0,ASK
1299,1712704000.0553927,52111012.67608708,163.6,-1.362231607589751e-07,170.0,ASK
1300,1712704000.0586965,52111637.74947547,163.6,-6.965226864648593e-08,170.0,ASK
1301,1712704000.061714,52111677.74947547,163.6,-4.4572218200401736e-09,170.0,ASK
1302,1712704018.4966486,52114739.46350021,163.6,-3.4116846394457256e-07,170.0,ASK
1303,1712704018.49988,52114749.74947547,163.5,-1.1461718345127404e-09,170.0,ASK
1304,1712704020.6384027,52114749.74947547,163.5,-0.0,170.0,ASK
1305,1712704025.1157055,52114780.29315292,163.7,3.402311444119674e-09,170.0,BID
1306,1712704026.345441,52120638.11330646,163.5,-6.525124087995221e-07,170.0,ASK
1307,1712704026.348889,52121670.29315292,163.5,-1.1497624376868072e-07,170.0,ASK
1308,1712704039.6101232,52122910.29315292,163.6,-1.3812567912693345e-07,170.0,ASK
1309,1712704039.6156971,52124150.83853406,163.5,-1.3818643004614796e-07,170.0,ASK
1310,1712704046.6754537,52124273.16269308,163.5,1.3625893176707593e-08,170.0,BID
1311,1712704049.5056927,52126650.36146983,163.5,2.648001576270345e-07,170.0,BID
1312,1712704049.5941317,52127184.98093098,163.5,5.955215818199818e-08,170.0,BID
1313,1712704050.6620257,52127184.98093098,163.5,0.0,170.0,BID
1314,1712704058.6553135,52129524.9792068,163.5,-2.605973083450263e-07,170.0,ASK
1315,1712704058.7955692,52141965.38633638,163.5,1.3854440177067749e-06,170.0,BID
1316,1712704061.0694346,52146342.2487217,163.5,4.8743563975866e-07,170.0,BID
1317,1712704080.4420986,52146342.2487217,163.5,0.0,170.0,BID
1318,1712704110.4458609,52146342.2487217,163.5,0.0,170.0,BID
1319,1712704114.4356122,52148052.69465939,163.7,1.9041987445395069e-07,170.0,BID
1320,1712704129.1859107,52149057.59364572,163.7,1.118730119435064e-07,170.0,BID
1321,1712704140.5102415,52149057.59364572,163.7,0.0,170.0,BID
1322,1712704170.4459732,52149057.59364572,163.7,0.0,170.0,BID
1323,1712704200.4760356,52149057.59364572,163.7,0.0,170.0,BID
1324,1712704213.17657,52149651.12520769,163.7,-6.667955347794561e-08,170.0,ASK
1325,1712704213.297578,52151489.99765267,163.7,-2.065858016497613e-07,170.0,ASK
1326,1712704226.3062017,52151539.8820609,163.5,-5.604200819779426e-09,170.0,ASK
1327,1712704230.4668648,52151539.8820609,163.5,-0.0,170.0,ASK
1328,1712704236.816182,52151645.22425822,163.4,-1.1833995851751647e-08,170.0,ASK
1329,1712704236.818316,52151645.77334883,163.5,-6.168407488957156e-11,170.0,ASK
1330,1712704251.9865222,52151762.43115151,163.4,-1.3105175210671992e-08,170.0,ASK
1331,1712704251.9900997,52153102.82282836,163.4,-1.505777356739928e-07,170.0,ASK
1332,1712704251.9960575,52153414.49051501,163.4,-3.5012314198022304e-08,170.0,ASK
1333,1712704260.6463618,52153414.49051501,163.4,-0.0,170.0,ASK
1334,1712704285.7464204,52153470.22786413,163.4,6.2612407829575586e-09,170.0,BID
1335,1712704290.6564674,52153470.22786413,163.4,0.0,170.0,BID
1336,1712704320.4340467,52153470.22786413,163.4,0.0,170.0,BID
1337,1712704350.4532857,52153470.22786413,163.4,0.0,170.0,BID
1338,1712704364.598456,52153534.42544931,163.4,-7.211611847158739e-09,170.0,ASK
1339,1712704364.601962,52154090.68320422,163.4,-6.248700794723915e-08,170.0,ASK
1340,1712704366.706846,52160143.37821313,163.4,-6.799272419802462e-07,170.0,ASK
1341,1712704366.7096884,52167055.08244239,163.4,-7.764237231619526e-07,170.0,ASK
1342,1712704366.71246,52167667.07754642,163.4,-6.874824232441083e-08,170.0,ASK
1343,1712704380.678159,52167667.07754642,163.4,-0.0,170.0,ASK
1344,1712704410.7659106,52167667.07754642,163.4,-0.0,170.0,ASK
1345,1712704440.4670527,52167667.07754642,163.4,-0.0,170.0,ASK
1346,1712704470.4368048,52167667.07754642,163.4,-0.0,170.0,ASK
1347,1712704479.377088,52167728.27705682,163.4,-6.873033188963102e-09,170.0,ASK
1348,1712704500.4844337,52167728.27705682,163.4,-0.0,170.0,ASK
1349,1712704512.9670048,52167821.61447261,163.3,-1.05035181158023e-08,170.0,ASK
1350,1712704512.9866402,52168321.8086188,163.3,-5.6288233730290544e-08,170.0,ASK
1351,1712704515.197604,52169046.35421541,163.3,-8.153512431413754e-08,170.0,ASK
1352,1712704515.2004914,52170626.01272991,163.3,-1.7776335120306768e-07,170.0,ASK
1353,1712704520.9371357,52170675.89713815,163.3,-5.613630730526566e-09,170.0,ASK
1354,1712704530.450804,52170675.89713815,163.3,-0.0,170.0,ASK
1355,1712704550.647188,52182614.69762775,163.3,-1.3434335414963983e-06,170.0,ASK
1356,1712704560.650117,52182614.69762775,163.3,-0.0,170.0,ASK
1357,1712704590.6767206,52182614.69762775,163.3,-0.0,170.0,ASK
1358,1712704614.8075333,52182882.9183363,163.4,3.017536497110691e-08,170.0,BID
1359,1712704616.5076563,52184376.94687839,163.3,-1.6808119245748158e-07,170.0,ASK
1360,1712704616.5113878,52184818.9183363,163.4,-4.9722671010374584e-08,170.0,ASK
1361,1712704620.4389532,52184818.9183363,163.4,-0.0,170.0,ASK
1362,1712704650.448335,52184818.9183363,163.4,-0.0,170.0,ASK
1363,1712704671.5276415,52184854.3585363,163.4,-3.98693174163659e-09,170.0,ASK
1364,1712704671.5313573,52185264.9183363,163.4,-4.618692610114301e-08,170.0,ASK
1365,1712704673.1678152,52185331.9183363,163.4,-7.537328420327876e-09,170.0,ASK
1366,1712704680.6575818,52185331.9183363,163.4,-0.0,170.0,ASK
1367,1712704697.3278987,52185344.58619847,163.4,-1.425088614456197e-09,170.0,ASK
1368,1712704697.332311,52198535.9183363,163.4,-1.483977090031499e-06,170.0,ASK
1369,1712704698.4997768,52200515.9183363,163.4,-2.227428289699327e-07,170.0,ASK
1370,1712704700.077639,52200812.9183363,163.4,-3.3411424345489906e-08,170.0,ASK
1371,1712704710.6676323,52200812.9183363,163.4,-0.0,170.0,ASK
1372,1712704713.8878052,52200866.40382392,163.4,-6.015211896073441e-09,170.0,ASK
1373,1712704713.891537,52210742.9183363,163.4,-1.110756024352456e-06,170.0,ASK
1374,1712704715.1980238,52211238.9183363,163.4,-5.57823296253042e-08,170.0,ASK
1375,1712704726.2077208,52212178.50124521,163.5,1.0566960390100613e-07,170.0,BID
1376,1712704729.887851,52215511.50124521,163.5,-3.748437593571349e-07,170.0,ASK
1377,1712704740.4086268,52215511.50124521,163.5,-0.0,170.0,ASK
1378,1712704747.7077944,52215551.18131552,163.5,-4.46138899226243e-09,170.0,ASK
1379,1712704750.6791432,52231659.18131552,163.4,-1.811086858577144e-06,170.0,ASK
1380,1712704753.5676637,52232393.91278091,163.6,8.260879696760885e-08,170.0,BID
1381,1712704753.667861,52234234.29087493,163.6,-2.069210690891705e-07,170.0,ASK
1382,1712704753.7077017,52235595.61656193,163.6,-1.530592911576102e-07,170.0,ASK
1383,1712704770.468849,52235595.61656193,163.6,-0.0,170.0,ASK
1384,1712704780.368156,52236513.6794943,163.6,-1.0318340521675024e-07,170.0,ASK
1385,1712704781.3979049,52236553.43241664,163.4,-4.467931064253445e-09,170.0,ASK
1386,1712704800.4620206,52236553.43241664,163.4,-0.0,170.0,ASK
1387,1712704819.1982608,52237044.74384764,163.6,5.53521294649857e-08,170.0,BID
1388,1712704819.2579472,52237094.62825587,163.6,-5.62007730395422e-09,170.0,ASK
1389,1712704819.3378322,52237164.6793604,163.6,-7.892097684905572e-09,170.0,ASK
1390,1712704830.4322326,52237164.6793604,163.6,-0.0,170.0,ASK
1391,1712704838.688076,52237275.6793604,163.4,-1.250534134409196e-08,170.0,ASK
1392,1712704860.6679409,52237275.6793604,163.4,-0.0,170.0,ASK
1393,1712704870.757992,52253383.6793604,163.4,-1.8147353762392567e-06,170.0,ASK
1394,1712704890.6784585,52253383.6793604,163.4,-0.0,170.0,ASK
1395,1712704920.198222,52254383.6793604,163.4,-1.1262710555887292e-07,170.0,ASK
1396,1712704920.200114,52276005.46814817,163.4,-2.4351994881723604e-06,170.0,ASK
1397,1712704920.4531243,52276005.46814817,163.4,-0.0,170.0,ASK
1398,1712704927.0882795,52289005.46814817,163.3,-1.4635430775259976e-06,170.0,ASK
1399,1712704933.994436,52292956.03494786,163.3,-4.4475574553719554e-07,170.0,ASK
1400,1712704933.996304,52293109.05090773,163.3,-1.7226572986483788e-08,170.0,ASK
1401,1712704933.998073,52293866.35711731,163.2,-8.525771235361224e-08,170.0,ASK
1402,1712704933.999867,52298474.35318051,163.3,-5.187692876590187e-07,170.0,ASK
1403,1712704934.001626,52299227.5258935,163.2,-8.47923623289806e-08,170.0,ASK
1404,1712704950.4277556,52299227.5258935,163.2,-0.0,170.0,ASK
1405,1712704980.677036,52299227.5258935,163.2,-0.0,170.0,ASK
1406,1712705010.7643952,52299227.5258935,163.2,-0.0,170.0,ASK
1407,1712705040.450318,52299227.5258935,163.2,-0.0,170.0,ASK
1408,1712705045.635162,52304017.52007954,163.2,-5.39028565156644e-07,170.0,ASK
1409,1712705060.7276676,52305631.31723252,163.2,-1.816041377171565e-07,170.0,ASK
1410,1712705070.4356043,52305631.31723252,163.2,-0.0,170.0,ASK
1411,1712705100.704398,52305631.31723252,163.2,-0.0,170.0,ASK
1412,1712705113.253709,52305681.20164076,163.2,-5.622444246582462e-09,170.0,ASK
1413,1712705130.6738243,52305681.20164076,163.2,-0.0,170.0,ASK
1414,1712705160.4365313,52305681.20164076,163.2,-0.0,170.0,ASK
1415,1712705190.4528894,52305681.20164076,163.2,-0.0,170.0,ASK
1416,1712705211.0219903,52305925.8499588,163.5,2.7574152214675883e-08,170.0,BID
1417,1712705220.6422746,52305925.8499588,163.5,0.0,170.0,BID
1418,1712705250.6645727,52305925.8499588,163.5,0.0,170.0,BID
1419,1712705278.3263233,52306507.80451642,163.5,6.55914225671097e-08,170.0,BID
1420,1712705280.4174628,52306507.80451642,163.5,0.0,170.0,BID
1421,1712705295.7312548,52324917.54065779,163.5,-2.0749177358164244e-06,170.0,ASK
1422,1712705310.4203413,52324917.54065779,163.5,-0.0,170.0,ASK
1423,1712705322.5577705,52325529.91052919,163.3,-6.899535049463524e-08,170.0,ASK
1424,1712705322.5620036,52340503.98808033,163.3,-1.687120443421522e-06,170.0,ASK
1425,1712705340.6410427,52340503.98808033,163.3,-0.0,170.0,ASK
1426,1712705368.2399137,52342078.36012557,163.3,-1.773327109392479e-07,170.0,ASK
1427,1712705370.6526628,52342078.36012557,163.3,-0.0,170.0,ASK
1428,1712705400.5311852,52342078.36012557,163.3,-0.0,170.0,ASK
1429,1712705409.0092423,52342128.2445338,163.2,-5.6469323061977e-09,170.0,ASK
1430,1712705413.1898258,52342144.13634719,163.3,1.798958785387846e-09,170.0,BID
1431,1712705430.495417,52342144.13634719,163.3,0.0,170.0,BID
1432,1712705460.6686764,52342144.13634719,163.3,0.0,170.0,BID
1433,1712705467.6387172,52344026.59113514,163.3,-2.1309427565315362e-07,170.0,ASK
1434,1712705467.6418662,52350144.13634719,163.3,-6.925073973008161e-07,170.0,ASK
1435,1712705475.4023025,52350150.28984916,163.3,-6.96577710109046e-10,170.0,ASK
1436,1712705475.4084425,52352304.23818579,163.2,-2.438274021386885e-07,170.0,ASK
1437,1712705490.6482987,52352304.23818579,163.2,-0.0,170.0,ASK
1438,1712705520.470142,52352304.23818579,163.2,-0.0,170.0,ASK
1439,1712705527.067979,52361080.89700885,163.3,-9.933330749915048e-07,170.0,ASK
1440,1712705540.4980462,52362306.9001812,163.2,-1.3875775801330882e-07,170.0,ASK
1441,1712705540.502373,52363960.89497142,163.2,-1.871974021228832e-07,170.0,ASK
1442,1712705544.388234,52365759.33422844,163.2,-2.035454759465003e-07,170.0,ASK
1443,1712705550.4298503,52365759.33422844,163.2,-0.0,170.0,ASK
1444,1712705554.588048,52366065.70677745,163.2,-3.4666306035129155e-08,170.0,ASK
1445,1712705554.5922503,52368655.23432386,163.2,-2.930071728015532e-07,170.0,ASK
1446,1712705554.5986536,52385759.33422844,163.2,-1.935342979190503e-06,170.0,ASK
1447,1712705579.5074558,52385789.95272201,163.3,3.4645077436579163e-09,170.0,BID
1448,1712705580.6405275,52385789.95272201,163.3,0.0,170.0,BID
1449,1712705584.6935754,52390586.33027477,163.2,-5.42513396737801e-07,170.0,ASK
1450,1712705584.6955533,52394373.08115018,163.0,-4.283155480202533e-07,170.0,ASK
1451,1712705584.6974485,52394679.64154257,163.1,-3.4674734828521604e-08,170.0,ASK
1452,1712705584.699363,52395906.6354076,163.0,-1.3878403069216717e-07,170.0,ASK
1453,1712705584.701261,52398972.23933157,163.1,-3.467473482970143e-07,170.0,ASK
1454,1712705584.7031715,52405430.45387679,163.0,-7.304820922148304e-07,170.0,ASK
1455,1712705584.705097,52405491.76595526,163.1,-6.934946964693047e-09,170.0,ASK
1456,1712705584.707013,52405526.76595526,163.0,-3.958814475502622e-09,170.0,ASK
1457,1712705584.7089274,52410228.75299361,163.1,-5.318369814586286e-07,170.0,ASK
1458,1712705584.710852,52410735.08787831,163.0,-5.727102488529495e-08,170.0,ASK
1459,1712705584.8873606,52411238.21995885,163.0,-5.6908758958049856e-08,170.0,ASK
1460,1712705584.8914442,52411273.21995885,163.0,-3.958814475502622e-09,170.0,ASK
1461,1712705592.2575912,52412273.21995885,162.9,-1.1310898501436065e-07,170.0,ASK
1462,1712705592.261032,52424713.5372002,162.9,-1.40711165642556e-06,170.0,ASK
1463,1712705592.2636664,52426943.48440707,162.9,-2.522270652046427e-07,170.0,ASK
1464,1712705592.3961425,52428164.02271518,162.8,-1.380538492018984e-07,170.0,ASK
1465,1712705592.3995492,52428687.59999288,162.8,-5.922129445696015e-08,170.0,ASK
1466,1712705598.7974498,52434963.16183437,162.9,7.098224302855466e-07,170.0,BID
1467,1712705610.6573024,52434963.16183437,162.9,0.0,170.0,BID
1468,1712705618.4272213,52434971.12475476,162.8,-8.998621111211741e-10,170.0,ASK
1469,1712705618.4295368,52436132.54371094,162.7,-1.312479420377294e-07,170.0,ASK
1470,1712705618.4315703,52436193.93106514,162.9,-6.937172725945664e-09,170.0,ASK
1471,1712705640.408845,52436193.93106514,162.9,-0.0,170.0,ASK
1472,1712705658.5969348,52437724.24997004,162.7,-1.7293213665845246e-07,170.0,ASK
1473,1712705658.6004236,52438934.74226583,162.7,-1.3679045488417566e-07,170.0,ASK
1474,1712705658.7768502,52451026.64069388,162.9,1.366432725052205e-06,170.0,BID
1475,1712705664.9166472,52451875.0861216,162.9,-9.58777155423444e-08,170.0,ASK
1476,1712705667.1870625,52452110.84011932,163.3,2.6641141543183904e-08,170.0,BID
1477,1712705667.1915553,52454245.90040942,163.3,2.412703239047664e-07,170.0,BID
1478,1712705670.4270828,52454245.90040942,163.3,0.0,170.0,BID
1479,1712705670.8661098,52454944.45383185,163.3,-7.891309448225246e-08,170.0,ASK
1480,1712705700.6463332,52454944.45383185,163.3,-0.0,170.0,ASK
1481,1712705706.996987,52455014.37596863,163.0,-7.917464812844968e-09,170.0,ASK
1482,1712705707.837144,52457206.850241,163.0,-2.4825954561619176e-07,170.0,ASK
1483,1712705707.8408504,52457268.71985969,162.6,-7.005657314826344e-09,170.0,ASK
1484,1712705707.8451917,52457565.27443197,162.9,-3.357964300584008e-08,170.0,ASK
1485,1712705707.8488064,52457688.35135504,162.5,-1.3936319062432682e-08,170.0,ASK
1486,1712705707.850773,52460096.50941162,162.6,-2.726819796394039e-07,170.0,ASK
1487,1712705707.8527732,52462078.31045607,162.7,-2.2440446987080973e-07,170.0,ASK
1488,1712705707.8548129,52463310.49834044,162.6,-1.395238284634957e-07,170.0,ASK
1489,1712705707.8568804,52463464.88603274,162.5,-1.7481718632189572e-08,170.0,ASK
1490,1712705707.858883,52466570.97459361,162.6,-3.517104599508053e-07,170.0,ASK
1491,1712705707.8609197,52466693.9002236,162.7,-1.3919187755160952e-08,170.0,ASK
1492,1712705707.863123,52472319.61956571,162.5,-6.370147851847493e-07,170.0,ASK
1493,1712705707.865143,52472361.15716571,162.6,-4.7034101301579406e-09,170.0,ASK
1494,1712705707.867188,52472976.54178109,162.5,-6.968159531806893e-08,170.0,ASK
1495,1712705710.2264051,52473026.42618932,162.5,-5.648540863675271e-09,170.0,ASK
1496,1712705726.146392,52473110.71897813,163.0,9.544690997136893e-09,170.0,BID
1497,1712705730.656386,52473110.71897813,163.0,0.0,170.0,BID
1498,1712705760.4159946,52473110.71897813,163.0,0.0,170.0,BID
1499,1712705767.646179,52473158.67848733,163.0,-5.428763438994121e-09,170.0,ASK
1500,1712705790.398381,52473158.67848733,163.0,-0.0,170.0,ASK
1501,1712705820.6517968,52473158.67848733,163.0,-0.0,170.0,ASK
1502,1712705850.6460288,52473158.67848733,163.0,-0.0,170.0,ASK
1503,1712705866.4557972,52473773.30663729,162.7,-6.957260264013809e-08,170.0,ASK
1504,1712705866.4580035,52476773.30663729,162.7,-3.395838734935881e-07,170.0,ASK
1505,1712705866.5958326,52483140.39909655,162.7,7.207206400692694e-07,170.0,BID
1506,1712705878.4156375,52483939.41569154,162.7,-9.044438343757705e-08,170.0,ASK
1507,1712705880.425414,52483939.41569154,162.7,-0.0,170.0,ASK
1508,1712705892.4958618,52485779.90648908,162.6,-2.0829230905059762e-07,170.0,ASK
1509,1712705892.505401,52487842.47196949,162.5,-2.3342497938953215e-07,170.0,ASK
1510,1712705892.508376,52488150.16427718,162.5,-3.482220141013136e-08,170.0,ASK
1511,1712705892.5113397,52488273.16550719,162.6,-1.3920314216638901e-08,170.0,ASK
1512,1712705892.5143063,52495814.41569154,162.5,-8.534595316228801e-07,170.0,ASK
1513,1712705904.3352818,52495864.96714848,162.5,-5.721017299637431e-09,170.0,ASK
1514,1712705908.595409,52500865.15333695,162.5,-5.658818442719644e-07,170.0,ASK
1515,1712705910.4165602,52500865.15333695,162.5,-0.0,170.0,ASK
1516,1712705914.8154528,52501473.48346335,162.5,-6.882460637616595e-08,170.0,ASK
1517,1712705918.4252317,52501641.72724862,162.5,-1.9034586310872413e-08,170.0,ASK
1518,1712705918.4281857,52506273.57421551,162.5,-5.240329723253074e-07,170.0,ASK
1519,1712705940.6553328,52506273.57421551,162.5,-0.0,170.0,ASK
1520,1712705942.3753,52506720.3365803,162.5,-5.0540299577715044e-08,170.0,ASK
1521,1712705942.379347,52508469.13350337,162.5,-1.9783385387481792e-07,170.0,ASK
1522,1712705942.3842883,52510811.36980601,162.4,-2.649670915604901e-07,170.0,ASK
1523,1712705962.3650868,52512628.40228543,162.5,-2.055530480852809e-07,170.0,ASK
1524,1712705967.377298,52550811.36980601,162.5,-4.31947444401237e-06,170.0,ASK
1525,1712705967.3809102,52552628.40228543,162.4,-2.055530480852809e-07,170.0,ASK
1526,1712705970.6450355,52552628.40228543,162.4,-0.0,170.0,ASK
1527,1712706000.4990094,52552628.40228543,162.4,-0.0,170.0,ASK
1528,1712706005.3994424,52553137.6410586,162.4,-5.7632281292954606e-08,170.0,ASK
1529,1712706005.535546,52553187.52546684,162.4,-5.645587883344786e-09,170.0,ASK
1530,1712706010.2048512,52553279.10055841,162.4,-1.0363864094489208e-08,170.0,ASK
1531,1712706010.3450048,52553370.67564998,162.4,-1.0363864094489208e-08,170.0,ASK
1532,1712706030.415835,52553370.67564998,162.4,-0.0,170.0,ASK
1533,1712706036.3945398,52556020.95315228,162.4,-2.999368131677901e-07,170.0,ASK
1534,1712706039.9984558,52556071.50460922,162.5,5.721002002005289e-09,170.0,BID
1535,1712706060.6583576,52556071.50460922,162.5,0.0,170.0,BID
1536,1712706090.6682448,52556071.50460922,162.5,0.0,170.0,BID
1537,1712706105.0544918,52557298.49847425,162.5,-1.3885427541714636e-07,170.0,ASK
1538,1712706120.401103,52557298.49847425,162.5,-0.0,170.0,ASK
1539,1712706130.1259165,52557561.50905971,162.9,2.9763246008995995e-08,170.0,BID
1540,1712706150.4676387,52557561.50905971,162.9,0.0,170.0,BID
1541,1712706180.648224,52557561.50905971,162.9,0.0,170.0,BID
1542,1712706185.6241806,52557609.73186897,162.9,-5.457044148267531e-09,170.0,ASK
1543,1712706210.6277242,52557609.73186897,162.9,-0.0,170.0,ASK
1544,1712706225.843786,52557885.95961605,162.9,3.1258769327140275e-08,170.0,BID
1545,1712706240.4497452,52557885.95961605,162.9,0.0,170.0,BID
1546,1712706242.1439953,52558093.09589597,162.9,2.3440050073316336e-08,170.0,BID
1547,1712706270.4361882,52558093.09589597,162.9,0.0,170.0,BID
1548,1712706274.3841083,52558707.03819185,162.9,6.947495249829838e-08,170.0,BID
1549,1712706278.5938892,52574053.8767431,162.9,1.736679304397171e-06,170.0,BID
1550,1712706286.9639618,52574113.8767431,162.8,-6.789721408473551e-09,170.0,ASK
1551,1712706287.5842562,52575113.8767431,162.7,-1.131620234745592e-07,170.0,ASK
1552,1712706287.589297,52575115.8767431,162.6,-2.2632404694911838e-10,170.0,ASK
1553,1712706290.460947,52575165.8767431,162.6,-5.658101173727959e-09,170.0,ASK
1554,1712706300.4562244,52575165.8767431,162.6,-0.0,170.0,ASK
1555,1712706300.6587524,52576000.0538071,162.8,9.491272117894393e-08,170.0,BID
1556,1712706301.6135485,52576000.05380786,162.8,8.646821011037454e-17,170.0,BID
1557,1712706302.2137606,52576049.93821609,162.8,-5.675851247477303e-09,170.0,ASK
1558,1712706303.9238856,52576643.35418705,162.7,-6.751890818546482e-08,170.0,ASK
1559,1712706303.9289124,52576643.46977806,162.8,-1.3151952937378632e-11,170.0,ASK
1560,1712706330.4508142,52576643.46977806,162.8,-0.0,170.0,ASK
1561,1712706360.667559,52576643.46977806,162.8,-0.0,170.0,ASK
1562,1712706390.6533563,52576643.46977806,162.8,-0.0,170.0,ASK
1563,1712706403.263729,52577091.23390582,162.8,-5.0945237862455634e-08,170.0,ASK
1564,1712706403.2748904,52577705.48452007,162.8,-6.988756291510963e-08,170.0,ASK
1565,1712706410.3369842,52581428.15877327,162.8,4.235545314050734e-07,170.0,BID
