,time,acc_trade_volume,trade_price,dev,high,ask_bid
0,1712689619.165158,676351873.9214963,15.4,0.0,16.35,BID
1,1712689620.36205,676351873.9214963,15.4,0.0,16.35,BID
2,1712689650.3720627,676351873.9214963,15.4,0.0,16.35,BID
3,1712689680.3729117,676351873.9214963,15.4,0.0,16.35,BID
4,1712689697.162223,676352254.6934962,15.36,-3.3880398471013155e-08,16.35,ASK
5,1712689697.2617846,676365277.4980543,15.35,-1.158745411134264e-06,16.35,ASK
6,1712689710.3619072,676365277.4980543,15.35,-0.0,16.35,ASK
7,1712689740.5719306,676365277.4980543,15.35,-0.0,16.35,ASK
8,1712689770.551744,676365277.4980543,15.35,-0.0,16.35,ASK
9,1712689770.863245,676446996.2477996,15.35,-7.27105228023661e-06,16.35,ASK
10,1712689770.864476,676446996.2478002,15.35,-5.303415552210618e-17,16.35,ASK
11,1712689777.373063,676470405.6612303,15.33,-2.082888803735494e-06,16.35,ASK
12,1712689777.374245,676470405.6612306,15.35,-2.1213662208842472e-17,16.35,ASK
13,1712689800.3637428,676470405.6612306,15.35,-0.0,16.35,ASK
14,1712689828.9619565,676512227.8198806,15.33,-3.7207619294108727e-06,16.35,ASK
15,1712689830.3726373,676512227.8198806,15.33,-0.0,16.35,ASK
16,1712689853.752171,676512227.8198814,15.33,-7.423501596998524e-17,16.35,ASK
17,1712689853.852055,676583642.1054219,15.33,6.35310103715044e-06,16.35,BID
18,1712689860.5419378,676583642.1054219,15.33,0.0,16.35,BID
19,1712689890.5317616,676583642.1054219,15.33,0.0,16.35,BID
20,1712689920.3521204,676583642.1054219,15.33,0.0,16.35,BID
21,1712689950.372697,676583642.1054219,15.33,0.0,16.35,BID
22,1712689980.532011,676583642.1054219,15.33,0.0,16.35,BID
23,1712690010.545406,676583642.1054219,15.33,0.0,16.35,BID
24,1712690040.3439317,676583642.1054219,15.33,0.0,16.35,BID
25,1712690070.3448243,676583642.1054219,15.33,0.0,16.35,BID
26,1712690100.3970745,676583642.1054219,15.33,0.0,16.35,BID
27,1712690130.3419986,676583642.1054219,15.33,0.0,16.35,BID
28,1712690134.84279,676584325.5881373,15.33,-6.080165538636166e-08,16.35,ASK
29,1712690160.542055,676584325.5881373,15.33,-0.0,16.35,ASK
30,1712690190.5920131,676584325.5881373,15.33,-0.0,16.35,ASK
31,1712690220.3626423,676584325.5881373,15.33,-0.0,16.35,ASK
32,1712690238.2424502,676584761.6841372,15.33,-3.879444701941798e-08,16.35,ASK
33,1712690238.2442515,676584775.6270084,15.33,-1.240336941004113e-09,16.35,ASK
34,1712690250.4049144,676584775.6270084,15.33,-0.0,16.35,ASK
35,1712690280.532135,676584775.6270084,15.33,-0.0,16.35,ASK
36,1712690284.142275,676585413.999858,15.33,-5.6788657761149775e-08,16.35,ASK
37,1712690284.1519427,676695068.5571313,15.32,-9.754699199697572e-06,16.35,ASK
38,1712690287.1638544,676789914.4078215,15.32,-8.437339649433025e-06,16.35,ASK
39,1712690287.1659143,676791167.1493359,15.32,-1.1144194050012709e-07,16.35,ASK
40,1712690287.167648,676791507.1493359,15.3,-3.0245872222455155e-08,16.35,ASK
41,1712690287.1693106,676857731.6264601,15.3,-5.891226685582016e-06,16.35,ASK
42,1712690287.1709833,676859691.1300524,15.31,-1.743143978656575e-07,16.35,ASK
43,1712690287.1726284,677028191.1300524,15.3,-1.498949843965792e-05,16.35,ASK
44,1712690287.1733875,677122059.1300524,15.28,-8.350351569933588e-06,16.35,ASK
45,1712690287.1741445,677215927.1300524,15.29,-8.350351569933588e-06,16.35,ASK
46,1712690287.1749218,677217254.8132986,15.28,-1.181086406309271e-07,16.35,ASK
47,1712690287.175699,677372801.1318218,15.27,-1.3837159043309011e-05,16.35,ASK
48,1712690287.1766565,677442865.9675806,15.3,-6.232859028376854e-06,16.35,ASK
49,1712690287.177427,677449406.1899481,15.29,-5.818080295135508e-07,16.35,ASK
50,1712690287.1782088,677454311.0687956,15.27,-4.3633040849264033e-07,16.35,ASK
51,1712690287.179009,677455311.0687956,15.28,-8.895844771310338e-08,16.35,ASK
52,1712690287.4622169,677457269.2933387,15.32,1.7420061562739986e-07,16.35,BID
53,1712690287.8824124,677529070.8599182,15.32,6.387355906288505e-06,16.35,BID
54,1712690288.522372,677582595.6640183,15.32,4.761483486887209e-06,16.35,BID
55,1712690289.132247,677583858.8734115,15.33,1.1237314676127545e-07,16.35,BID
56,1712690310.542055,677583858.8734115,15.33,0.0,16.35,BID
57,1712690339.7622132,677590382.0306196,15.32,5.795019748434509e-07,16.35,BID
58,1712690340.3524165,677590382.0306196,15.32,0.0,16.35,BID
59,1712690362.022575,677618158.5230565,15.31,-2.467576482471317e-06,16.35,ASK
60,1712690362.0248952,677618811.6909206,15.31,-5.8025384745123073e-08,16.35,ASK
61,1712690362.1625738,677635328.360449,15.31,1.4672891254916778e-06,16.35,BID
62,1712690362.164586,677717939.4607767,15.31,7.33891108904318e-06,16.35,BID
63,1712690362.262175,677845307.194284,15.31,1.1314950026262705e-05,16.35,BID
64,1712690370.3725398,677845307.194284,15.31,0.0,16.35,BID
65,1712690378.9321392,677878919.7765839,15.31,2.985001439237689e-06,16.35,BID
66,1712690384.672329,677974725.9557935,15.31,8.50817054984004e-06,16.35,BID
67,1712690394.7321484,677991001.9418002,15.31,1.4454064023280128e-06,16.35,BID
68,1712690400.385207,677991001.9418002,15.31,0.0,16.35,BID
69,1712690430.362165,677991001.9418002,15.31,0.0,16.35,BID
70,1712690449.152211,678025751.2712463,15.32,-3.085440312966172e-06,16.35,ASK
71,1712690449.2722003,678025751.2712464,15.32,-1.058475526069634e-17,16.35,ASK
72,1712690460.5421343,678025751.2712464,15.32,-0.0,16.35,ASK
73,1712690490.5520914,678025751.2712464,15.32,-0.0,16.35,ASK
74,1712690507.6725078,678032274.4284545,15.33,5.791726404576699e-07,16.35,BID
75,1712690520.3620348,678032274.4284545,15.33,0.0,16.35,BID
76,1712690542.0722432,678065221.217955,15.34,2.9252260891168885e-06,16.35,BID
77,1712690550.3727107,678065221.217955,15.34,0.0,16.35,BID
78,1712690580.532169,678065221.217955,15.34,0.0,16.35,BID
79,1712690590.892614,678241483.9583551,15.35,1.564902798527402e-05,16.35,BID
80,1712690610.542882,678241483.9583551,15.35,0.0,16.35,BID
81,1712690620.972308,678241809.691254,15.4,2.8912401302231308e-08,16.35,BID
82,1712690640.351969,678241809.691254,15.4,0.0,16.35,BID
83,1712690670.3621228,678241809.691254,15.4,0.0,16.35,BID
84,1712690700.5419264,678241809.691254,15.4,0.0,16.35,BID
85,1712690730.554227,678241809.691254,15.4,0.0,16.35,BID
86,1712690760.324485,678241809.691254,15.4,0.0,16.35,BID
87,1712690771.1421504,678303365.146473,15.4,5.468048358765225e-06,16.35,BID
88,1712690785.17235,678303365.1464739,15.4,7.412657585437478e-17,16.35,BID
89,1712690790.3517995,678303365.1464739,15.4,0.0,16.35,BID
90,1712690801.3321192,678303689.8217986,15.44,2.883888819839576e-08,16.35,BID
91,1712690820.5418313,678303689.8217986,15.44,0.0,16.35,BID
92,1712690850.561842,678303689.8217986,15.44,0.0,16.35,BID
93,1712690880.3619103,678303689.8217986,15.44,0.0,16.35,BID
94,1712690910.3416567,678303689.8217986,15.44,0.0,16.35,BID
95,1712690940.5416925,678303689.8217986,15.44,0.0,16.35,BID
96,1712690970.5511403,678303689.8217986,15.44,0.0,16.35,BID
97,1712691000.4246445,678303689.8217986,15.44,0.0,16.35,BID
98,1712691030.351784,678303689.8217986,15.44,0.0,16.35,BID
99,1712691054.891847,678332149.7969506,15.41,2.5279622924601445e-06,16.35,BID
100,1712691054.8937066,678407643.1594524,15.42,6.705711186195791e-06,16.35,BID
101,1712691058.9822545,678421940.9175721,15.4,-1.2700008766790313e-06,16.35,ASK
102,1712691059.0819194,678424874.3282828,15.4,-2.6056072169142094e-07,16.35,ASK
103,1712691060.5314813,678424874.3282828,15.4,-0.0,16.35,ASK
104,1712691090.5640533,678424874.3282828,15.4,-0.0,16.35,ASK
105,1712691091.7816982,678425199.0036075,15.42,2.883455827219591e-08,16.35,BID
106,1712691097.002034,678431696.7936735,15.4,-5.770715913944381e-07,16.35,ASK
107,1712691097.1615915,678520269.3345505,15.4,7.866166280925292e-06,16.35,BID
108,1712691097.2415986,678526504.9861302,15.4,5.537909572251715e-07,16.35,BID
109,1712691108.9114425,678526829.6614549,15.42,2.883455827219591e-08,16.35,BID
110,1712691120.3774114,678526829.6614549,15.42,0.0,16.35,BID
111,1712691150.3514628,678526829.6614549,15.42,0.0,16.35,BID
112,1712691180.5216594,678526829.6614549,15.42,0.0,16.35,BID
113,1712691210.5413215,678526829.6614549,15.42,0.0,16.35,BID
114,1712691240.341607,678526829.6614549,15.42,0.0,16.35,BID
115,1712691249.6117122,678542923.5874655,15.4,-1.429109361906978e-06,16.35,ASK
116,1712691249.7190645,678739027.4835693,15.4,-1.7413644976592545e-05,16.35,ASK
117,1712691255.6916018,678739352.158894,15.42,2.8830538041014083e-08,16.35,BID
118,1712691270.3516946,678739352.158894,15.42,0.0,16.35,BID
119,1712691300.52899,678739352.158894,15.42,0.0,16.35,BID
120,1712691317.982033,678739676.4131092,15.42,2.8784952542287537e-08,16.35,BID
121,1712691319.041489,678740000.6673245,15.42,2.8784952552870082e-08,16.35,BID
122,1712691320.0214756,678740324.9215398,15.42,2.8784952542287537e-08,16.35,BID
123,1712691321.091499,678740649.1757551,15.42,2.8784952552870082e-08,16.35,BID
124,1712691322.231739,678740973.4299704,15.42,2.8784952542287537e-08,16.35,BID
125,1712691323.4417524,678741297.6841857,15.42,2.8784952552870082e-08,16.35,BID
126,1712691324.701686,678741621.938401,15.42,2.8784952542287537e-08,16.35,BID
127,1712691325.8314145,678741946.1926163,15.42,2.8784952552870082e-08,16.35,BID
128,1712691327.031469,678742270.4468316,15.42,2.8784952542287537e-08,16.35,BID
129,1712691328.3717542,678742594.701047,15.42,2.8784952552870082e-08,16.35,BID
130,1712691329.501504,678742918.9552622,15.42,2.8784952542287537e-08,16.35,BID
131,1712691330.5313642,678742918.9552622,15.42,0.0,16.35,BID
132,1712691330.7232647,678743243.2094775,15.42,2.878481201092033e-08,16.35,BID
133,1712691331.891951,678743567.4636928,15.42,2.8784812000337853e-08,16.35,BID
134,1712691340.161523,678743891.7179081,15.42,2.878481201092033e-08,16.35,BID
135,1712691360.371617,678743891.7179081,15.42,0.0,16.35,BID
136,1712691390.3716326,678743891.7179081,15.42,0.0,16.35,BID
137,1712691402.9816532,678745842.3030837,15.4,-1.7315781927908941e-07,16.35,ASK
138,1712691410.961517,678758973.767302,15.4,-1.1657095196554572e-06,16.35,ASK
139,1712691419.3717115,678759298.4426266,15.42,2.8822156489312363e-08,16.35,BID
140,1712691420.53204,678759298.4426266,15.42,0.0,16.35,BID
141,1712691450.5415225,678759298.4426266,15.42,0.0,16.35,BID
142,1712691455.1814148,678982840.5308238,15.42,1.9843914382576217e-05,16.35,BID
143,1712691480.34139,678982840.5308238,15.42,0.0,16.35,BID
144,1712691497.91194,679079011.4144797,15.42,8.534513638849847e-06,16.35,BID
145,1712691497.9213753,679178611.6459247,15.42,8.838844995341467e-06,16.35,BID
146,1712691497.923092,679205510.6484239,15.42,2.387104027477397e-06,16.35,BID
147,1712691497.9248197,679206159.1568545,15.42,5.755072466287306e-08,16.35,BID
148,1712691506.9623096,679223528.4142745,15.4,-1.5414037878407414e-06,16.35,ASK
149,1712691510.345239,679223528.4142745,15.4,-0.0,16.35,ASK
150,1712691540.5254526,679223528.4142745,15.4,-0.0,16.35,ASK
151,1712691570.5312564,679223528.4142745,15.4,-0.0,16.35,ASK
152,1712691573.251665,679223528.4142747,15.4,-2.1151066095019134e-17,16.35,ASK
153,1712691589.291972,679453672.2486793,15.4,2.0416980384649364e-05,16.35,BID
154,1712691589.2951992,679666086.8071319,15.4,1.884414537787141e-05,16.35,BID
155,1712691595.391603,679669333.5603787,15.4,2.880324711930168e-07,16.35,BID
156,1712691600.3512266,679669333.5603787,15.4,0.0,16.35,BID
157,1712691630.354814,679669333.5603787,15.4,0.0,16.35,BID
158,1712691660.53399,679669333.5603787,15.4,0.0,16.35,BID
159,1712691690.5422478,679669333.5603787,15.4,0.0,16.35,BID
160,1712691716.1318765,679669808.0697163,15.38,-4.2129055014239524e-08,16.35,ASK
161,1712691716.1346006,679670234.6297786,15.38,-3.7871904522559565e-08,16.35,ASK
162,1712691717.9113948,679670237.3436782,15.38,-2.409521098952416e-10,16.35,ASK
163,1712691720.364919,679670237.3436782,15.38,-0.0,16.35,ASK
164,1712691739.491976,679670667.4566121,15.35,-3.8187297177733216e-08,16.35,ASK
165,1712691739.494736,679671966.3005782,15.35,-1.1531701703369613e-07,16.35,ASK
166,1712691750.3515248,679671966.3005782,15.35,-0.0,16.35,ASK
167,1712691780.541402,679671966.3005782,15.35,-0.0,16.35,ASK
168,1712691810.588281,679671966.3005782,15.35,-0.0,16.35,ASK
169,1712691840.3413403,679671966.3005782,15.35,-0.0,16.35,ASK
170,1712691870.351628,679671966.3005782,15.35,-0.0,16.35,ASK
171,1712691900.3814037,679671966.3005782,15.35,-0.0,16.35,ASK
172,1712691916.1420746,679672374.6325783,15.35,-3.6266366350208895e-08,16.35,ASK
173,1712691916.1454875,679672378.7202082,15.35,-3.6304645232128625e-10,16.35,ASK
174,1712691916.148379,679690669.5424736,15.33,-1.6245154949775696e-06,16.35,ASK
175,1712691930.355241,679690669.5424736,15.33,-0.0,16.35,ASK
176,1712691960.521294,679690669.5424736,15.33,-0.0,16.35,ASK
177,1712691990.5311542,679690669.5424736,15.33,-0.0,16.35,ASK
178,1712692020.3442223,679690669.5424736,15.33,-0.0,16.35,ASK
179,1712692050.341411,679690669.5424736,15.33,-0.0,16.35,ASK
180,1712692080.5113275,679690669.5424736,15.33,-0.0,16.35,ASK
181,1712692110.5411491,679690669.5424736,15.33,-0.0,16.35,ASK
182,1712692140.3654969,679690669.5424736,15.33,-0.0,16.35,ASK
183,1712692170.3515,679690669.5424736,15.33,-0.0,16.35,ASK
184,1712692200.3814795,679690669.5424736,15.33,-0.0,16.35,ASK
185,1712692230.3612452,679690669.5424736,15.33,-0.0,16.35,ASK
186,1712692260.5312192,679690669.5424736,15.33,-0.0,16.35,ASK
187,1712692290.5311704,679690669.5424736,15.33,-0.0,16.35,ASK
188,1712692320.3613093,679690669.5424736,15.33,-0.0,16.35,ASK
189,1712692350.361178,679690669.5424736,15.33,-0.0,16.35,ASK
190,1712692356.0216775,679755614.3280405,15.39,5.78015431229127e-06,16.35,BID
191,1712692380.521139,679755614.3280405,15.39,0.0,16.35,BID
192,1712692410.541092,679755614.3280405,15.39,0.0,16.35,BID
193,1712692440.323828,679755614.3280405,15.39,0.0,16.35,BID
194,1712692459.5017104,679765728.3280405,15.38,-9.000765838655134e-07,16.35,ASK
195,1712692459.6012487,679798906.7664078,15.39,2.952653298763297e-06,16.35,BID
196,1712692470.3510408,679798906.7664078,15.39,0.0,16.35,BID
197,1712692500.5215144,679798906.7664078,15.39,0.0,16.35,BID
198,1712692502.4412785,679816220.6189759,15.39,1.5440059491856824e-06,16.35,BID
199,1712692502.5212314,679821076.6353321,15.39,4.330473598467699e-07,16.35,BID
200,1712692530.5510805,679821076.6353321,15.39,0.0,16.35,BID
201,1712692533.6213,679824325.4982301,15.38,-2.897166299885769e-07,16.35,ASK
202,1712692560.3610342,679824325.4982301,15.38,-0.0,16.35,ASK
203,1712692590.3411374,679824325.4982301,15.38,-0.0,16.35,ASK
204,1712692620.5411634,679824325.4982301,15.38,-0.0,16.35,ASK
205,1712692650.5409155,679824325.4982301,15.38,-0.0,16.35,ASK
206,1712692680.40372,679824325.4982301,15.38,-0.0,16.35,ASK
207,1712692693.5509806,679968777.5441377,15.4,1.2881421830485451e-05,16.35,BID
208,1712692693.5536492,680125034.3038105,15.4,1.3934099877663908e-05,16.35,BID
209,1712692693.5699356,680128250.5704929,15.4,2.8680859170143924e-07,16.35,BID
210,1712692710.3673558,680128250.5704929,15.4,0.0,16.35,BID
211,1712692740.5191412,680128250.5704929,15.4,0.0,16.35,BID
212,1712692753.49923,680128578.4925708,15.41,-2.9230048514194e-08,16.35,ASK
213,1712692765.608545,680128905.2412754,15.44,2.9125457336817875e-08,16.35,BID
214,1712692770.5289414,680128905.2412754,15.44,0.0,16.35,BID
215,1712692800.441592,680128905.2412754,15.44,0.0,16.35,BID
216,1712692830.347369,680128905.2412754,15.44,0.0,16.35,BID
217,1712692860.526918,680128905.2412754,15.44,0.0,16.35,BID
218,1712692890.5264056,680128905.2412754,15.44,0.0,16.35,BID
219,1712692920.3459475,680128905.2412754,15.44,0.0,16.35,BID
220,1712692950.35154,680128905.2412754,15.44,0.0,16.35,BID
221,1712692980.5350423,680128905.2412754,15.44,0.0,16.35,BID
222,1712692981.2552044,680258438.9200319,15.44,1.1546705858615888e-05,16.35,BID
223,1712692981.2576604,680280459.6454206,15.44,1.962939995968739e-06,16.35,BID
224,1712693010.5246837,680280459.6454206,15.44,0.0,16.35,BID
225,1712693010.6116254,680281459.6454206,15.45,8.912197937002147e-08,16.35,BID
226,1712693010.6130393,680288169.6454206,15.45,5.980084815728439e-07,16.35,BID
227,1712693040.3183982,680288169.6454206,15.45,0.0,16.35,BID
228,1712693051.0746975,680291403.7980725,15.46,2.882310260143585e-07,16.35,BID
229,1712693070.347564,680309050.0248837,15.46,1.5726499663219807e-06,16.35,BID
230,1712693070.3500164,680441998.1990682,15.46,1.1848478651536091e-05,16.35,BID
231,1712693070.3577716,680441998.1990682,15.46,0.0,16.35,BID
232,1712693100.5235524,680441998.1990682,15.46,0.0,16.35,BID
233,1712693130.5532372,680441998.1990682,15.46,0.0,16.35,BID
234,1712693160.3527682,680441998.1990682,15.46,0.0,16.35,BID
235,1712693190.3425913,680441998.1990682,15.46,0.0,16.35,BID
236,1712693220.554405,680441998.1990682,15.46,0.0,16.35,BID
237,1712693250.5322025,680441998.1990682,15.46,0.0,16.35,BID
238,1712693280.341609,680441998.1990682,15.46,0.0,16.35,BID
239,1712693310.3515637,680441998.1990682,15.46,0.0,16.35,BID
240,1712693340.5377328,680441998.1990682,15.46,0.0,16.35,BID
241,1712693370.5209482,680441998.1990682,15.46,0.0,16.35,BID
242,1712693381.2522578,680458186.1538988,15.43,-1.4424672443394238e-06,16.35,ASK
243,1712693383.3512237,680474119.455036,15.46,-1.4197757051501531e-06,16.35,ASK
244,1712693400.3810902,680474119.455036,15.46,-0.0,16.35,ASK
245,1712693430.350787,680474119.455036,15.46,-0.0,16.35,ASK
246,1712693460.5301914,680474119.455036,15.46,-0.0,16.35,ASK
247,1712693461.090583,680474703.5671856,15.43,-5.2047769101825086e-08,16.35,ASK
248,1712693481.6105688,680505973.1106503,15.43,-2.786297082320934e-06,16.35,ASK
249,1712693490.53002,680505973.1106503,15.43,-0.0,16.35,ASK
250,1712693500.581241,680555066.0315313,15.43,-4.374271467475742e-06,16.35,ASK
251,1712693500.584775,680648934.0315313,15.41,-8.363815123244172e-06,16.35,ASK
252,1712693500.5882547,680651934.0315313,15.4,-2.673056352509111e-07,16.35,ASK
253,1712693500.591784,680812624.015748,15.4,-1.43177794365004e-05,16.35,ASK
254,1712693500.593383,680906492.015748,15.39,-8.363815123244172e-06,16.35,ASK
255,1712693500.5949512,680954198.4609936,15.43,-4.250733883981405e-06,16.35,ASK
256,1712693500.59655,681144698.4609936,15.41,-1.697390783843285e-05,16.35,ASK
257,1712693500.5981288,681217252.4109341,15.37,-6.464693226264308e-06,16.35,ASK
258,1712693520.3451085,681217252.4109341,15.37,-0.0,16.35,ASK
259,1712693521.2942202,681245712.3860862,15.41,-2.5333640999655626e-06,16.35,ASK
260,1712693521.3009455,681261645.6872234,15.41,-1.4183024714242477e-06,16.35,ASK
261,1712693521.4801989,681468077.2856154,15.41,1.837550446440205e-05,16.35,BID
262,1712693521.483209,681519401.2160748,15.41,4.568598609095034e-06,16.35,BID
263,1712693550.3446405,681519401.2160748,15.41,0.0,16.35,BID
264,1712693580.509419,681519401.2160748,15.41,0.0,16.35,BID
265,1712693592.991869,681613269.2160748,15.43,8.352196396823598e-06,16.35,BID
266,1712693610.529125,681613269.2160748,15.43,0.0,16.35,BID
267,1712693619.7192757,681625269.2160748,15.4,-1.0675996273027975e-06,16.35,ASK
268,1712693640.381314,681625269.2160748,15.4,-0.0,16.35,ASK
269,1712693670.3332512,681625269.2160748,15.4,-0.0,16.35,ASK
270,1712693700.3588362,681625269.2160748,15.4,-0.0,16.35,ASK
271,1712693730.3390584,681625269.2160748,15.4,-0.0,16.35,ASK
272,1712693737.399021,681625932.8020234,15.4,-5.90378454080689e-08,16.35,ASK
273,1712693760.5084784,681625932.8020234,15.4,-0.0,16.35,ASK
274,1712693779.848388,681626582.1526728,15.4,-5.7771308267421855e-08,16.35,ASK
275,1712693779.8581817,681694114.6202052,15.4,-6.008216059748238e-06,16.35,ASK
276,1712693790.5382595,681694114.6202052,15.4,-0.0,16.35,ASK
277,1712693820.3381553,681694114.6202052,15.4,-0.0,16.35,ASK
278,1712693850.3509572,681694114.6202052,15.4,-0.0,16.35,ASK
279,1712693880.50807,681694114.6202052,15.4,-0.0,16.35,ASK
280,1712693910.5275304,681694114.6202052,15.4,-0.0,16.35,ASK
281,1712693934.557702,681697348.7728572,15.41,-2.877086173097821e-07,16.35,ASK
282,1712693940.3474548,681697348.7728572,15.41,-0.0,16.35,ASK
283,1712693970.3373506,681697348.7728572,15.41,-0.0,16.35,ASK
284,1712694000.3970842,681697348.7728572,15.41,-0.0,16.35,ASK
285,1712694030.3268497,681697348.7728572,15.41,-0.0,16.35,ASK
286,1712694060.5167503,681697348.7728572,15.41,-0.0,16.35,ASK
287,1712694090.5164096,681697348.7728572,15.41,-0.0,16.35,ASK
288,1712694120.331436,681697348.7728572,15.41,-0.0,16.35,ASK
289,1712694150.366387,681697348.7728572,15.41,-0.0,16.35,ASK
290,1712694180.516014,681697348.7728572,15.41,-0.0,16.35,ASK
291,1712694210.5360212,681697348.7728572,15.41,-0.0,16.35,ASK
292,1712694240.3324008,681697348.7728572,15.41,-0.0,16.35,ASK
293,1712694252.9062574,681703829.654257,15.43,5.776588316920664e-07,16.35,BID
294,1712694270.3305748,681703829.654257,15.43,0.0,16.35,BID
295,1712694300.5156095,681703829.654257,15.43,0.0,16.35,BID
296,1712694330.5070486,681703829.654257,15.43,0.0,16.35,BID
297,1712694360.3506384,681703829.654257,15.43,0.0,16.35,BID
298,1712694382.995664,681789500.1125358,15.37,-7.638730085204034e-06,16.35,ASK
299,1712694382.998546,681795989.405203,15.41,-5.78611999097212e-07,16.35,ASK
300,1712694383.001403,681821963.4311769,15.4,-2.315950884670114e-06,16.35,ASK
301,1712694390.345512,681821963.4311769,15.4,-0.0,16.35,ASK
302,1712694420.5350423,681821963.4311769,15.4,-0.0,16.35,ASK
303,1712694450.5421102,681821963.4311769,15.4,-0.0,16.35,ASK
304,1712694480.3147545,681821963.4311769,15.4,-0.0,16.35,ASK
305,1712694510.314854,681821963.4311769,15.4,-0.0,16.35,ASK
306,1712694513.8147285,681827963.4311769,15.41,-5.348980065881777e-07,16.35,ASK
307,1712694540.3505363,681827963.4311769,15.41,-0.0,16.35,ASK
308,1712694570.3745313,681827963.4311769,15.41,-0.0,16.35,ASK
309,1712694585.994584,681828444.3125768,15.41,-4.2870063664195634e-08,16.35,ASK
310,1712694586.134463,681828781.7557955,15.41,3.008270287222148e-08,16.35,BID
311,1712694594.1346598,682005044.4961956,15.41,1.5713635221950544e-05,16.35,BID
312,1712694600.6243165,682005044.4961956,15.41,0.0,16.35,BID
313,1712694625.6247568,682014163.9200466,15.41,8.135756271857842e-07,16.35,BID
314,1712694625.6288855,682086163.9200464,15.41,6.423371269312307e-06,16.35,BID
315,1712694625.7043157,682086163.9200466,15.41,1.0635076743567888e-17,16.35,BID
316,1712694630.5212498,682086163.9200466,15.41,0.0,16.35,BID
317,1712694660.3298223,682086163.9200466,15.41,0.0,16.35,BID
318,1712694690.3942254,682086163.9200466,15.41,0.0,16.35,BID
319,1712694720.514444,682086163.9200466,15.41,0.0,16.35,BID
320,1712694750.50613,682086163.9200466,15.41,0.0,16.35,BID
321,1712694754.5158374,682118568.3270459,15.43,2.890587872720373e-06,16.35,BID
322,1712694780.3662765,682118568.3270459,15.43,0.0,16.35,BID
323,1712694803.2554517,682118892.5812613,15.42,2.8923334406216697e-08,16.35,BID
324,1712694810.3154438,682118892.5812613,15.42,0.0,16.35,BID
325,1712694836.436283,682120838.1065531,15.42,1.735399290069705e-07,16.35,BID
326,1712694840.565703,682120838.1065531,15.42,0.0,16.35,BID
327,1712694847.9859197,682130853.1188631,15.4,-8.933319354666138e-07,16.35,ASK
328,1712694870.50554,682130853.1188631,15.4,-0.0,16.35,ASK
329,1712694900.348014,682130853.1188631,15.4,-0.0,16.35,ASK
330,1712694922.3763127,682146204.8062503,15.4,1.3696482690390595e-06,16.35,BID
331,1712694930.3361435,682146204.8062503,15.4,0.0,16.35,BID
332,1712694948.1667335,682161531.7662495,15.4,-1.367413296362153e-06,16.35,ASK
333,1712694948.2262783,682236457.0335871,15.4,-6.684548455544504e-06,16.35,ASK
334,1712694960.5165443,682236457.0335871,15.4,-0.0,16.35,ASK
335,1712694990.52855,682236457.0335871,15.4,-0.0,16.35,ASK
336,1712694994.0269332,682244253.2835498,15.36,-6.954656433277573e-07,16.35,ASK
337,1712695020.3165455,682244253.2835498,15.36,-0.0,16.35,ASK
338,1712695035.787428,682279051.2863579,15.36,-3.104127882815571e-06,16.35,ASK
339,1712695035.9677854,682314251.9928929,15.38,3.140050745229247e-06,16.35,BID
340,1712695050.3572154,682314251.9928929,15.38,0.0,16.35,BID
341,1712695050.367679,682316202.5780684,15.38,1.739836856243243e-07,16.35,BID
342,1712695080.5271578,682316202.5780684,15.38,0.0,16.35,BID
343,1712695110.5169897,682316202.5780684,15.38,0.0,16.35,BID
344,1712695140.3375487,682316202.5780684,15.38,0.0,16.35,BID
345,1712695170.3274992,682316202.5780684,15.38,0.0,16.35,BID
346,1712695200.3676362,682316202.5780684,15.38,0.0,16.35,BID
347,1712695230.3430705,682316202.5780684,15.38,0.0,16.35,BID
348,1712695260.5073838,682316202.5780684,15.38,0.0,16.35,BID
349,1712695266.2081733,682335695.7554563,15.39,1.7396705246571712e-06,16.35,BID
350,1712695272.387723,682348691.2070483,15.39,1.1597803497714476e-06,16.35,BID
351,1712695286.1178093,682349923.3730664,15.42,1.0996477693507945e-07,16.35,BID
352,1712695290.5175426,682349923.3730664,15.42,0.0,16.35,BID
353,1712695320.3275435,682349923.3730664,15.42,0.0,16.35,BID
354,1712695321.32789,682350397.8824042,15.36,-4.234567093638607e-08,16.35,ASK
355,1712695327.1278212,682350827.156366,15.36,-3.8308822355603495e-08,16.35,ASK
356,1712695350.327944,682350827.156366,15.36,-0.0,16.35,ASK
357,1712695364.7980392,682351257.2692999,15.36,-3.838364548250223e-08,16.35,ASK
358,1712695380.5078044,682351257.2692999,15.36,-0.0,16.35,ASK
359,1712695410.5178847,682351257.2692999,15.36,-0.0,16.35,ASK
360,1712695440.3321996,682351257.2692999,15.36,-0.0,16.35,ASK
361,1712695470.3480814,682351257.2692999,15.36,-0.0,16.35,ASK
362,1712695500.3511195,682351257.2692999,15.36,-0.0,16.35,ASK
363,1712695530.347935,682351257.2692999,15.36,-0.0,16.35,ASK
364,1712695560.5178142,682351257.2692999,15.36,-0.0,16.35,ASK
365,1712695590.5183222,682351257.2692999,15.36,-0.0,16.35,ASK
366,1712695620.335334,682351257.2692999,15.36,-0.0,16.35,ASK
367,1712695622.508248,682351582.1555897,15.39,2.9010913489998733e-08,16.35,BID
368,1712695650.3329077,682351582.1555897,15.39,0.0,16.35,BID
369,1712695680.5480082,682351582.1555897,15.39,0.0,16.35,BID
370,1712695680.6581523,682358795.2485071,15.39,6.440971125629987e-07,16.35,BID
371,1712695710.5079806,682358795.2485071,15.39,0.0,16.35,BID
372,1712695740.3386474,682358795.2485071,15.39,0.0,16.35,BID
373,1712695770.348708,682358795.2485071,15.39,0.0,16.35,BID
374,1712695800.440968,682358795.2485071,15.39,0.0,16.35,BID
375,1712695830.3314342,682358795.2485071,15.39,0.0,16.35,BID
376,1712695860.518031,682358795.2485071,15.39,0.0,16.35,BID
377,1712695890.5178847,682358795.2485071,15.39,0.0,16.35,BID
378,1712695920.3249435,682358795.2485071,15.39,0.0,16.35,BID
379,1712695950.3379924,682358795.2485071,15.39,0.0,16.35,BID
380,1712695980.5378318,682358795.2485071,15.39,0.0,16.35,BID
381,1712696010.5177996,682358795.2485071,15.39,0.0,16.35,BID
382,1712696040.3685791,682358795.2485071,15.39,0.0,16.35,BID
383,1712696070.347834,682358795.2485071,15.39,0.0,16.35,BID
384,1712696100.5077,682358795.2485071,15.39,0.0,16.35,BID
385,1712696125.489035,682361295.2485071,15.38,-2.2360328371249054e-07,16.35,ASK
386,1712696125.4938796,682361622.9468167,15.38,-2.9309767232137424e-08,16.35,ASK
387,1712696125.4980006,682362044.1114051,15.37,-3.7669513984459794e-08,16.35,ASK
388,1712696130.5077994,682362044.1114051,15.37,-0.0,16.35,ASK
389,1712696160.3177586,682362044.1114051,15.37,-0.0,16.35,ASK
390,1712696189.5778513,682362368.997695,15.39,2.905812664164064e-08,16.35,BID
391,1712696190.3384154,682362368.997695,15.39,0.0,16.35,BID
392,1712696220.507494,682362368.997695,15.39,0.0,16.35,BID
393,1712696250.5274808,682362368.997695,15.39,0.0,16.35,BID
394,1712696280.33348,682362368.997695,15.39,0.0,16.35,BID
395,1712696288.6276183,682363432.4856532,15.37,-9.511929225078009e-08,16.35,ASK
396,1712696310.3244534,682363432.4856532,15.37,-0.0,16.35,ASK
397,1712696311.368455,682368651.7952408,15.37,-4.668189276376005e-07,16.35,ASK
398,1712696311.3720322,682390995.0335282,15.37,-1.998395834208164e-06,16.35,ASK
399,1712696340.5381534,682390995.0335282,15.37,-0.0,16.35,ASK
400,1712696370.527433,682390995.0335282,15.37,-0.0,16.35,ASK
401,1712696400.4976127,682390995.0335282,15.37,-0.0,16.35,ASK
402,1712696423.467431,682397492.7593242,15.39,5.811677836393828e-07,16.35,BID
403,1712696425.917332,682403990.4851202,15.39,5.811677836393828e-07,16.35,BID
404,1712696430.3486698,682403990.4851202,15.39,0.0,16.35,BID
405,1712696460.5272355,682403990.4851202,15.39,0.0,16.35,BID
406,1712696490.5271451,682403990.4851202,15.39,0.0,16.35,BID
407,1712696494.337232,682439984.6219349,15.38,3.2193199867768136e-06,16.35,BID
408,1712696520.321015,682439984.6219349,15.38,0.0,16.35,BID
409,1712696550.3500943,682439984.6219349,15.38,0.0,16.35,BID
410,1712696580.4968922,682439984.6219349,15.38,0.0,16.35,BID
411,1712696610.5469558,682439984.6219349,15.38,0.0,16.35,BID
412,1712696631.977583,682533852.6219349,15.39,8.395149698491152e-06,16.35,BID
413,1712696631.9808445,682553451.6944629,15.39,1.7528566478904889e-06,16.35,BID
414,1712696640.3144708,682553451.6944629,15.39,0.0,16.35,BID
415,1712696670.327351,682553451.6944629,15.39,0.0,16.35,BID
416,1712696700.5168636,682553451.6944629,15.39,0.0,16.35,BID
417,1712696730.5267594,682553451.6944629,15.39,0.0,16.35,BID
418,1712696760.3376176,682553451.6944629,15.39,0.0,16.35,BID
419,1712696790.3568025,682553451.6944629,15.39,0.0,16.35,BID
420,1712696808.4891472,682554101.8895214,15.38,5.8155937630837764e-08,16.35,BID
421,1712696815.4800916,682554482.3775212,15.37,-3.4032304763601665e-08,16.35,ASK
422,1712696815.4833872,682599410.6069714,15.37,-4.018553010753054e-06,16.35,ASK
423,1712696820.5256224,682599410.6069714,15.37,-0.0,16.35,ASK
424,1712696823.7977092,682599410.6069716,15.37,-2.1323724064817432e-17,16.35,ASK
425,1712696823.8094904,682631214.2435343,15.36,-2.8444594078046684e-06,16.35,ASK
426,1712696823.8126402,682684188.6677805,15.36,-4.737936151516008e-06,16.35,ASK
427,1712696845.800051,682749017.1368358,15.35,-5.798140358393766e-06,16.35,ASK
428,1712696845.8099225,682910500.0220895,15.35,-1.444273554232092e-05,16.35,ASK
429,1712696845.819796,682994554.8422235,15.35,-7.517710228835358e-06,16.35,ASK
430,1712696845.8421414,683054983.9837414,15.35,-5.404672505208213e-06,16.35,ASK
431,1712696845.8498003,683137539.7883016,15.35,-7.383641002408916e-06,16.35,ASK
432,1712696845.8518648,683157083.762243,15.35,-1.7479774815696476e-06,16.35,ASK
433,1712696850.5099657,683157083.762243,15.35,-0.0,16.35,ASK
434,1712696880.3412795,683157083.762243,15.35,-0.0,16.35,ASK
435,1712696906.8914528,683159034.762243,15.35,-1.743603850591557e-07,16.35,ASK
436,1712696906.976154,683159035.6165045,15.35,-7.634513948581688e-11,16.35,ASK
437,1712696910.366667,683159035.6165045,15.35,-0.0,16.35,ASK
438,1712696912.7579317,683183178.8146545,15.34,-2.157665840247185e-06,16.35,ASK
439,1712696912.8342104,683668160.5443815,15.34,-4.334258058431639e-05,16.35,ASK
440,1712696912.8513436,683963371.6492704,15.34,-2.638287242332749e-05,16.35,ASK
441,1712696912.8557658,683963752.8692704,15.34,-3.4069445421981324e-08,16.35,ASK
442,1712696912.9117062,683966098.1461434,15.33,-2.0959624998126257e-07,16.35,ASK
443,1712696912.914287,683972586.7454919,15.33,-5.798829582648024e-07,16.35,ASK
444,1712696912.916141,683979231.696632,15.33,-5.93856041615353e-07,16.35,ASK
445,1712696912.9211426,683981576.9735049,15.33,-2.095962499706089e-07,16.35,ASK
446,1712696917.1116655,683981968.1077944,15.34,3.495548063556776e-08,16.35,BID
447,1712696940.511851,683981968.1077944,15.34,0.0,16.35,BID
448,1712696953.4323256,684046445.884002,15.34,5.755853847901037e-06,16.35,BID
449,1712696953.4365635,684074514.7248646,15.34,2.505671801788079e-06,16.35,BID
450,1712696953.5521162,684118169.9547187,15.34,-3.89705007703537e-06,16.35,ASK
451,1712696953.5725074,684118169.9547197,15.34,-8.513336387502712e-17,16.35,ASK
452,1712696970.5326395,684118169.9547197,15.34,-0.0,16.35,ASK
453,1712696983.0130887,684118169.9547203,15.31,-5.319843024692286e-17,16.35,ASK
454,1712696983.0173695,684129935.7352552,15.31,-1.0501212740207576e-06,16.35,ASK
455,1712697000.373822,684129935.7352552,15.31,-0.0,16.35,ASK
456,1712697030.353679,684129935.7352552,15.31,-0.0,16.35,ASK
457,1712697059.6847055,684130589.3300265,15.3,-5.854264622894993e-08,16.35,ASK
458,1712697059.6891198,684131951.9305428,15.3,-1.2204846716223337e-07,16.35,ASK
459,1712697059.6928322,684134400.3488435,15.3,-2.193054361750072e-07,16.35,ASK
460,1712697059.824473,684135935.7352552,15.3,1.375249427957096e-07,16.35,BID
461,1712697059.828889,684159245.5845344,15.31,2.0878689977233264e-06,16.35,BID
462,1712697060.5443568,684159245.5845344,15.31,0.0,16.35,BID
463,1712697081.5648654,684183660.4774591,15.31,2.186760150774741e-06,16.35,BID
464,1712697090.5346637,684183660.4774591,15.31,0.0,16.35,BID
465,1712697119.1955335,684184314.4996958,15.29,-5.857661916491932e-08,16.35,ASK
466,1712697119.2001312,684186519.3917822,15.29,-1.974781846787685e-07,16.35,ASK
467,1712697119.2051208,684188308.6709434,15.26,-1.6025437381804216e-07,16.35,ASK
468,1712697119.2077408,684207840.585283,15.29,-1.7493495536185352e-06,16.35,ASK
469,1712697119.2118833,684598680.1131631,15.28,-3.5005014958781034e-05,16.35,ASK
470,1712697119.214143,684600667.0090374,15.27,-1.7795364807987928e-07,16.35,ASK
471,1712697119.2182844,684801237.1468822,15.26,-1.7963793768823664e-05,16.35,ASK
472,1712697119.2206297,684901237.1468822,15.29,-8.95636507101763e-06,16.35,ASK
473,1712697119.222962,684911763.088564,15.26,-9.427417641899628e-07,16.35,ASK
474,1712697119.255743,685066277.7423449,15.26,1.3838896480829004e-05,16.35,BID
475,1712697119.2608058,685163412.2736707,15.26,8.699723235562162e-06,16.35,BID
476,1712697120.3559456,685163412.2736707,15.26,0.0,16.35,BID
477,1712697124.3174264,685165378.197655,15.26,-1.7583968664167284e-07,16.35,ASK
478,1712697124.375415,685166033.5056497,15.26,5.8613228877003464e-08,16.35,BID
479,1712697124.4765792,685245996.4808018,15.26,7.152191339062007e-06,16.35,BID
480,1712697124.5852306,685423550.7320489,15.26,1.5881124677598672e-05,16.35,BID
481,1712697150.3457716,685423550.7320489,15.26,0.0,16.35,BID
482,1712697159.9174705,685454414.185568,15.25,-2.7595643431128457e-06,16.35,ASK
483,1712697159.9221325,685454754.185568,15.25,-3.0400093627809545e-08,16.35,ASK
484,1712697159.9265132,685456365.5036008,15.25,-1.4407123253866138e-07,16.35,ASK
485,1712697159.9303997,685615850.301501,15.24,-1.4259861142289293e-05,16.35,ASK
486,1712697159.9323535,685617157.0382049,15.23,-1.1683799454301389e-07,16.35,ASK
487,1712697159.9342928,685622088.9881768,15.24,-4.409757085701973e-07,16.35,ASK
488,1712697159.936234,685624710.2201558,15.25,-2.343696987711417e-07,16.35,ASK
489,1712697159.938198,685626695.6602618,15.23,-1.775222503300771e-07,16.35,ASK
490,1712697159.9401636,685633253.0373108,15.25,-5.86308459544527e-07,16.35,ASK
491,1712697159.942139,685634704.0937413,15.24,-1.297419157211453e-07,16.35,ASK
492,1712697159.9442992,685690648.2834924,15.23,-5.002084136373085e-06,16.35,ASK
493,1712697180.5461135,685690648.2834924,15.23,-0.0,16.35,ASK
494,1712697210.5465467,685690648.2834924,15.23,-0.0,16.35,ASK
495,1712697240.3270664,685690648.2834924,15.23,-0.0,16.35,ASK
496,1712697270.3505125,685690648.2834924,15.23,-0.0,16.35,ASK
497,1712697282.7772985,685691956.327966,15.29,1.1691237554243137e-07,16.35,BID
498,1712697287.3178546,685711576.9950687,15.29,1.7536856331151606e-06,16.35,BID
499,1712697300.34731,685711576.9950687,15.29,0.0,16.35,BID
500,1712697330.3475783,685711576.9950687,15.29,0.0,16.35,BID
501,1712697360.5480597,685711576.9950687,15.29,0.0,16.35,BID
502,1712697390.5381234,685711576.9950687,15.29,0.0,16.35,BID
503,1712697414.308706,685713542.919053,15.26,-1.75745230529924e-07,16.35,ASK
504,1712697420.3616395,685713542.919053,15.26,-0.0,16.35,ASK
505,1712697450.37567,685713542.919053,15.26,-0.0,16.35,ASK
506,1712697471.2105622,685721864.3214121,15.26,-7.43895931653292e-07,16.35,ASK
507,1712697471.2158852,685856021.6282352,15.25,-1.1993059635894124e-05,16.35,ASK
508,1712697471.2206118,685874984.4158272,15.26,-1.6951878942581966e-06,16.35,ASK
509,1712697471.22499,685879984.4158272,15.25,-4.4697750424079066e-07,16.35,ASK
510,1712697480.5291936,685879984.4158272,15.25,-0.0,16.35,ASK
511,1712697510.5303638,685879984.4158272,15.25,-0.0,16.35,ASK
512,1712697540.3526027,685879984.4158272,15.25,-0.0,16.35,ASK
513,1712697544.7595546,685883291.381164,15.29,2.955607506782528e-07,16.35,BID
514,1712697570.3424578,685883291.381164,15.29,0.0,16.35,BID
515,1712697600.381841,685883291.381164,15.29,0.0,16.35,BID
516,1712697622.700987,685889831.6035316,15.29,5.846293144399816e-07,16.35,BID
517,1712697630.3503656,685889831.6035316,15.29,0.0,16.35,BID
518,1712697637.4672294,685899831.6035316,15.28,8.938902312983945e-07,16.35,BID
519,1712697638.5741272,685909831.6035316,15.26,-8.938902312983945e-07,16.35,ASK
520,1712697638.5765676,686161355.4857886,15.26,-2.248347412877662e-05,16.35,ASK
521,1712697638.5890589,686180008.0382667,15.26,-1.6673334448931927e-06,16.35,ASK
522,1712697638.6301568,686228553.7201763,15.26,-4.339451083078247e-06,16.35,ASK
523,1712697641.8702698,686246775.9105176,15.25,-1.6288637938889215e-06,16.35,ASK
524,1712697644.2603388,686260104.9062234,15.25,-1.1914659054471282e-06,16.35,ASK
525,1712697645.1403162,686279400.5426244,15.25,-1.724818088548422e-06,16.35,ASK
526,1712697645.22043,686352786.345903,15.25,-6.559885266680187e-06,16.35,ASK
527,1712697645.225084,686508099.6972353,15.25,-1.388330875461646e-05,16.35,ASK
528,1712697645.3000631,686508099.6972358,15.25,-4.262400776378605e-17,16.35,ASK
529,1712697646.5005646,686519928.5735962,15.25,1.0573717025812737e-06,16.35,BID
530,1712697646.50537,686529623.4326127,15.25,8.66613976859162e-07,16.35,BID
531,1712697646.8402407,686553481.7024193,15.25,-2.1326674315822145e-06,16.35,ASK
532,1712697660.4007056,686553481.7024193,15.25,-0.0,16.35,ASK
533,1712697679.7768078,686556434.5530092,15.26,2.637137695258677e-07,16.35,BID
534,1712697685.3104968,686563767.0172799,15.25,6.54849181795932e-07,16.35,BID
535,1712697690.35069,686563767.0172799,15.25,0.0,16.35,BID
536,1712697720.530464,686563767.0172799,15.25,0.0,16.35,BID
537,1712697720.821962,686568767.0172799,15.24,-4.465347411444337e-07,16.35,ASK
538,1712697730.980934,686578767.0172799,15.23,-8.930694822888674e-07,16.35,ASK
539,1712697731.8839705,686594242.889627,15.24,1.3821029305007903e-06,16.35,BID
540,1712697734.070936,686604242.889627,15.24,8.930694822888674e-07,16.35,BID
541,1712697745.61075,686614242.889627,15.24,8.930694822888674e-07,16.35,BID
542,1712697748.8012576,686619668.737196,15.22,-4.845658879415137e-07,16.35,ASK
543,1712697748.8063822,686712583.803365,15.22,-8.297961004040568e-06,16.35,ASK
544,1712697748.9007795,686810753.110207,15.22,-8.767201203801466e-06,16.35,ASK
545,1712697748.9808278,686816178.9577756,15.22,-4.84565887909575e-07,16.35,ASK
546,1712697750.5871267,686816178.9577756,15.22,-0.0,16.35,ASK
547,1712697757.9011607,686882009.6638145,15.23,5.877122588660794e-06,16.35,BID
548,1712697780.3609295,686882009.6638145,15.23,0.0,16.35,BID
549,1712697780.4611084,686887009.6638145,15.23,4.463416038243417e-07,16.35,BID
550,1712697810.356223,686887009.6638145,15.23,0.0,16.35,BID
551,1712697840.5310936,686887009.6638145,15.23,0.0,16.35,BID
552,1712697840.9614496,686893861.6096734,15.22,-6.116575428750807e-07,16.35,ASK
553,1712697840.9688406,686951902.5904855,15.22,-5.181185672065734e-06,16.35,ASK
554,1712697870.5312965,686951902.5904855,15.22,-0.0,16.35,ASK
555,1712697899.9918427,686955192.0641698,15.22,-2.936179084401836e-07,16.35,ASK
556,1712697900.3420873,686955192.0641698,15.22,-0.0,16.35,ASK
557,1712697923.6917903,687118523.4193608,15.22,-1.4588065359524582e-05,16.35,ASK
558,1712697930.3534064,687118523.4193608,15.22,-0.0,16.35,ASK
559,1712697933.8518536,687244350.67149,15.21,-1.1235862904359696e-05,16.35,ASK
560,1712697933.8558471,687244350.6714907,15.22,-6.386943424354871e-17,16.35,ASK
561,1712697947.3018112,687257491.2759585,15.22,1.173402643568741e-06,16.35,BID
562,1712697960.5216086,687257491.2759585,15.22,0.0,16.35,BID
563,1712697980.8421254,687257819.5753676,15.23,2.9310272207572706e-08,16.35,BID
564,1712697990.5418184,687257819.5753676,15.23,0.0,16.35,BID
565,1712698020.3833735,687257819.5753676,15.23,0.0,16.35,BID
566,1712698050.3427424,687257819.5753676,15.23,0.0,16.35,BID
567,1712698080.562157,687257819.5753676,15.23,0.0,16.35,BID
568,1712698110.5324,687257819.5753676,15.23,0.0,16.35,BID
569,1712698140.3626006,687257819.5753676,15.23,0.0,16.35,BID
570,1712698140.7224126,687281229.2897675,15.23,2.08999704597421e-06,16.35,BID
571,1712698140.8044453,687281229.2897676,15.23,1.064289203863681e-17,16.35,BID
572,1712698170.3553684,687281229.2897676,15.23,0.0,16.35,BID
573,1712698200.4538772,687281229.2897676,15.23,0.0,16.35,BID
574,1712698230.3456454,687281229.2897676,15.23,0.0,16.35,BID
575,1712698260.5226972,687281229.2897676,15.23,0.0,16.35,BID
576,1712698263.4129338,687284478.2897676,15.22,-2.9011618837115104e-07,16.35,ASK
577,1712698274.39333,687287721.2897676,15.22,-2.895804244037067e-07,16.35,ASK
578,1712698290.5231402,687287721.2897676,15.22,-0.0,16.35,ASK
579,1712698320.3529732,687287721.2897676,15.22,-0.0,16.35,ASK
580,1712698350.3557637,687287721.2897676,15.22,-0.0,16.35,ASK
581,1712698355.7729375,687326226.3589307,15.24,3.438241101381703e-06,16.35,BID
582,1712698355.775613,687326226.358931,15.24,2.128915947477188e-17,16.35,BID
583,1712698355.8778834,687333026.358931,15.25,6.071938058433805e-07,16.35,BID
584,1712698380.3560948,687333026.358931,15.25,0.0,16.35,BID
585,1712698410.3633356,687333026.358931,15.25,0.0,16.35,BID
586,1712698440.5331695,687333026.358931,15.25,0.0,16.35,BID
587,1712698452.0939028,687363817.1571156,15.25,2.7492395940523027e-06,16.35,BID
588,1712698452.1001644,687429178.1571156,15.25,5.835933450940284e-06,16.35,BID
589,1712698452.113185,687659835.1047287,15.25,2.059482866338012e-05,16.35,BID
590,1712698452.4532137,687755986.1571156,15.27,8.585106454425485e-06,16.35,BID
591,1712698470.5237763,687755986.1571156,15.27,0.0,16.35,BID
592,1712698500.389168,687755986.1571156,15.27,0.0,16.35,BID
593,1712698530.3634603,687755986.1571156,15.27,0.0,16.35,BID
594,1712698560.5235758,687755986.1571156,15.27,0.0,16.35,BID
595,1712698590.5234797,687755986.1571156,15.27,0.0,16.35,BID
596,1712698620.356191,687755986.1571156,15.27,0.0,16.35,BID
597,1712698650.3739443,687755986.1571156,15.27,0.0,16.35,BID
598,1712698680.5436804,687755986.1571156,15.27,0.0,16.35,BID
599,1712698686.4943516,687788492.9758945,15.27,2.9018321211795395e-06,16.35,BID
600,1712698686.5037825,687914087.4823724,15.27,1.121162226364293e-05,16.35,BID
601,1712698686.5740178,687919705.8689688,15.27,-5.01544454585456e-07,16.35,ASK
602,1712698710.5236366,687919705.8689688,15.27,-0.0,16.35,ASK
603,1712698740.33372,687919705.8689688,15.27,-0.0,16.35,ASK
604,1712698770.3538258,687919705.8689688,15.27,-0.0,16.35,ASK
605,1712698800.36356,687919705.8689688,15.27,-0.0,16.35,ASK
606,1712698830.3625412,687919705.8689688,15.27,-0.0,16.35,ASK
607,1712698860.5419724,687919705.8689688,15.27,-0.0,16.35,ASK
608,1712698880.0516903,687921705.8689688,15.28,1.7854474471730941e-07,16.35,BID
609,1712698890.531467,687921705.8689688,15.28,0.0,16.35,BID
610,1712698914.3312805,688015573.8689688,15.29,8.379796187106435e-06,16.35,BID
611,1712698914.3373682,688135585.6598185,15.3,1.071370805141274e-05,16.35,BID
612,1712698914.3411517,688285850.1042428,15.3,1.34144268381576e-05,16.35,BID
613,1712698914.3436103,688305457.9473801,15.3,1.7504338982297271e-06,16.35,BID
614,1712698914.4719036,688329622.4988892,15.3,-2.1572209549521085e-06,16.35,ASK
615,1712698914.850836,688335510.3639841,15.27,-5.256222511659052e-07,16.35,ASK
616,1712698914.8535783,688346326.7306699,15.28,-9.65600080022766e-07,16.35,ASK
617,1712698920.362972,688346326.7306699,15.28,-0.0,16.35,ASK
618,1712698947.7103908,688352836.1068718,15.28,-5.807691087357608e-07,16.35,ASK
619,1712698947.8705015,688369789.3664389,15.28,1.512576496331503e-06,16.35,BID
620,1712698950.3499787,688369789.3664389,15.28,0.0,16.35,BID
621,1712698959.9598746,688372504.7411411,15.28,2.422590515216163e-07,16.35,BID
622,1712698980.539434,688372504.7411411,15.28,0.0,16.35,BID
623,1712699010.5221603,688372504.7411411,15.28,0.0,16.35,BID
624,1712699040.3284383,688372504.7411411,15.28,0.0,16.35,BID
625,1712699044.768561,688426209.7411411,15.28,-4.791410257392455e-06,16.35,ASK
626,1712699044.9687188,688445518.7411411,15.28,-1.7226951058558965e-06,16.35,ASK
627,1712699070.3731184,688445518.7411411,15.28,-0.0,16.35,ASK
628,1712699078.228093,688478241.2542301,15.28,-2.9191207623152698e-06,16.35,ASK
629,1712699100.3678107,688478241.2542301,15.28,-0.0,16.35,ASK
630,1712699100.4375467,688479548.4437726,15.3,1.1664674875421489e-07,16.35,BID
631,1712699110.757409,688492538.7169199,15.28,-1.1591839430340748e-06,16.35,ASK
632,1712699130.3471732,688492538.7169199,15.28,-0.0,16.35,ASK
633,1712699160.526589,688492538.7169199,15.28,-0.0,16.35,ASK
634,1712699161.8269477,688505619.161655,15.29,-1.167207626197123e-06,16.35,ASK
635,1712699178.6868072,688506646.1516495,15.28,-9.164142182618097e-08,16.35,ASK
636,1712699178.6915338,688517310.4074875,15.29,-9.516037867213744e-07,16.35,ASK
637,1712699190.5462856,688517310.4074875,15.29,-0.0,16.35,ASK
638,1712699220.366251,688517310.4074875,15.29,-0.0,16.35,ASK
639,1712699250.3457036,688517310.4074875,15.29,-0.0,16.35,ASK
640,1712699280.5252526,688517310.4074875,15.29,-0.0,16.35,ASK
641,1712699310.5448334,688517310.4074875,15.29,-0.0,16.35,ASK
642,1712699340.3482094,688517310.4074875,15.29,-0.0,16.35,ASK
643,1712699363.2648098,688653911.7146766,15.3,1.2188935641082514e-05,16.35,BID
644,1712699363.2708805,688744069.2684228,15.3,8.044759181175591e-06,16.35,BID
645,1712699370.3642385,688744069.2684228,15.3,0.0,16.35,BID
646,1712699390.124412,688747337.242279,15.3,2.915110864281353e-07,16.35,BID
647,1712699400.4144118,688747337.242279,15.3,0.0,16.35,BID
648,1712699401.6442544,688753869.9236507,15.3,5.831846716738302e-07,16.35,BID
649,1712699430.3437493,688753869.9236507,15.3,0.0,16.35,BID
650,1712699436.4838998,688755792.69187,15.29,-1.7164757985540477e-07,16.35,ASK
651,1712699460.5235074,688755792.69187,15.29,-0.0,16.35,ASK
652,1712699466.6539593,688757111.69187,15.29,-1.177482347446125e-07,16.35,ASK
653,1712699482.1090114,688771116.1009631,15.29,-1.250185329309187e-06,16.35,ASK
654,1712699482.1136253,688800547.1016171,15.29,-2.627330078676221e-06,16.35,ASK
655,1712699482.122848,688856503.6735697,15.28,-4.9952900453194505e-06,16.35,ASK
656,1712699490.5331895,688856503.6735697,15.28,-0.0,16.35,ASK
657,1712699499.6333256,688863043.8959372,15.29,-5.837709093549962e-07,16.35,ASK
658,1712699507.9633656,688863287.5282087,15.29,-2.174626865968262e-08,16.35,ASK
659,1712699507.9686997,688866318.2901744,15.29,-2.705214852481076e-07,16.35,ASK
660,1712699520.3630984,688866318.2901744,15.29,-0.0,16.35,ASK
661,1712699550.3370156,688866318.2901744,15.29,-0.0,16.35,ASK
662,1712699580.502655,688866318.2901744,15.29,-0.0,16.35,ASK
663,1712699610.512328,688866318.2901744,15.29,-0.0,16.35,ASK
664,1712699640.3371778,688866318.2901744,15.29,-0.0,16.35,ASK
665,1712699670.3470645,688866318.2901744,15.29,-0.0,16.35,ASK
666,1712699700.3619504,688866318.2901744,15.29,-0.0,16.35,ASK
667,1712699705.4018955,688872596.9036472,15.3,5.608685999692251e-07,16.35,BID
668,1712699727.911842,688890851.9526668,15.3,1.6307236988393757e-06,16.35,BID
669,1712699730.3718116,688890851.9526668,15.3,0.0,16.35,BID
670,1712699735.982073,689027797.989697,15.3,1.2232980574121706e-05,16.35,BID
671,1712699735.9874473,689171588.8393703,15.3,1.284440724926872e-05,16.35,BID
672,1712699736.1417744,689199356.8393703,15.3,-2.4804325261873243e-06,16.35,ASK
673,1712699740.811694,689271252.2642068,15.3,-6.422203624623712e-06,16.35,ASK
674,1712699759.003203,689375759.1224694,15.31,9.335285596526423e-06,16.35,BID
675,1712699759.0090876,689408396.1981874,15.32,2.9153725212612443e-06,16.35,BID
676,1712699759.0144598,689493308.0205258,15.31,7.584919547182378e-06,16.35,BID
677,1712699759.0170474,689668428.7469918,15.32,1.5643011593765203e-05,16.35,BID
678,1712699759.0196705,689799147.7012401,15.33,1.1676733862960915e-05,16.35,BID
679,1712699759.0222876,689976647.7012401,15.32,1.5855544994174952e-05,16.35,BID
680,1712699759.024951,690109798.5343698,15.33,1.1893966341976608e-05,16.35,BID
681,1712699759.027634,690157879.9713749,15.31,4.29497119897492e-06,16.35,BID
682,1712699759.030269,695749785.3431964,15.34,0.0004995082097244,16.35,BID
683,1712699759.03295,695765000.273332,15.32,1.3591042780189103e-06,16.35,BID
684,1712699759.03589,696624243.2162331,15.34,7.675360643434499e-05,16.35,BID
685,1712699759.0385518,696920499.5183502,15.33,2.64636908621167e-05,16.35,BID
686,1712699759.0412166,697088999.5183502,15.34,1.5051601867709744e-05,16.35,BID
687,1712699760.4140785,697088999.5183502,15.34,0.0,16.35,BID
688,1712699769.8029382,697186134.0496762,15.32,-8.580375593809493e-06,16.35,ASK
689,1712699790.3516085,697186134.0496762,15.32,-0.0,16.35,ASK
690,1712699805.961928,697225211.9683439,15.32,3.451492942287064e-06,16.35,BID
691,1712699809.074183,697326988.730746,15.32,8.989265270428214e-06,16.35,BID
692,1712699815.8616142,697359668.4693081,15.3,-2.8863841997860567e-06,16.35,ASK
693,1712699815.866075,697483821.9924266,15.31,-1.096565588479096e-05,16.35,ASK
694,1712699815.9615116,697553747.5916812,15.3,6.176063632378678e-06,16.35,BID
695,1712699820.521381,697553747.5916812,15.3,0.0,16.35,BID
696,1712699821.8814452,697583382.4001733,15.32,2.616145186007668e-06,16.35,BID
697,1712699821.9619188,697583382.4001733,15.32,0.0,16.35,BID
698,1712699824.632192,697783121.3035674,15.32,-1.7632844521767673e-05,16.35,ASK
699,1712699824.7530365,697851006.4210604,15.32,5.992862190370515e-06,16.35,BID
700,1712699824.771461,697851006.421061,15.32,5.261866447849357e-17,16.35,BID
701,1712699850.5210917,697851006.421061,15.32,0.0,16.35,BID
702,1712699880.354968,697851006.421061,15.32,0.0,16.35,BID
703,1712699910.3609705,697851006.421061,15.32,0.0,16.35,BID
704,1712699940.5207777,697851006.421061,15.32,0.0,16.35,BID
705,1712699970.540664,697851006.421061,15.32,0.0,16.35,BID
706,1712700000.430486,697851006.421061,15.32,0.0,16.35,BID
707,1712700030.3803911,697851006.421061,15.32,0.0,16.35,BID
708,1712700057.7504525,698087158.6140265,15.33,2.0847908365005897e-05,16.35,BID
709,1712700057.7564735,698184293.1453525,15.33,8.575197980298642e-06,16.35,BID
710,1712700060.5203738,698184293.1453525,15.33,0.0,16.35,BID
711,1712700064.8804162,698242550.4403104,15.33,-5.140732133623977e-06,16.35,ASK
712,1712700090.5200732,698242550.4403104,15.33,-0.0,16.35,ASK
713,1712700120.330157,698242550.4403104,15.33,-0.0,16.35,ASK
714,1712700150.3398514,698242550.4403104,15.33,-0.0,16.35,ASK
715,1712700180.5100274,698242550.4403104,15.33,-0.0,16.35,ASK
716,1712700186.8899996,698314305.1695993,15.33,6.33127190874551e-06,16.35,BID
717,1712700210.519711,698314305.1695993,15.33,0.0,16.35,BID
718,1712700223.2999482,698317566.7482034,15.33,2.877571575175932e-07,16.35,BID
719,1712700240.349702,698317566.7482034,15.33,0.0,16.35,BID
720,1712700265.9295404,698318705.147672,15.32,-1.0043638063631777e-07,16.35,ASK
721,1712700265.9395266,698339286.7482034,15.32,-1.8158313684939067e-06,16.35,ASK
722,1712700266.020373,698339287.3931029,15.32,-5.689687335718639e-11,16.35,ASK
723,1712700270.33278,698339287.3931029,15.32,-0.0,16.35,ASK
724,1712700274.2496457,698339663.0341747,15.31,-3.314031947280056e-08,16.35,ASK
725,1712700300.49948,698339663.0341747,15.31,-0.0,16.35,ASK
726,1712700319.7896852,698355349.0341747,15.3,-1.3845782852446675e-06,16.35,ASK
727,1712700330.509441,698355349.0341747,15.3,-0.0,16.35,ASK
728,1712700330.6930573,698405022.5112988,15.3,-4.384505982282968e-06,16.35,ASK
729,1712700330.6978548,698426122.0341747,15.3,-1.8623818912779096e-06,16.35,ASK
730,1712700330.719772,698432096.0341747,15.3,-5.27304313179499e-07,16.35,ASK
731,1712700330.8094933,698432096.9394034,15.3,-7.990140874805404e-11,16.35,ASK
732,1712700334.59171,698435341.3916947,15.29,-2.863765796922253e-07,16.35,ASK
733,1712700334.5979571,698448789.0824993,15.29,-1.1869811455591304e-06,16.35,ASK
734,1712700334.6040337,698461878.0877349,15.28,-1.1553212112485586e-06,16.35,ASK
735,1712700334.606745,698478208.7081773,15.28,-1.4414473713039468e-06,16.35,ASK
736,1712700334.609511,698478862.730414,15.29,-5.77282802694607e-08,16.35,ASK
737,1712700360.3521347,698478862.730414,15.29,-0.0,16.35,ASK
738,1712700362.749683,698485466.2302525,15.31,5.827709177120945e-07,16.35,BID
739,1712700362.7563405,698499019.6866518,15.31,1.1961172737503771e-06,16.35,BID
740,1712700390.3445292,698499019.6866518,15.31,0.0,16.35,BID
741,1712700420.50921,698499019.6866518,15.31,0.0,16.35,BID
742,1712700450.5391042,698499019.6866518,15.31,0.0,16.35,BID
743,1712700480.3340268,698499019.6866518,15.31,0.0,16.35,BID
744,1712700510.3597636,698499019.6866518,15.31,0.0,16.35,BID
745,1712700540.528803,698499019.6866518,15.31,0.0,16.35,BID
746,1712700546.969214,698570774.4159398,15.31,6.332313413524876e-06,16.35,BID
747,1712700546.9790378,698570774.4159408,15.31,8.416120757248699e-17,16.35,BID
748,1712700570.538758,698570774.4159408,15.31,0.0,16.35,BID
749,1712700600.3486235,698570774.4159408,15.31,0.0,16.35,BID
750,1712700627.6390028,698573535.9945449,15.3,-2.4372846195925804e-07,16.35,ASK
751,1712700627.6455164,698574035.9945449,15.31,-4.4128467246453934e-08,16.35,ASK
752,1712700630.3361204,698574035.9945449,15.31,-0.0,16.35,ASK
753,1712700633.0388253,698594192.9507825,15.31,1.7789833304417632e-06,16.35,BID
754,1712700645.3487954,698600724.629424,15.31,-5.764633948653429e-07,16.35,ASK
755,1712700660.528623,698600724.629424,15.31,-0.0,16.35,ASK
756,1712700663.628837,698601767.629424,15.3,-9.204825778682294e-08,16.35,ASK
757,1712700677.5187423,698601767.6381261,15.3,-7.67994792232839e-13,16.35,ASK
758,1712700677.5251968,698606767.629424,15.3,-4.412660478576668e-07,16.35,ASK
759,1712700677.5985143,698606767.6381261,15.3,-7.67994792232839e-13,16.35,ASK
760,1712700690.518554,698606767.6381261,15.3,-0.0,16.35,ASK
761,1712700700.3486686,698613553.3955742,15.3,5.988610299062919e-07,16.35,BID
762,1712700706.471492,698615187.3825023,15.3,1.4420366511860294e-07,16.35,BID
763,1712700720.353228,698615187.3825023,15.3,0.0,16.35,BID
764,1712700731.3486314,698645311.6251445,15.29,-2.6585138087764986e-06,16.35,ASK
765,1712700731.3585649,698778330.3825023,15.29,-1.1739123451592631e-05,16.35,ASK
766,1712700731.368909,698778330.4267094,15.29,-3.901348718486051e-12,16.35,ASK
767,1712700731.695516,698785675.7241634,15.28,-6.482345446154477e-07,16.35,ASK
768,1712700731.701673,698786960.3825023,15.28,-1.1337320490032441e-07,16.35,ASK
769,1712700733.0788567,698787938.9032737,15.28,-8.635606258391023e-08,16.35,ASK
770,1712700739.1388326,698790128.9757551,15.28,-1.932774876091813e-07,16.35,ASK
771,1712700739.143068,698835973.2932087,15.28,-4.045836187556136e-06,16.35,ASK
772,1712700750.3414478,698835973.2932087,15.28,-0.0,16.35,ASK
773,1712700762.3285773,698835973.2932091,15.28,-3.1551847457626185e-17,16.35,ASK
774,1712700776.718619,698852345.2643944,15.27,-1.4444230517231817e-06,16.35,ASK
775,1712700776.7250783,698866442.8413427,15.27,-1.243763801379923e-06,16.35,ASK
776,1712700776.858707,698875240.3089156,15.27,7.761597437034678e-07,16.35,BID
777,1712700776.8648703,698875240.3089159,15.27,2.103456497175079e-17,16.35,BID
778,1712700780.530084,698875240.3089159,15.27,0.0,16.35,BID
779,1712700791.8384936,698877203.6597012,15.28,1.732081670333319e-07,16.35,BID
780,1712700810.5283718,698877203.6597012,15.28,0.0,16.35,BID
781,1712700817.748414,698880744.1291522,15.27,-3.1234184212013306e-07,16.35,ASK
782,1712700840.3688831,698880744.1291522,15.27,-0.0,16.35,ASK
783,1712700870.32849,698880744.1291522,15.27,-0.0,16.35,ASK
784,1712700900.389385,698880744.1291522,15.27,-0.0,16.35,ASK
785,1712700901.0890114,698884527.371781,15.27,-3.341749540813587e-07,16.35,ASK
786,1712700911.089923,698885010.8420149,15.26,-4.2705070509764287e-08,16.35,ASK
787,1712700924.508902,698891767.5987716,15.26,-5.968263472452555e-07,16.35,ASK
788,1712700930.0290568,698908149.6658671,15.26,-1.4470328912318355e-06,16.35,ASK
789,1712700930.039007,698914015.5987716,15.26,-5.181396096751813e-07,16.35,ASK
790,1712700930.134479,698914016.2315451,15.26,-5.5893074342900076e-11,16.35,ASK
791,1712700930.3427122,698914016.2315451,15.26,-0.0,16.35,ASK
792,1712700939.2289789,698933269.4742159,15.26,1.7005684163846e-06,16.35,BID
793,1712700939.233175,698934241.7885568,15.26,8.588096495172185e-08,16.35,BID
794,1712700944.1790612,698939166.5919645,15.26,4.349898495123673e-07,16.35,BID
795,1712700945.8690066,698941882.0675333,15.26,2.39848012445523e-07,16.35,BID
796,1712700960.5188406,698941882.0675333,15.26,0.0,16.35,BID
797,1712700966.023953,698954750.0846218,15.26,-1.1365421368496596e-06,16.35,ASK
798,1712700990.539144,698954750.0846218,15.26,-0.0,16.35,ASK
799,1712700998.0392003,698955354.069825,15.26,-5.334487228390893e-08,16.35,ASK
800,1712701019.7696278,699052488.6011509,15.26,-8.579066407442766e-06,16.35,ASK
801,1712701019.776044,699056804.5020072,15.26,-3.8118678856429545e-07,16.35,ASK
802,1712701020.3594904,699056804.5020072,15.26,-0.0,16.35,ASK
803,1712701020.4136057,699344131.0698242,15.26,2.537362012433041e-05,16.35,BID
804,1712701020.4292982,699344131.069825,15.26,7.36910573892955e-17,16.35,BID
805,1712701050.3396237,699344131.069825,15.26,0.0,16.35,BID
806,1712701080.5596058,699344131.069825,15.26,0.0,16.35,BID
807,1712701091.5196135,699358875.517674,15.29,1.3015685175229592e-06,16.35,BID
808,1712701091.5696497,699358875.5176742,15.29,2.1046438614109534e-17,16.35,BID
809,1712701110.5193515,699358875.5176742,15.29,0.0,16.35,BID
810,1712701140.362952,699358875.5176742,15.29,0.0,16.35,BID
811,1712701170.34976,699358875.5176742,15.29,0.0,16.35,BID
812,1712701200.3746436,699358875.5176742,15.29,0.0,16.35,BID
813,1712701230.349862,699358875.5176742,15.29,0.0,16.35,BID
814,1712701260.5199225,699358875.5176742,15.29,0.0,16.35,BID
815,1712701267.480271,699365675.5176742,15.3,6.002865584445045e-07,16.35,BID
816,1712701286.5730488,699366329.1124455,15.33,5.769766997949712e-08,16.35,BID
817,1712701290.5399754,699366329.1124455,15.33,0.0,16.35,BID
818,1712701320.347547,699366329.1124455,15.33,0.0,16.35,BID
819,1712701350.3601992,699366329.1124455,15.33,0.0,16.35,BID
820,1712701374.55029,699371818.3811684,15.33,4.845736841224982e-07,16.35,BID
821,1712701380.5502193,699371818.3811684,15.33,0.0,16.35,BID
822,1712701383.2202132,699373109.0232077,15.33,-1.1393257528400964e-07,16.35,ASK
823,1712701410.5492296,699373109.0232077,15.33,-0.0,16.35,ASK
824,1712701440.3600647,699373109.0232077,15.33,-0.0,16.35,ASK
825,1712701470.350294,699373109.0232077,15.33,-0.0,16.35,ASK
826,1712701472.5903325,699373459.0232077,15.33,3.0896507697520594e-08,16.35,BID
827,1712701500.520295,699373459.0232077,15.33,0.0,16.35,BID
828,1712701530.5202007,699373459.0232077,15.33,0.0,16.35,BID
1029,1712701556.6606572,699374111.764722,15.32,5.763894783709592e-08,16.35,BID
829,1712701556.6606572,699374111.764722,15.32,5.7638947837095924e-08,16.35,BID
830,1712701560.3608344,699374111.764722,15.32,0.0,16.35,BID
831,1712701569.190375,699375415.6167125,15.32,1.1513376865772285e-07,16.35,BID
832,1712701572.760523,699388470.4469997,15.32,-1.152777938869095e-06,16.35,ASK
833,1712701590.340305,699388470.4469997,15.32,-0.0,16.35,ASK
834,1712701620.5105937,699388470.4469997,15.32,-0.0,16.35,ASK
835,1712701650.540372,699388470.4469997,15.32,-0.0,16.35,ASK
836,1712701680.361412,699388470.4469997,15.32,-0.0,16.35,ASK
837,1712701710.3437502,699388470.4469997,15.32,-0.0,16.35,ASK
838,1712701715.3710804,699404943.9456942,15.33,1.4546276424414953e-06,16.35,BID
839,1712701732.0376413,699405597.1135583,15.31,-5.7675424502651163e-08,16.35,ASK
840,1712701732.044676,699408856.2367941,15.31,-2.877840850238584e-07,16.35,ASK
841,1712701740.5305753,699408856.2367941,15.31,-0.0,16.35,ASK
842,1712701749.113319,699797543.8558418,15.33,3.432058771946169e-05,16.35,BID
843,1712701752.8806455,700147343.281804,15.33,3.088681320071031e-05,16.35,BID
844,1712701770.530666,700147343.281804,15.33,0.0,16.35,BID
845,1712701800.4206996,700147343.281804,15.33,0.0,16.35,BID
846,1712701811.2509785,700196056.5452758,15.34,4.310797366647026e-06,16.35,BID
847,1712701811.2582116,700212574.8538848,15.33,1.461759614901155e-06,16.35,BID
848,1712701822.860554,700212907.3180308,15.34,2.94208489231584e-08,16.35,BID
849,1712701830.3506486,700212907.3180308,15.34,0.0,16.35,BID
850,1712701860.571005,700212907.3180308,15.34,0.0,16.35,BID
851,1712701868.840692,700335196.2387595,15.34,1.0820787051416978e-05,16.35,BID
852,1712701890.5104537,700335196.2387595,15.34,0.0,16.35,BID
853,1712701920.3606763,700335196.2387595,15.34,0.0,16.35,BID
854,1712701950.3505323,700335196.2387595,15.34,0.0,16.35,BID
855,1712701980.330583,700335196.2387595,15.34,0.0,16.35,BID
856,1712702010.3438115,700335196.2387595,15.34,0.0,16.35,BID
857,1712702010.4232445,700348234.0484074,15.34,1.153464655477741e-06,16.35,BID
858,1712702020.0005777,700354824.6450075,15.32,-5.830749521557958e-07,16.35,ASK
859,1712702024.9207644,700450262.845073,15.34,8.443488095835312e-06,16.35,BID
860,1712702038.0807402,700456781.749897,15.34,5.767323277441438e-07,16.35,BID
861,1712702038.2406096,700489376.274017,15.34,2.8836616387101727e-06,16.35,BID
862,1712702040.510609,700489376.274017,15.34,0.0,16.35,BID
863,1712702070.5405438,700489376.274017,15.34,0.0,16.35,BID
864,1712702100.3709407,700489376.274017,15.34,0.0,16.35,BID
865,1712702130.343717,700489376.274017,15.34,0.0,16.35,BID
866,1712702160.5437803,700489376.274017,15.34,0.0,16.35,BID
867,1712702163.3009255,700495243.2883586,15.34,5.19368583642279e-07,16.35,BID
868,1712702190.5105152,700495243.2883586,15.34,0.0,16.35,BID
869,1712702212.3206089,700500347.7113752,15.34,4.518577383421981e-07,16.35,BID
870,1712702220.3607895,700500347.7113752,15.34,0.0,16.35,BID
871,1712702237.620775,700505347.7113752,15.34,4.426108541921385e-07,16.35,BID
872,1712702250.3506267,700505347.7113752,15.34,0.0,16.35,BID
873,1712702280.5768042,700505347.7113752,15.34,0.0,16.35,BID
874,1712702310.5207002,700505347.7113752,15.34,0.0,16.35,BID
875,1712702340.3604364,700505347.7113752,15.34,0.0,16.35,BID
876,1712702370.3606434,700505347.7113752,15.34,0.0,16.35,BID
877,1712702400.3905408,700505347.7113752,15.34,0.0,16.35,BID
878,1712702419.5754485,700508614.914151,15.33,-2.89265886568538e-07,16.35,ASK
879,1712702419.5799696,700522578.8802063,15.32,-1.2363172102595068e-06,16.35,ASK
880,1712702430.3338978,700522578.8802063,15.32,-0.0,16.35,ASK
881,1712702440.079921,700537431.8453614,15.34,1.314995120321505e-06,16.35,BID
882,1712702440.083387,700537431.8453621,15.34,6.332458162541745e-17,16.35,BID
883,1712702460.5304527,700537431.8453621,15.34,0.0,16.35,BID
884,1712702479.9305818,700537757.578261,15.35,2.883791404101644e-08,16.35,BID
885,1712702490.5243657,700537757.578261,15.35,0.0,16.35,BID
886,1712702520.3504727,700537757.578261,15.35,0.0,16.35,BID
887,1712702525.8306096,700539106.5033425,15.35,1.1942351679404314e-07,16.35,BID
888,1712702550.34385,700539106.5033425,15.35,0.0,16.35,BID
889,1712702552.8720372,700541712.3665347,15.35,2.3070278734431965e-07,16.35,BID
890,1712702567.1806974,700548227.0245152,15.35,5.767569683555222e-07,16.35,BID
891,1712702580.5405557,700548227.0245152,15.35,0.0,16.35,BID
892,1712702596.350938,700548878.4903132,15.35,5.7674981980459174e-08,16.35,BID
1092,1712702596.350938,700548878.4903132,15.35,5.767498198045917e-08,16.35,BID
893,1712702610.5203495,700548878.4903132,15.35,0.0,16.35,BID
894,1712702640.3239577,700548878.4903132,15.35,0.0,16.35,BID
895,1712702670.370885,700548878.4903132,15.35,0.0,16.35,BID
896,1712702683.0808816,700549529.9561112,15.35,5.767493092020991e-08,16.35,BID
897,1712702700.4004035,700549529.9561112,15.35,0.0,16.35,BID
898,1712702730.3742757,700549529.9561112,15.35,0.0,16.35,BID
899,1712702745.9507935,700552787.2851014,15.35,2.8856541865816937e-07,16.35,BID
900,1712702760.5439262,700552787.2851014,15.35,0.0,16.35,BID
901,1712702790.5306942,700552787.2851014,15.35,0.0,16.35,BID
902,1712702804.3907456,700553438.7508994,15.35,5.7712828091751496e-08,16.35,BID
903,1712702820.3362565,700553438.7508994,15.35,0.0,16.35,BID
904,1712702825.5306745,700720787.5993502,15.35,1.4825285986231829e-05,16.35,BID
905,1712702825.5383885,700748878.4903132,15.35,2.488547103784816e-06,16.35,BID
906,1712702850.3411906,700748878.4903132,15.35,0.0,16.35,BID
907,1712702880.5305574,700748878.4903132,15.35,0.0,16.35,BID
908,1712702910.5312572,700748878.4903132,15.35,0.0,16.35,BID
909,1712702940.38215,700748878.4903132,15.35,0.0,16.35,BID
910,1712702949.792307,700782920.4269994,15.35,3.014943690158335e-06,16.35,BID
911,1712702970.372686,700782920.4269994,15.35,0.0,16.35,BID
912,1712702983.3328311,700784223.3585956,15.35,1.153895455906233e-07,16.35,BID
913,1712703000.4460907,700784223.3585956,15.35,0.0,16.35,BID
914,1712703004.9937563,700931278.1313803,15.35,1.3023608848014616e-05,16.35,BID
915,1712703005.0013227,700944636.4223412,15.35,1.1830500503885935e-06,16.35,BID
916,1712703005.005993,700963285.3205913,15.36,1.6516019960218442e-06,16.35,BID
917,1712703005.009283,701109753.2707789,15.37,1.297163809029161e-05,16.35,BID
918,1712703010.8331726,701174815.0794972,15.37,5.762067640825987e-06,16.35,BID
919,1712703030.3534942,701174815.0794972,15.37,0.0,16.35,BID
920,1712703060.5040104,701174815.0794972,15.37,0.0,16.35,BID
921,1712703090.5346856,701174815.0794972,15.37,0.0,16.35,BID
922,1712703115.1548803,701177292.7958276,15.36,2.1931740050746842e-07,16.35,BID
923,1712703120.365003,701177292.7958276,15.36,0.0,16.35,BID
924,1712703122.5550923,701177618.316661,15.36,2.8813686865767832e-08,16.35,BID
925,1712703150.336172,701177618.316661,15.36,0.0,16.35,BID
926,1712703174.0458932,701191046.1079737,15.36,1.1885690969098443e-06,16.35,BID
927,1712703180.515719,701191046.1079737,15.36,0.0,16.35,BID
928,1712703196.1261315,701242657.4116968,15.36,4.568322468962857e-06,16.35,BID
929,1712703210.5364292,701242657.4116968,15.36,0.0,16.35,BID
930,1712703240.3575003,701242657.4116968,15.36,0.0,16.35,BID
931,1712703247.8804395,701249176.3165208,15.34,-5.769737964580042e-07,16.35,ASK
932,1712703247.8875847,701299176.3165199,15.34,-4.42538901872886e-06,16.35,ASK
933,1712703247.9566898,701299176.3165208,15.34,-8.440759694696936e-17,16.35,ASK
934,1712703269.9031725,701690194.2766603,15.32,-3.46081317392033e-05,16.35,ASK
935,1712703270.3958223,701690194.2766603,15.32,-0.0,16.35,ASK
936,1712703300.5072954,701690194.2766603,15.32,-0.0,16.35,ASK
937,1712703308.4983225,701814742.4886607,15.32,-1.1034270366922304e-05,16.35,ASK
938,1712703317.0681837,701822766.4140347,15.32,-7.108746128029836e-07,16.35,ASK
939,1712703317.07505,701822773.1301196,15.31,-5.950073045489011e-10,16.35,ASK
940,1712703317.0806465,701823123.1301196,15.3,-3.1008029472244315e-08,16.35,ASK
941,1712703317.0839355,701843615.8026272,15.32,-1.8155354088059043e-06,16.35,ASK
942,1712703317.0878122,702204694.2339998,15.3,-3.198951611941327e-05,16.35,ASK
943,1712703317.0911565,702665125.7380875,15.3,-4.0791638996287886e-05,16.35,ASK
944,1712703317.0944743,702669896.3873364,15.31,-4.226526643134916e-07,16.35,ASK
945,1712703317.0978298,702670909.4592317,15.3,-8.97524662538704e-08,16.35,ASK
946,1712703317.1476817,702678026.4344333,15.3,6.305239337275829e-07,16.35,BID
947,1712703317.1737292,702857622.9603603,15.3,1.591124105444423e-05,16.35,BID
948,1712703317.188559,702887492.6990298,15.3,2.64629067712156e-06,16.35,BID
949,1712703317.195938,703473880.3132958,15.3,5.195064121520095e-05,16.35,BID
950,1712703317.2012448,704454974.0930812,15.3,8.69193852532031e-05,16.35,BID
951,1712703317.2476594,704636436.2340732,15.32,1.607652404564057e-05,16.35,BID
952,1712703317.288226,704636436.2340733,15.32,1.0561271896445516e-17,16.35,BID
953,1712703330.5477798,704636436.2340733,15.32,0.0,16.35,BID
954,1712703360.362864,704636436.2340733,15.32,0.0,16.35,BID
955,1712703374.2584658,704669073.3097913,15.32,-2.8799580026458366e-06,16.35,ASK
956,1712703390.3580878,704669073.3097913,15.32,-0.0,16.35,ASK
957,1712703420.350026,704669073.3097913,15.32,-0.0,16.35,ASK
958,1712703447.99933,704671030.2569537,15.33,1.7267714296178708e-07,16.35,BID
959,1712703450.3488245,704671030.2569537,15.33,0.0,16.35,BID
960,1712703480.5292287,704671030.2569537,15.33,0.0,16.35,BID
961,1712703510.539291,704671030.2569537,15.33,0.0,16.35,BID
962,1712703540.383004,704671030.2569537,15.33,0.0,16.35,BID
963,1712703570.3325596,704671030.2569537,15.33,0.0,16.35,BID
964,1712703600.5824568,704671030.2569537,15.33,0.0,16.35,BID
965,1712703610.45012,704719314.0784894,15.32,4.2668545498541005e-06,16.35,BID
966,1712703630.3565068,704719314.0784894,15.32,0.0,16.35,BID
967,1712703660.5003762,704719314.0784894,15.32,0.0,16.35,BID
968,1712703677.7711256,704721526.0784894,15.3,-1.954622695718481e-07,16.35,ASK
969,1712703677.7789352,704733786.9516091,15.29,-1.0834258982420202e-06,16.35,ASK
970,1712703677.7849624,704734146.4287333,15.3,-3.176501562299425e-08,16.35,ASK
971,1712703677.7914217,704735454.4732068,15.29,-1.1558469325206313e-07,16.35,ASK
972,1712703677.7948706,704748534.9179419,15.29,-1.155846932615436e-06,16.35,ASK
973,1712703677.798371,705010470.8891649,15.29,-2.3145840604770896e-05,16.35,ASK
974,1712703677.8018906,705030078.7323022,15.3,-1.7326372156502968e-06,16.35,ASK
975,1712703677.8054235,705030406.022878,15.28,-2.8920867435556132e-08,16.35,ASK
1175,1712703677.8054235,705030406.022878,15.28,-2.892086743555613e-08,16.35,ASK
976,1712703677.8089693,705030761.3588781,15.29,-3.1399087268161155e-08,16.35,ASK
977,1712703677.8125532,705569342.5264095,15.28,-4.7591454500152593e-05,16.35,ASK
978,1712703677.816103,705571567.5264095,15.27,-1.966110080458237e-07,16.35,ASK
979,1712703677.819666,705995095.5985305,15.28,-3.742484548108713e-05,16.35,ASK
980,1712703677.823222,705997060.2350727,15.25,-1.736041218003633e-07,16.35,ASK
981,1712703677.8267667,711939860.9875953,15.27,-0.0005251326051995,16.35,ASK
982,1712703677.830345,712005391.787071,15.26,-5.790596199083229e-06,16.35,ASK
983,1712703677.8338923,712005751.970437,15.27,-3.182742232918878e-08,16.35,ASK
984,1712703677.8374553,712168751.970437,15.28,-1.4403413173694047e-05,16.35,ASK
985,1712703677.8410163,712175307.2853978,15.24,-5.792571157234452e-07,16.35,ASK
986,1712703677.844597,712175657.2853978,15.25,-3.092757429934305e-08,16.35,ASK
987,1712703677.8482118,712188729.1808225,15.27,-1.155091477089664e-06,16.35,ASK
988,1712703677.8518093,712328639.4543122,15.24,-1.2363101081698643e-05,16.35,ASK
989,1712703677.8554063,712347872.4607598,15.25,-1.69951495973274e-06,16.35,ASK
990,1712703677.8590133,712348199.9656713,15.27,-2.89398071003231e-08,16.35,ASK
991,1712703677.8626251,712348527.6851995,15.26,-2.8958771593419386e-08,16.35,ASK
992,1712703677.8662355,712535027.6851995,15.27,-1.647997887664994e-05,16.35,ASK
993,1712703677.8698292,712536340.0211575,15.24,-1.159639081339091e-07,16.35,ASK
994,1712703677.8734365,712537061.3326329,15.25,-6.37383264236668e-08,16.35,ASK
995,1712703690.530525,712537061.3326329,15.25,-0.0,16.35,ASK
996,1712703720.3612854,712537061.3326329,15.25,-0.0,16.35,ASK
997,1712703739.3009806,712537418.101763,15.29,3.119660824907279e-08,16.35,BID
998,1712703743.1519568,712537774.8708932,15.29,3.1196608259496695e-08,16.35,BID
999,1712703744.1814592,712538131.6400234,15.29,3.119660824907279e-08,16.35,BID
1000,1712703745.041118,712538488.4091535,15.29,3.119660824907279e-08,16.35,BID
1201,1712703746.651116,712538845.1782837,15.29,3.1196608259496695e-08,16.35,BID
1202,1712703747.6151206,712539201.9474138,15.29,3.119660824907279e-08,16.35,BID
1203,1712703748.5910602,712539558.7165439,15.29,3.119660824907279e-08,16.35,BID
1204,1712703749.6639032,712539915.4856741,15.29,3.1196608259496695e-08,16.35,BID
1205,1712703750.3610132,712539915.4856741,15.29,0.0,16.35,BID
1206,1712703751.681101,712540272.2548043,15.29,3.119648920423329e-08,16.35,BID
1207,1712703757.1610937,712540629.0239344,15.29,3.119648920423329e-08,16.35,BID
1208,1712703759.0711703,712540985.7930646,15.29,3.119648921465715e-08,16.35,BID
1209,1712703760.5210156,712541342.5621947,15.29,3.119648920423329e-08,16.35,BID
1210,1712703761.4012508,712541699.3313248,15.29,3.119648920423329e-08,16.35,BID
1211,1712703762.4810688,712542056.100455,15.29,3.119648921465715e-08,16.35,BID
1212,1712703765.091254,712542412.8695852,15.29,3.119648920423329e-08,16.35,BID
1213,1712703767.8610885,712542769.6387153,15.29,3.119648920423329e-08,16.35,BID
1214,1712703770.0512304,712543126.4078455,15.29,3.119648921465715e-08,16.35,BID
1215,1712703773.2210755,712543483.1769756,15.29,3.119648920423329e-08,16.35,BID
1216,1712703777.701567,712543839.9461057,15.29,3.119648920423329e-08,16.35,BID
1217,1712703780.5310824,712543839.9461057,15.29,0.0,16.35,BID
1218,1712703791.771309,712544196.715236,15.29,3.1196325529486256e-08,16.35,BID
1219,1712703810.5311248,712544196.715236,15.29,0.0,16.35,BID
1220,1712703840.393817,712544196.715236,15.29,0.0,16.35,BID
1221,1712703853.6316493,712548386.0575061,15.29,3.663209952899648e-07,16.35,BID
1222,1712703855.2108712,712795536.1373649,15.29,2.161109248228745e-05,16.35,BID
1223,1712703855.38204,712810040.6678209,15.29,-1.2682931329713048e-06,16.35,ASK
1224,1712703855.4818785,712875398.974445,15.29,-5.715006888709989e-06,16.35,ASK
1225,1712703855.5015574,712875398.9744452,15.29,-2.084759982842625e-17,16.35,ASK
1226,1712703870.3496013,712875398.9744452,15.29,-0.0,16.35,ASK
1227,1712703871.3317297,712876052.5692165,15.3,5.7125796553713464e-08,16.35,BID
1228,1712703895.855398,712924249.6842355,15.3,4.212546838029685e-06,16.35,BID
1229,1712703895.8582218,712931049.6842355,15.3,5.943367873228712e-07,16.35,BID
1230,1712703895.9744952,713006771.5234649,15.3,-6.618275684973369e-06,16.35,ASK
1231,1712703900.5516849,713006771.5234649,15.3,-0.0,16.35,ASK
1232,1712703902.7518888,713007147.1645366,15.27,-3.2926406089095495e-08,16.35,ASK
1233,1712703918.2921154,713072635.0492777,15.27,-5.740268701909131e-06,16.35,ASK
1234,1712703930.1782017,713072635.049278,15.27,-3.1347478537020817e-17,16.35,ASK
1235,1712703930.1802542,713236776.7323157,15.27,-1.4387659176122011e-05,16.35,ASK
1236,1712703930.2165253,713236776.7323166,15.27,-8.359327609872216e-17,16.35,ASK
1237,1712703930.5318203,713236776.7323166,15.27,-0.0,16.35,ASK
1238,1712703960.3943934,713236776.7323166,15.27,-0.0,16.35,ASK
1239,1712703990.331037,713236776.7323166,15.27,-0.0,16.35,ASK
1240,1712704020.5128706,713236776.7323166,15.27,-0.0,16.35,ASK
1241,1712704028.3425472,713237133.7349344,15.28,3.1283042182669104e-08,16.35,BID
1242,1712704029.1824791,713237490.7375522,15.28,3.128304217222316e-08,16.35,BID
1243,1712704032.792488,713237935.6982852,15.28,3.899054148734244e-08,16.35,BID
1244,1712704033.8225431,713238262.923416,15.28,2.8673732512058905e-08,16.35,BID
1245,1712704035.702416,713238923.9181805,15.28,5.792093969525089e-08,16.35,BID
1246,1712704039.8671255,713239302.1904317,15.28,3.314683478811848e-08,16.35,BID
1247,1712704043.692501,713239747.0857197,15.28,3.8984806737392856e-08,16.35,BID
1248,1712704046.6528475,713240401.5359815,15.28,5.73474650450097e-08,16.35,BID
1249,1712704050.6068797,713240401.5359815,15.28,0.0,16.35,BID
1250,1712704054.142454,713241055.9862432,15.28,5.7347186706153174e-08,16.35,BID
1251,1712704057.2927616,713242039.5928006,15.25,-8.619000127417818e-08,16.35,ASK
1252,1712704057.2957046,713291575.9946693,15.25,-4.340701582552395e-06,16.35,ASK
1253,1712704058.5927036,713292230.444931,15.28,5.7347186706153174e-08,16.35,BID
1254,1712704068.132436,713292884.8951929,15.28,5.7347186716599055e-08,16.35,BID
1255,1712704080.3643286,713292884.8951929,15.28,0.0,16.35,BID
1256,1712704110.3728073,713292884.8951929,15.28,0.0,16.35,BID
1257,1712704140.4329977,713292884.8951929,15.28,0.0,16.35,BID
1258,1712704170.3647656,713292884.8951929,15.28,0.0,16.35,BID
1259,1712704191.13363,713336272.800837,15.24,-3.8016637256848274e-06,16.35,ASK
1260,1712704191.1366124,713336600.9504434,15.24,-2.8752585231429614e-08,16.35,ASK
1261,1712704191.1394863,713394847.0707201,15.23,-5.103545776874274e-06,16.35,ASK
1262,1712704191.14242,713395203.51072,15.24,-3.1231399580801295e-08,16.35,ASK
1263,1712704191.1452086,713395203.5107203,15.25,-2.089032070671852e-17,16.35,ASK
1264,1712704191.1465058,713397428.5107203,15.24,-1.9495529143577586e-07,16.35,ASK
1265,1712704200.3960338,713397428.5107203,15.24,-0.0,16.35,ASK
1266,1712704201.5533648,713398103.0585577,15.26,-5.912572750070653e-08,16.35,ASK
1267,1712704230.383304,713398103.0585577,15.26,-0.0,16.35,ASK
1268,1712704242.8132188,713398656.3962541,15.27,4.850132564484583e-08,16.35,BID
1269,1712704243.6532123,713399209.7339504,15.27,4.850132564484583e-08,16.35,BID
1270,1712704249.7335029,713399542.1946834,15.27,2.914095024700868e-08,16.35,BID
1271,1712704250.4932811,713399874.6554164,15.27,2.9140950236559706e-08,16.35,BID
1272,1712704251.2834437,713400207.1161493,15.27,2.9140950236559706e-08,16.35,BID
1273,1712704252.0432446,713400539.5768824,15.27,2.914095024700868e-08,16.35,BID
1274,1712704252.7836692,713400872.0376153,15.27,2.9140950236559706e-08,16.35,BID
1275,1712704253.7034264,713401204.4983482,15.27,2.9140950236559706e-08,16.35,BID
1276,1712704260.533331,713401204.4983482,15.27,0.0,16.35,BID
1277,1712704270.06354,713415471.3722627,15.27,1.250519221553376e-06,16.35,BID
1278,1712704270.0665166,713439986.4236921,15.27,2.148791894677637e-06,16.35,BID
1279,1712704277.0775256,713442986.4236921,15.24,-2.629558295074349e-07,16.35,ASK
1280,1712704286.0187526,713473586.9424988,15.23,-2.682194935390864e-06,16.35,ASK
1281,1712704290.473698,713773586.9424988,15.22,-2.629558295074349e-05,16.35,ASK
1282,1712704290.4751797,713785068.6684843,15.23,-1.0063955935671108e-06,16.35,ASK
1283,1712704290.476583,713786068.6684843,15.22,-8.765194316914496e-08,16.35,ASK
1284,1712704290.477981,713794351.662575,15.23,-7.260205273063233e-07,16.35,ASK
1285,1712704290.4799533,713847231.5784999,15.22,-4.6350273854390885e-06,16.35,ASK
1286,1712704290.54292,713847231.5784999,15.22,-0.0,16.35,ASK
1287,1712704304.30369,713899244.4736394,15.22,-4.556319191647153e-06,16.35,ASK
1288,1712704304.3062904,713934603.33184,15.22,-3.0974288930174987e-06,16.35,ASK
1289,1712704306.5835395,713934931.8564302,15.23,2.877868826461269e-08,16.35,BID
1290,1712704320.3578854,713934931.8564302,15.23,0.0,16.35,BID
1291,1712704330.8735378,713935309.2334794,15.25,3.305428890684005e-08,16.35,BID
1292,1712704331.8235283,713935686.6105286,15.25,3.305428890684005e-08,16.35,BID
1293,1712704332.6837783,713936063.9875778,15.25,3.305428890684005e-08,16.35,BID
1294,1712704335.333515,713936509.8236433,15.25,3.905058388177936e-08,16.35,BID
1295,1712704337.5237098,713936955.6597089,15.25,3.905058388177936e-08,16.35,BID
1296,1712704342.143483,713937401.4957745,15.25,3.905058389222085e-08,16.35,BID
1297,1712704350.3676538,713937401.4957745,15.25,0.0,16.35,BID
1298,1712704353.0336907,713962665.1730293,15.22,-2.212827022350244e-06,16.35,ASK
1299,1712704353.043522,713986911.9171952,15.22,-2.123754596497833e-06,16.35,ASK
1300,1712704353.0460796,713991911.9171952,15.22,-4.379463448715019e-07,16.35,ASK
1301,1712704365.8539732,714000589.7419735,15.22,-7.600843286199792e-07,16.35,ASK
1302,1712704366.5135837,714000967.1190227,15.25,3.3054179867779914e-08,16.35,BID
1303,1712704367.2736316,714001344.4960718,15.25,3.305417985733846e-08,16.35,BID
1304,1712704368.1737182,714001721.873121,15.25,3.3054179867779914e-08,16.35,BID
1305,1712704369.423709,714002099.2501702,15.25,3.3054179867779914e-08,16.35,BID
1306,1712704370.103929,714002476.6272194,15.25,3.3054179867779914e-08,16.35,BID
1307,1712704370.9576614,714002854.0042685,15.25,3.305417985733846e-08,16.35,BID
1308,1712704372.533904,714003231.3813177,15.25,3.3054179867779914e-08,16.35,BID
1309,1712704373.279431,714003608.758367,15.25,3.3054179867779914e-08,16.35,BID
1310,1712704374.3041475,714003986.1354162,15.25,3.3054179867779914e-08,16.35,BID
1311,1712704376.3744032,714004363.5124652,15.25,3.305417985733846e-08,16.35,BID
1312,1712704380.54352,714004363.5124652,15.25,0.0,16.35,BID
1313,1712704381.2238216,714005025.8075472,15.25,5.8004763551449706e-08,16.35,BID
1314,1712704381.9938643,714005688.1026292,15.25,5.8004763551449706e-08,16.35,BID
1315,1712704382.693993,714006350.3977112,15.25,5.8004763551449706e-08,16.35,BID
1316,1712704387.45496,714007012.6927931,15.25,5.8004763551449706e-08,16.35,BID
1317,1712704408.3138118,714013570.0698423,15.25,5.743045896156263e-07,16.35,BID
1318,1712704409.693935,714022247.8946207,15.22,-7.600164762022697e-07,16.35,ASK
1319,1712704410.5435903,714022247.8946207,15.22,-0.0,16.35,ASK
1320,1712704423.2038238,714022625.2716699,15.24,3.3050440422683975e-08,16.35,BID
1321,1712704424.513543,714023002.648719,15.24,3.30504404122437e-08,16.35,BID
1322,1712704425.794273,714023380.0257682,15.24,3.3050440422683975e-08,16.35,BID
1323,1712704440.3843403,714023380.0257682,15.24,0.0,16.35,BID
1324,1712704470.2139566,714041043.56243,15.23,1.546958897426442e-06,16.35,BID
1325,1712704470.35751,714041043.56243,15.23,0.0,16.35,BID
1326,1712704478.3672292,714041544.8786035,15.22,-4.39038488670551e-08,16.35,ASK
1327,1712704484.5641005,714154082.2554889,15.22,-9.855704340885344e-06,16.35,ASK
1328,1712704484.5675633,714174076.8009282,15.22,-1.751065590247424e-06,16.35,ASK
1329,1712704500.3941271,714174076.8009282,15.22,-0.0,16.35,ASK
1330,1712704504.014174,714183520.4248854,15.22,-8.274087285120916e-07,16.35,ASK
1331,1712704508.4550245,714188822.4692947,15.22,-4.645417736978111e-07,16.35,ASK
1332,1712704520.8847826,714239779.8232672,15.22,-4.464658869312293e-06,16.35,ASK
1333,1712704520.8875518,714307326.8848295,15.21,-5.9181759646023615e-06,16.35,ASK
1334,1712704520.890208,714379600.2094024,15.22,-6.332270308677549e-06,16.35,ASK
1335,1712704520.8929894,714394586.1754187,15.21,-1.3130043236917226e-06,16.35,ASK
1336,1712704528.3874197,714394914.972263,15.21,-2.8807731022425792e-08,16.35,ASK
1337,1712704528.3924966,714397557.8745648,15.21,-2.315594567323978e-07,16.35,ASK
1338,1712704528.3940933,714543032.5912311,15.21,-1.2745853805024717e-05,16.35,ASK
1339,1712704530.3742378,714543032.5912311,15.21,-0.0,16.35,ASK
1340,1712704534.5945554,714861491.7544941,15.21,2.788827340225231e-05,16.35,BID
1341,1712704534.598231,715056991.7544941,15.22,1.7120428862140427e-05,16.35,BID
1342,1712704534.694411,715075333.2303016,15.22,-1.606209369768735e-06,16.35,ASK
1343,1712704551.8343294,715089295.247087,15.23,1.2226890800315297e-06,16.35,BID
1344,1712704551.837979,715110037.0869912,15.23,1.816415317389132e-06,16.35,BID
1345,1712704551.9946277,715110037.0869919,15.23,-6.2636751758377e-17,16.35,ASK
1346,1712704551.998322,715120205.8694909,15.23,-8.905059712938622e-07,16.35,ASK
1347,1712704556.1441052,715130061.3228418,15.22,-8.630669462826312e-07,16.35,ASK
1348,1712704558.358106,715130562.9688286,15.22,-4.393040629621133e-08,16.35,ASK
1349,1712704560.5241113,715130562.9688286,15.22,-0.0,16.35,ASK
1350,1712704590.5441482,715130562.9688286,15.22,-0.0,16.35,ASK
1351,1712704607.1746123,715143889.9688286,15.22,-1.1661661198818347e-06,16.35,ASK
1352,1712704620.364358,715143889.9688286,15.22,-0.0,16.35,ASK
1353,1712704621.1446104,715573450.5655059,15.22,-3.758761335997012e-05,16.35,ASK
1354,1712704621.1485302,715574515.2105805,15.22,-9.315907403850361e-08,16.35,ASK
1355,1712704621.8848176,715574515.2105814,15.22,-8.344885856311582e-17,16.35,ASK
1356,1712704629.196599,715581089.8325406,15.21,-5.75295662829102e-07,16.35,ASK
1357,1712704629.1983516,715891126.8901604,15.21,-2.7129008431447544e-05,16.35,ASK
1358,1712704632.3442042,716423666.7430575,15.21,-4.659855267057188e-05,16.35,ASK
1359,1712704636.5244443,716423666.7430581,15.21,-5.2155536601947405e-17,16.35,ASK
1360,1712704644.3983605,716428666.7430581,15.21,4.375123515833888e-07,16.35,BID
1361,1712704650.37521,716428666.7430581,15.21,0.0,16.35,BID
1362,1712704654.0244591,716429002.2693739,15.2,-2.9309253803216346e-08,16.35,ASK
1363,1712704654.026302,716442212.7430581,15.2,-1.1539754344988742e-06,16.35,ASK
1364,1712704656.3547115,716447212.7430581,15.21,4.3676535076852594e-07,16.35,BID
1365,1712704670.0847008,716447689.8145853,15.2,-4.16736625875634e-08,16.35,ASK
1366,1712704680.5358336,716447689.8145853,15.2,-0.0,16.35,ASK
1367,1712704684.1781487,716479840.4559036,15.2,-2.808386279516799e-06,16.35,ASK
1368,1712704685.2981918,716481340.4559036,15.2,-1.3102629516987694e-07,16.35,ASK
1369,1712704691.1800604,716494498.3506404,15.2,-1.1493534663958523e-06,16.35,ASK
1370,1712704691.1849556,716796951.1198117,15.2,-2.641951053891818e-05,16.35,ASK
1371,1712704691.4950604,716824148.9354882,15.2,-2.3757526832094392e-06,16.35,ASK
1372,1712704691.505065,716826779.527593,15.2,-2.297844917294016e-07,16.35,ASK
1373,1712704691.5080006,717073030.5125972,15.2,-2.1510236164687665e-05,16.35,ASK
1374,1712704708.530227,717073687.9747931,15.21,5.7429890493016854e-08,16.35,BID
1375,1712704710.5446188,717073687.9747931,15.21,0.0,16.35,BID
1376,1712704723.2588186,717080521.7702557,15.21,5.9644219593685e-07,16.35,BID
1377,1712704734.5447855,717082263.5190442,15.21,1.5201691034698545e-07,16.35,BID
1378,1712704740.3247702,717082263.5190442,15.21,0.0,16.35,BID
1379,1712704743.4147916,717082621.3230554,15.21,-3.1228177942935063e-08,16.35,ASK
1380,1712704745.48482,717086535.5806112,15.22,3.416259394342547e-07,16.35,BID
1381,1712704770.3909335,717086535.5806112,15.22,0.0,16.35,BID
1382,1712704781.0147238,717139029.0189314,15.24,4.5814610211553146e-06,16.35,BID
1383,1712704800.3790548,717139029.0189314,15.24,0.0,16.35,BID
1384,1712704818.1852105,717142553.9761957,15.21,-3.0771204617805337e-07,16.35,ASK
1385,1712704818.1947446,717162606.8420733,15.21,-1.75052005691682e-06,16.35,ASK
1386,1712704822.9719183,717162606.842074,15.21,-6.243843257205125e-17,16.35,ASK
1387,1712704822.9749863,717174767.5258343,15.21,-1.0615699999246144e-06,16.35,ASK
1388,1712704827.205795,717174767.5258347,15.21,-3.1219216286025624e-17,16.35,ASK
1389,1712704827.208922,717194504.3679394,15.2,-1.7229326808082844e-06,16.35,ASK
1390,1712704830.356315,717194504.3679394,15.2,-0.0,16.35,ASK
1391,1712704839.195146,717198504.3679388,15.2,-3.4915531120405386e-07,16.35,ASK
1392,1712704839.1989498,717198504.3679394,15.2,-5.2028195747149296e-17,16.35,ASK
1393,1712704846.1357148,717199304.3679394,15.2,-6.98310622512164e-08,16.35,ASK
1394,1712704860.5550344,717199304.3679394,15.2,-0.0,16.35,ASK
1395,1712704890.5451214,717199304.3679394,15.2,-0.0,16.35,ASK
1396,1712704920.3388398,717232220.7603028,15.19,-2.873215006933472e-06,16.35,ASK
1397,1712704920.3407,717232892.1493742,15.19,-5.8604391827770864e-08,16.35,ASK
1398,1712704920.3424833,717243286.9526374,15.19,-9.07344413693814e-07,16.35,ASK
1399,1712704920.3442876,717243486.952638,15.2,-1.7457654434138613e-08,16.35,ASK
1400,1712704920.3460655,717250399.4608672,15.19,-6.033808978888043e-07,16.35,ASK
1401,1712704920.351556,717251399.4608672,15.18,-8.728827191055377e-08,16.35,ASK
1402,1712704920.3533475,717253384.9009731,15.19,-1.7330563582723326e-07,16.35,ASK
1403,1712704920.3551571,717273147.7468228,15.18,-1.7250646622595484e-06,16.35,ASK
1404,1712704920.356946,717396304.9305745,15.19,-1.0750177743056624e-05,16.35,ASK
1405,1712704920.3587224,717396641.2942109,15.18,-2.936060055267768e-08,16.35,ASK
1406,1712704920.360535,717401641.2942109,15.19,-4.364413595527689e-07,16.35,ASK
1407,1712704920.362326,717410396.7619317,15.18,-7.642496471126399e-07,16.35,ASK
1408,1712704920.364174,717434140.89107,15.17,-2.0725840005076394e-06,16.35,ASK
1409,1712704920.3659809,717606617.175655,15.18,-1.505515682697745e-05,16.35,ASK
1410,1712704920.367802,717935781.099289,15.19,-2.87321500693035e-05,16.35,ASK
1411,1712704920.3696003,718436214.6577128,15.18,-4.368198052086934e-05,16.35,ASK
1412,1712704920.3714347,718614927.907548,15.17,-1.5599570745627864e-05,16.35,ASK
1413,1712704920.3767045,718621524.2136166,15.16,-5.757801577263277e-07,16.35,ASK
1414,1712704920.3789496,718970897.9776245,15.17,-3.049623211113748e-05,16.35,ASK
1415,1712704920.380756,718971227.858891,15.16,-2.8794765686243534e-08,16.35,ASK
1416,1712704920.3825755,719105176.5075396,15.17,-1.169214606529194e-05,16.35,ASK
1417,1712704920.3844273,720222774.2076836,15.16,-9.755317193677316e-05,16.35,ASK
1418,1712704920.3862736,720235958.1233065,15.17,-1.1508012117418225e-06,16.35,ASK
1419,1712704920.388152,720462170.0173595,15.16,-1.97456453174981e-05,16.35,ASK
1420,1712704920.3899894,720465465.9962652,15.17,-2.877003029302528e-07,16.35,ASK
1421,1712704920.3918672,720537622.2309781,15.16,-6.298393035666445e-06,16.35,ASK
1422,1712704920.4020865,720537622.2309781,15.16,-0.0,16.35,ASK
1423,1712704920.5595367,720559872.2309781,15.16,-1.933616036428676e-06,16.35,ASK
1424,1712704936.514997,720618432.4664139,15.17,-5.089124060024954e-06,16.35,ASK
1425,1712704936.5192397,720655310.4310436,15.16,-3.20484601343692e-06,16.35,ASK
1426,1712704950.3549397,720655310.4310436,15.16,-0.0,16.35,ASK
1427,1712704958.0350702,720655970.4970503,15.15,-5.7353541058169823e-08,16.35,ASK
1428,1712704958.039225,720675759.415256,15.16,-1.7194712670507043e-06,16.35,ASK
1429,1712704958.0433044,720849963.2448214,15.16,-1.513667783320556e-05,16.35,ASK
1430,1712704958.0468285,720884949.3607496,15.15,-3.039965118798411e-06,16.35,ASK
1431,1712704958.048673,720920042.5005913,15.17,-3.049264492429752e-06,16.35,ASK
1432,1712704958.0504994,721128392.4015814,15.15,-1.8103650968727794e-05,16.35,ASK
1433,1712704958.0523353,721133392.4015814,15.17,-4.344530734762753e-07,16.35,ASK
1434,1712704958.054212,721314941.0379038,15.15,-1.577487260713683e-05,16.35,ASK
1435,1712704980.5535028,721314941.0379038,15.15,-0.0,16.35,ASK
1436,1712704997.3233244,721318241.3679368,15.17,-2.865188432472657e-07,16.35,ASK
1437,1712705010.6718326,721318241.3679368,15.17,-0.0,16.35,ASK
1438,1712705017.092749,721323241.3679368,15.17,-4.340741608122696e-07,16.35,ASK
1439,1712705017.172877,721349587.0655553,15.17,2.2871973169514928e-06,16.35,BID
1440,1712705017.2729146,721351244.6682669,15.17,1.4390450119596592e-07,16.35,BID
1441,1712705031.9223733,721441826.7281617,15.18,7.863866326696425e-06,16.35,BID
1442,1712705031.9245212,721483083.8244963,15.19,3.58172789379646e-06,16.35,BID
1443,1712705040.372396,721483083.8244963,15.19,0.0,16.35,BID
1444,1712705062.1919596,721487095.7871833,15.17,-3.482222178989427e-07,16.35,ASK
1445,1712705065.4020417,721497095.7871833,15.19,8.679597620036252e-07,16.35,BID
1446,1712705070.3514905,721497095.7871833,15.19,0.0,16.35,BID
1447,1712705100.5509343,721497095.7871833,15.19,0.0,16.35,BID
1448,1712705113.600943,721498083.8244963,15.17,-8.581047289871338e-08,16.35,ASK
1449,1712705113.60475,721508441.5484953,15.17,-8.995623776857576e-07,16.35,ASK
1450,1712705130.550327,721508441.5484953,15.17,-0.0,16.35,ASK
1451,1712705132.850737,721510419.1358387,15.18,1.7174975710821746e-07,16.35,BID
1452,1712705133.11507,721510419.1358397,15.17,-8.282482831681756e-17,16.35,ASK
1453,1712705133.1171105,721523330.6916813,15.17,-1.1213444437829326e-06,16.35,ASK
1454,1712705133.370412,721576251.9205662,15.17,-4.596109616569153e-06,16.35,ASK
1455,1712705133.450493,721576251.9205664,15.17,-2.070620707920439e-17,16.35,ASK
1456,1712705133.4538944,721584116.2345506,15.16,-6.830009410568738e-07,16.35,ASK
1457,1712705133.457265,721587298.978614,15.16,-2.764153611884711e-07,16.35,ASK
1458,1712705133.4606423,721589276.5659562,15.16,-1.7174975700468645e-07,16.35,ASK
1459,1712705135.720269,721589276.5659574,15.16,-1.0353103539602192e-16,16.35,ASK
1460,1712705160.3716524,721589276.5659574,15.16,-0.0,16.35,ASK
1461,1712705162.4405477,721591256.7639772,15.15,-1.7195817772847625e-07,16.35,ASK
1462,1712705162.445292,721591619.8002808,15.15,-3.1525665918612654e-08,16.35,ASK
1463,1712705162.4495816,721927438.5739374,15.15,-2.9162126105194964e-05,16.35,ASK
1464,1712705162.453884,721940639.8940694,15.15,-1.1463878515576816e-06,16.35,ASK
1465,1712705162.5201182,721940639.8940694,15.15,-0.0,16.35,ASK
1466,1712705165.8097024,721947236.200138,15.16,5.728158295161792e-07,16.35,BID
1467,1712705176.0098276,722012236.200138,15.14,-5.644527184105453e-06,16.35,ASK
1468,1712705176.013194,722113857.029014,15.14,-8.824638939415615e-06,16.35,ASK
1469,1712705176.1101103,722115838.5349585,15.14,-1.720717564483508e-07,16.35,ASK
1470,1712705176.1133864,722124674.5092525,15.14,-7.673061092448454e-07,16.35,ASK
1471,1712705177.4397311,722125004.8262935,15.14,-2.8684361797656425e-08,16.35,ASK
1472,1712705177.442468,722155174.5092525,15.14,-2.619901470744133e-06,16.35,ASK
1473,1712705177.6402943,722174989.5686967,15.14,-1.7207175644213956e-06,16.35,ASK
1474,1712705177.6436558,722187693.0033075,15.14,-1.1031520306421574e-06,16.35,ASK
1475,1712705179.9096394,722187693.0033084,15.14,-8.281600928828098e-17,16.35,ASK
1476,1712705180.8895335,722188960.3008207,15.15,1.1005069628440425e-07,16.35,BID
1477,1712705180.8918445,722190994.6761634,15.14,1.766628757645346e-07,16.35,BID
1478,1712705181.8594527,722192314.8081766,15.15,1.146387851557682e-07,16.35,BID
1479,1712705189.2994626,722198915.4682426,15.15,5.731939257788408e-07,16.35,BID
1480,1712705190.369983,722198915.4682426,15.15,0.0,16.35,BID
1481,1712705214.3090763,722200899.5952268,15.14,-1.7216131848724746e-07,16.35,ASK
1482,1712705220.518665,722200899.5952268,15.14,-0.0,16.35,ASK
1483,1712705227.0589657,722202220.5991898,15.15,1.1462229636877249e-07,16.35,BID
1484,1712705234.9749763,722204204.7261739,15.14,-1.721608697460906e-07,16.35,ASK
1485,1712705250.5381453,722204204.7261739,15.14,-0.0,16.35,ASK
1486,1712705252.6989872,722209204.7261739,15.14,-4.338435075606394e-07,16.35,ASK
1487,1712705252.7034862,722214204.7261736,15.14,-4.338435075399521e-07,16.35,ASK
1488,1712705252.7080405,722214859.9860759,15.14,-5.68560508702285e-08,16.35,ASK
1489,1712705262.2083962,722215454.9662608,15.15,5.162565807031911e-08,16.35,BID
1490,1712705267.688346,722215834.8342476,15.15,3.296065196051345e-08,16.35,BID
1491,1712705268.7684596,722216214.7022344,15.15,3.296065196051345e-08,16.35,BID
1492,1712705269.517998,722216594.5702212,15.15,3.296065196051345e-08,16.35,BID
1493,1712705270.219485,722216974.438208,15.15,3.296065196051345e-08,16.35,BID
1494,1712705276.118013,722216974.4382082,15.14,-2.0687270525009124e-17,16.35,ASK
1495,1712705276.1282644,722218958.5651921,15.14,-1.7216012202652877e-07,16.35,ASK
1496,1712705277.4081595,722221974.4382082,15.14,-2.616833855341106e-07,16.35,ASK
1497,1712705277.4118946,722263606.3074281,15.14,-3.612343233733376e-06,16.35,ASK
1498,1712705277.8479934,722263986.1754149,15.15,3.296065196051345e-08,16.35,BID
1499,1712705280.337752,722263986.1754149,15.15,0.0,16.35,BID
1500,1712705281.7080235,722264434.9542928,15.15,3.893690255874813e-08,16.35,BID
1501,1712705285.808468,722264434.9542935,15.14,-6.20569378870298e-17,16.35,ASK
1502,1712705285.812158,722277623.0199027,15.13,-1.1442214660804655e-06,16.35,ASK
1503,1712705287.8380065,722278071.7987807,15.15,3.893690256909095e-08,16.35,BID
1504,1712705288.2177484,722279391.9307939,15.15,1.145371453497902e-07,16.35,BID
1505,1712705304.558226,722282813.2505118,15.13,-2.968401568150696e-07,16.35,ASK
1506,1712705304.5631049,722284465.6629374,15.13,-1.4336642114601425e-07,16.35,ASK
1507,1712705304.567741,722286779.0138958,15.13,-2.007106958331276e-07,16.35,ASK
1508,1712705304.572289,722335425.7163942,15.13,-4.22067973439865e-06,16.35,ASK
1509,1712705306.7204766,722336218.8426335,15.13,6.881312962867312e-08,16.35,BID
1510,1712705310.348316,722336218.8426335,15.13,0.0,16.35,BID
1511,1712705321.8672051,722402312.6959051,15.13,5.733883757810962e-06,16.35,BID
1512,1712705332.727195,722464856.9070992,15.13,5.425939311445109e-06,16.35,BID
1513,1712705340.5170555,722464856.9070992,15.13,0.0,16.35,BID
1514,1712705348.0302403,722465516.9731059,15.15,5.7253475606354e-08,16.35,BID
1515,1712705370.5266547,722465516.9731059,15.15,0.0,16.35,BID
1516,1712705400.450262,722465516.9731059,15.15,0.0,16.35,BID
1517,1712705430.402135,722465516.9731059,15.15,0.0,16.35,BID
1518,1712705460.545631,722465516.9731059,15.15,0.0,16.35,BID
1519,1712705461.9259863,722467516.9731059,15.14,-1.7369196354420677e-07,16.35,ASK
1520,1712705466.685698,722496264.0877851,15.14,2.4965713974318744e-06,16.35,BID
1521,1712705468.335758,722551885.9684228,15.15,4.83053683198709e-06,16.35,BID
1522,1712705468.435591,722568463.3893336,15.15,1.4396823942508848e-06,16.35,BID
1523,1712705470.2762084,722570446.2049319,15.15,-1.721995673030127e-07,16.35,ASK
1524,1712705490.525143,722570446.2049319,15.15,-0.0,16.35,ASK
1525,1712705508.5076509,722572431.6450377,15.13,-1.72403698280597e-07,16.35,ASK
1526,1712705520.4210176,722572431.6450377,15.13,-0.0,16.35,ASK
1527,1712705521.2655816,722573995.8470093,15.13,-1.358255535124783e-07,16.35,ASK
1528,1712705521.270442,722612087.6450377,15.13,-3.3076544111679594e-06,16.35,ASK
1529,1712705521.8992786,722653723.5292377,15.13,-3.615400773017597e-06,16.35,ASK
1530,1712705523.8553655,722689823.180012,15.13,-3.134668755624818e-06,16.35,ASK
1531,1712705543.0556264,722709651.3359934,15.13,-1.7217535267950223e-06,16.35,ASK
1532,1712705543.0594602,722716733.4841392,15.13,-6.149696199047645e-07,16.35,ASK
1533,1712705543.063256,722719565.180012,15.13,-2.458868268105412e-07,16.35,ASK
1534,1712705547.3449678,722732479.4232373,15.13,-1.1213924199479234e-06,16.35,ASK
1535,1712705547.3546064,722746673.180012,15.13,-1.2324974046071832e-06,16.35,ASK
1536,1712705548.474995,722748659.9349788,15.13,-1.725174229144319e-07,16.35,ASK
1537,1712705550.3586645,722748659.9349788,15.13,-0.0,16.35,ASK
1538,1712705554.4750755,722749159.9349788,15.14,-4.3406834877029335e-08,16.35,ASK
1539,1712705559.534761,722756038.8796073,15.13,-5.971864272330665e-07,16.35,ASK
1540,1712705580.5142844,722756038.8796073,15.13,-0.0,16.35,ASK
1541,1712705591.9948792,722756369.1305981,15.14,2.8670022559431842e-08,16.35,BID
1542,1712705607.514203,722800457.1305981,15.13,-3.827403974582426e-06,16.35,ASK
1543,1712705610.524374,722800457.1305981,15.13,-0.0,16.35,ASK
1544,1712705640.3441992,722800457.1305981,15.13,-0.0,16.35,ASK
1545,1712705646.8391335,722801015.1663123,15.13,-4.844183242767088e-08,16.35,ASK
1546,1712705649.4644835,722802507.9841138,15.13,-1.2958817497710034e-07,16.35,ASK
1547,1712705650.085443,722803570.6023154,15.12,-9.22435097628289e-08,16.35,ASK
1548,1712705650.1043737,722806442.8525671,15.13,-2.493336211700099e-07,16.35,ASK
1549,1712705656.55476,722957720.0154276,15.13,-1.3132032208773758e-05,16.35,ASK
1550,1712705656.5578918,722958572.8525671,15.13,-7.403288489031162e-08,16.35,ASK
1551,1712705660.7741158,723078652.8525671,15.13,-1.0423876266661287e-05,16.35,ASK
1552,1712705666.5640123,723100740.8525671,15.13,-1.917409884893525e-06,16.35,ASK
1553,1712705670.3479242,723100740.8525671,15.13,-0.0,16.35,ASK
1554,1712705700.5236092,723100740.8525671,15.13,-0.0,16.35,ASK
1555,1712705700.561361,723106499.1503528,15.13,-4.998870640628064e-07,16.35,ASK
1556,1712705700.5653927,723107514.1250035,15.13,-8.811157690595835e-08,16.35,ASK
1557,1712705702.6636713,723112594.0793307,15.13,-4.409989807213992e-07,16.35,ASK
1558,1712705705.6538978,723114118.0656289,15.13,-1.3229969421952438e-07,16.35,ASK
1559,1712705707.7838223,723133399.8325444,15.13,-1.6738811037526251e-06,16.35,ASK
1560,1712705707.786419,723134771.4202127,15.13,-1.1906972479032781e-07,16.35,ASK
1561,1712705730.5332303,723134771.4202127,15.13,-0.0,16.35,ASK
1562,1712705743.6134417,723138771.4202127,15.14,3.472308934480499e-07,16.35,BID
