,time,acc_trade_volume,trade_price,dev,high,ask_bid
0,1712689619.1569746,5842128.3880687,576.0,0.0,603.0,ASK
1,1712689620.3720722,5842128.3880687,576.0,-0.0,603.0,ASK
2,1712689650.3825166,5842128.3880687,576.0,-0.0,603.0,ASK
3,1712689680.3829167,5842128.3880687,576.0,-0.0,603.0,ASK
4,1712689710.3723965,5842128.3880687,576.0,-0.0,603.0,ASK
5,1712689740.582718,5842128.3880687,576.0,-0.0,603.0,ASK
6,1712689770.5618837,5842128.3880687,576.0,-0.0,603.0,ASK
7,1712689797.4126625,5842176.89177476,576.0,-1.2685360047199192e-08,603.0,ASK
8,1712689800.3723314,5842176.89177476,576.0,-0.0,603.0,ASK
9,1712689830.3738358,5842176.89177476,576.0,-0.0,603.0,ASK
10,1712689860.552112,5842176.89177476,576.0,-0.0,603.0,ASK
11,1712689890.5521922,5842176.89177476,576.0,-0.0,603.0,ASK
12,1712689920.3631797,5842176.89177476,576.0,-0.0,603.0,ASK
13,1712689950.38244,5842176.89177476,576.0,-0.0,603.0,ASK
14,1712689980.552184,5842176.89177476,576.0,-0.0,603.0,ASK
15,1712690010.562279,5842176.89177476,576.0,-0.0,603.0,ASK
16,1712690040.3522563,5842176.89177476,576.0,-0.0,603.0,ASK
17,1712690070.3521278,5842176.89177476,576.0,-0.0,603.0,ASK
18,1712690100.4039938,5842176.89177476,576.0,-0.0,603.0,ASK
19,1712690130.3523016,5842176.89177476,576.0,-0.0,603.0,ASK
20,1712690160.5522895,5842176.89177476,576.0,-0.0,603.0,ASK
21,1712690190.6142156,5842176.89177476,576.0,-0.0,603.0,ASK
22,1712690220.3637502,5842176.89177476,576.0,-0.0,603.0,ASK
23,1712690250.412,5842176.89177476,576.0,-0.0,603.0,ASK
24,1712690268.1656492,5842185.55728602,577.1,-2.266824115851613e-09,603.0,ASK
25,1712690268.1676068,5842191.85777062,577.1,-1.6481532366713771e-09,603.0,ASK
26,1712690280.5421658,5842191.85777062,577.1,-0.0,603.0,ASK
27,1712690310.5622284,5842191.85777062,577.1,-0.0,603.0,ASK
28,1712690340.362367,5842191.85777062,577.1,-0.0,603.0,ASK
29,1712690363.232307,5842214.41798548,577.1,-5.901547182082834e-09,603.0,ASK
30,1712690363.3720484,5843544.97936803,577.0,3.480627656419461e-07,603.0,BID
31,1712690364.6220942,5844394.04530583,577.0,2.2210793308672642e-07,603.0,BID
32,1712690370.3743918,5844394.04530583,577.0,0.0,603.0,BID
33,1712690400.3926466,5844394.04530583,577.0,0.0,603.0,BID
34,1712690430.373085,5844394.04530583,577.0,0.0,603.0,BID
35,1712690460.552292,5844394.04530583,577.0,0.0,603.0,BID
36,1712690490.5725558,5844394.04530583,577.0,0.0,603.0,BID
37,1712690516.5722675,5844411.04276176,576.0,-4.447664736299033e-09,603.0,ASK
38,1712690520.3723457,5844411.04276176,576.0,-0.0,603.0,ASK
39,1712690550.383761,5844411.04276176,576.0,-0.0,603.0,ASK
40,1712690580.5422206,5844411.04276176,576.0,-0.0,603.0,ASK
41,1712690610.5627413,5844411.04276176,576.0,-0.0,603.0,ASK
42,1712690640.3622217,5844411.04276176,576.0,-0.0,603.0,ASK
43,1712690670.3727646,5844411.04276176,576.0,-0.0,603.0,ASK
44,1712690700.5622392,5844411.04276176,576.0,-0.0,603.0,ASK
45,1712690717.9119704,5844643.26424423,576.1,-6.077186028125204e-08,603.0,ASK
46,1712690717.92196,5845411.04276176,576.4,-2.0092597936171765e-07,603.0,ASK
47,1712690730.5622163,5845411.04276176,576.4,-0.0,603.0,ASK
48,1712690760.3320189,5845411.04276176,576.4,-0.0,603.0,ASK
49,1712690790.3621378,5845411.04276176,576.4,-0.0,603.0,ASK
50,1712690820.551859,5845411.04276176,576.4,-0.0,603.0,ASK
51,1712690850.584379,5845411.04276176,576.4,-0.0,603.0,ASK
52,1712690880.3719316,5845411.04276176,576.4,-0.0,603.0,ASK
53,1712690910.3518434,5845411.04276176,576.4,-0.0,603.0,ASK
54,1712690940.551659,5845411.04276176,576.4,-0.0,603.0,ASK
55,1712690948.7927785,5845415.54896041,578.5,1.179084617032509e-09,603.0,BID
56,1712690948.7943568,5845432.83205755,578.6,4.522267115523494e-09,603.0,BID
57,1712690948.7959092,5845450.10619817,578.9,4.519923567326369e-09,603.0,BID
58,1712690948.7973838,5845838.62807047,579.0,1.0166000182577345e-07,603.0,BID
59,1712690948.798853,5845855.90818107,578.7,4.521485662540737e-09,603.0,BID
60,1712690948.8003893,5845873.18530616,578.8,4.52070447858992e-09,603.0,BID
61,1712690948.801912,5846045.89687784,579.0,4.519142921975547e-08,603.0,BID
62,1712690970.5620408,5846045.89687784,579.0,0.0,603.0,BID
63,1712691000.4318974,5846045.89687784,579.0,0.0,603.0,BID
64,1712691030.3534026,5846045.89687784,579.0,0.0,603.0,BID
65,1712691060.5416682,5846045.89687784,579.0,0.0,603.0,BID
66,1712691072.8753014,5846356.93322617,578.0,-8.141411361878224e-08,603.0,ASK
67,1712691090.5715754,5846356.93322617,578.0,-0.0,603.0,ASK
68,1712691115.5719478,5847148.93322617,578.5,-2.072971349415657e-07,603.0,ASK
69,1712691120.3818736,5847148.93322617,578.5,-0.0,603.0,ASK
70,1712691121.0516994,5852098.93322617,578.5,-1.2954517410080048e-06,603.0,ASK
71,1712691121.153644,5852732.77531557,578.5,-1.6588117944181552e-07,603.0,ASK
72,1712691121.1552796,5852920.77531557,578.5,-4.92009954160616e-08,603.0,ASK
73,1712691126.6715758,5853307.77531557,578.5,-1.0128077247880765e-07,603.0,ASK
74,1712691133.7616682,5853341.66537275,578.5,-8.869279510462903e-09,603.0,ASK
75,1712691133.922082,5853375.55542993,578.5,-8.869279510462903e-09,603.0,ASK
76,1712691136.0821905,5853687.55542993,578.5,-8.165271579686818e-08,603.0,ASK
77,1712691150.3617346,5853687.55542993,578.5,-0.0,603.0,ASK
78,1712691180.531752,5853687.55542993,578.5,-0.0,603.0,ASK
79,1712691210.5515492,5853687.55542993,578.5,-0.0,603.0,ASK
80,1712691240.3433464,5853687.55542993,578.5,-0.0,603.0,ASK
81,1712691270.3700624,5853687.55542993,578.5,-0.0,603.0,ASK
82,1712691300.541431,5853687.55542993,578.5,-0.0,603.0,ASK
83,1712691330.55153,5853687.55542993,578.5,-0.0,603.0,ASK
84,1712691360.3736038,5853687.55542993,578.5,-0.0,603.0,ASK
85,1712691390.3821683,5853687.55542993,578.5,-0.0,603.0,ASK
86,1712691420.5415735,5853687.55542993,578.5,-0.0,603.0,ASK
87,1712691450.5616927,5853687.55542993,578.5,-0.0,603.0,ASK
88,1712691480.351676,5853687.55542993,578.5,-0.0,603.0,ASK
89,1712691510.3517578,5853687.55542993,578.5,-0.0,603.0,ASK
90,1712691524.7116811,5855288.23570204,576.5,-4.188166242515402e-07,603.0,ASK
91,1712691540.5414991,5855288.23570204,576.5,-0.0,603.0,ASK
92,1712691570.5514276,5855288.23570204,576.5,-0.0,603.0,ASK
93,1712691600.3616014,5855288.23570204,576.5,-0.0,603.0,ASK
94,1712691630.3614247,5855288.23570204,576.5,-0.0,603.0,ASK
95,1712691660.5515394,5855288.23570204,576.5,-0.0,603.0,ASK
96,1712691690.5515175,5855288.23570204,576.5,-0.0,603.0,ASK
97,1712691720.3720963,5855288.23570204,576.5,-0.0,603.0,ASK
98,1712691750.3622985,5855288.23570204,576.5,-0.0,603.0,ASK
99,1712691780.5516286,5855288.23570204,576.5,-0.0,603.0,ASK
100,1712691810.6015377,5855288.23570204,576.5,-0.0,603.0,ASK
101,1712691840.3516982,5855288.23570204,576.5,-0.0,603.0,ASK
102,1712691851.9015334,5856002.27793236,576.5,-1.867861741418272e-07,603.0,ASK
103,1712691851.9036038,5856988.23570204,576.6,-2.579165094777801e-07,603.0,ASK
104,1712691870.354306,5856988.23570204,576.6,-0.0,603.0,ASK
105,1712691887.221406,5857486.57457247,576.7,-1.303269569456868e-07,603.0,ASK
106,1712691900.293732,5857503.87561053,578.0,4.5246152291071165e-09,603.0,BID
107,1712691900.3917196,5857503.87561053,578.0,0.0,603.0,BID
108,1712691930.3613305,5857503.87561053,578.0,0.0,603.0,BID
109,1712691934.4413943,5858644.0702191,578.0,2.983631870411983e-07,603.0,BID
110,1712691960.5412695,5858644.0702191,578.0,0.0,603.0,BID
111,1712691990.553787,5858644.0702191,578.0,0.0,603.0,BID
112,1712692020.3513236,5858644.0702191,578.0,0.0,603.0,BID
113,1712692050.3433216,5858644.0702191,578.0,0.0,603.0,BID
114,1712692080.5314462,5858644.0702191,578.0,0.0,603.0,BID
115,1712692110.5613506,5858644.0702191,578.0,0.0,603.0,BID
116,1712692140.3712468,5858644.0702191,578.0,0.0,603.0,BID
117,1712692170.3613396,5858644.0702191,578.0,0.0,603.0,BID
118,1712692200.3915827,5858644.0702191,578.0,0.0,603.0,BID
119,1712692230.3715415,5858644.0702191,578.0,0.0,603.0,BID
120,1712692260.541319,5858644.0702191,578.0,0.0,603.0,BID
121,1712692285.821343,5858697.6636447,578.0,1.4036171307869878e-08,603.0,BID
122,1712692290.5514743,5858697.6636447,578.0,0.0,603.0,BID
123,1712692320.37505,5858697.6636447,578.0,0.0,603.0,BID
124,1712692350.371421,5858697.6636447,578.0,0.0,603.0,BID
125,1712692380.5412438,5858697.6636447,578.0,0.0,603.0,BID
126,1712692410.5511794,5858697.6636447,578.0,0.0,603.0,BID
127,1712692440.337339,5858697.6636447,578.0,0.0,603.0,BID
128,1712692470.361329,5858697.6636447,578.0,0.0,603.0,BID
129,1712692470.703957,5859030.3110796,578.0,8.711998625721225e-08,603.0,BID
130,1712692470.761205,5859193.3110796,578.0,-4.2689515294811546e-08,603.0,ASK
131,1712692500.5414402,5859193.3110796,578.0,-0.0,603.0,ASK
132,1712692530.561102,5859193.3110796,578.0,-0.0,603.0,ASK
133,1712692560.3714857,5859193.3110796,578.0,-0.0,603.0,ASK
134,1712692563.6213577,5859202.3110796,579.0,2.3589559768755806e-09,603.0,BID
135,1712692590.3513088,5859202.3110796,579.0,0.0,603.0,BID
136,1712692620.5511923,5859202.3110796,579.0,0.0,603.0,BID
137,1712692633.9819255,5859211.3110796,578.9,2.3589527549341403e-09,603.0,BID
138,1712692650.5610776,5859211.3110796,578.9,0.0,603.0,BID
139,1712692680.410236,5859211.3110796,578.9,0.0,603.0,BID
140,1712692710.3698258,5859211.3110796,578.9,0.0,603.0,BID
141,1712692740.529046,5859211.3110796,578.9,0.0,603.0,BID
142,1712692770.5447936,5859211.3110796,578.9,0.0,603.0,BID
143,1712692800.448148,5859211.3110796,578.9,0.0,603.0,BID
144,1712692804.227976,5859697.42612537,578.8,1.275994202990374e-07,603.0,BID
145,1712692830.3576677,5859697.42612537,578.8,0.0,603.0,BID
146,1712692860.547144,5859697.42612537,578.8,0.0,603.0,BID
147,1712692890.5365038,5859697.42612537,578.8,0.0,603.0,BID
148,1712692920.3562863,5859697.42612537,578.8,0.0,603.0,BID
149,1712692950.3556857,5859697.42612537,578.8,0.0,603.0,BID
150,1712692980.5553856,5859697.42612537,578.8,0.0,603.0,BID
151,1712692989.655244,5860143.41908247,578.9,1.1705920366354809e-07,603.0,BID
152,1712693010.5347545,5860143.41908247,578.9,0.0,603.0,BID
153,1712693040.32432,5860143.41908247,578.9,0.0,603.0,BID
154,1712693046.164719,5860683.38389447,578.9,1.4171427343588938e-07,603.0,BID
155,1712693070.3640416,5860683.38389447,578.9,0.0,603.0,BID
156,1712693096.13376,5860683.38389505,578.9,1.5226520968728512e-16,603.0,BID
157,1712693100.5437243,5860683.38389505,578.9,0.0,603.0,BID
158,1712693130.5634,5860683.38389505,578.9,0.0,603.0,BID
159,1712693160.3630462,5860683.38389505,578.9,0.0,603.0,BID
160,1712693190.3527608,5860683.38389505,578.9,0.0,603.0,BID
161,1712693196.4827485,5860790.57047433,577.1,-2.8189067088293537e-08,603.0,ASK
162,1712693220.5625625,5860790.57047433,577.1,-0.0,603.0,ASK
163,1712693250.5548103,5860790.57047433,577.1,-0.0,603.0,ASK
164,1712693280.3518536,5860790.57047433,577.1,-0.0,603.0,ASK
165,1712693310.3639953,5860790.57047433,577.1,-0.0,603.0,ASK
166,1712693340.5414283,5860790.57047433,577.1,-0.0,603.0,ASK
167,1712693370.5413914,5860790.57047433,577.1,-0.0,603.0,ASK
168,1712693400.3837392,5860790.57047433,577.1,-0.0,603.0,ASK
169,1712693430.353524,5860790.57047433,577.1,-0.0,603.0,ASK
170,1712693460.540266,5860790.57047433,577.1,-0.0,603.0,ASK
171,1712693463.0219147,5860799.57047433,577.2,-2.3712234609373393e-09,603.0,ASK
172,1712693490.550205,5860799.57047433,577.2,-0.0,603.0,ASK
173,1712693520.3500004,5860799.57047433,577.2,-0.0,603.0,ASK
174,1712693550.349641,5860799.57047433,577.2,-0.0,603.0,ASK
175,1712693580.52963,5860799.57047433,577.2,-0.0,603.0,ASK
176,1712693610.5392747,5860799.57047433,577.2,-0.0,603.0,ASK
177,1712693640.3895042,5860799.57047433,577.2,-0.0,603.0,ASK
178,1712693670.3390727,5860799.57047433,577.2,-0.0,603.0,ASK
179,1712693700.3692522,5860799.57047433,577.2,-0.0,603.0,ASK
180,1712693709.6185331,5860816.83864909,579.1,4.549886159782207e-09,603.0,BID
181,1712693713.4790351,5860972.25222233,579.1,-4.0948975543311536e-08,603.0,ASK
182,1712693713.481855,5862428.90962573,579.0,-3.838057844194375e-07,603.0,ASK
183,1712693713.5599694,5862446.16885942,579.4,4.547530331920935e-09,603.0,BID
184,1712693713.5612426,5865156.27283399,579.4,7.140687847332032e-07,603.0,BID
185,1712693713.562456,5865173.53504701,579.3,4.548315337129368e-09,603.0,BID
186,1712693713.563811,5865190.78832514,579.6,4.5459611376662555e-09,603.0,BID
187,1712693713.5650215,5865208.04458054,579.5,4.5467456000753025e-09,603.0,BID
188,1712693713.5665843,5865216.98522141,579.7,2.3557149913906246e-09,603.0,BID
189,1712693713.5678003,5865234.23254808,579.8,4.544393023611802e-09,603.0,BID
190,1712693713.5690196,5865251.49774146,579.2,4.549100613982883e-09,603.0,BID
191,1712693713.5702891,5865268.74209394,579.9,4.543609372457172e-09,603.0,BID
192,1712693713.5715303,5865475.93775547,580.0,5.4592722500303394e-08,603.0,BID
193,1712693713.5727575,5865493.17319153,580.2,4.541260039048234e-09,603.0,BID
194,1712693713.5740044,5865510.41159871,580.1,4.542042881647719e-09,603.0,BID
195,1712693713.575276,5865527.62922957,580.8,4.536568655361363e-09,603.0,BID
196,1712693713.576531,5865544.87953146,579.7,4.545176946166125e-09,603.0,BID
197,1712693713.5778182,5865562.1001273,580.7,4.5373498801143955e-09,603.0,BID
198,1712693713.5790966,5865579.3147942,580.9,4.535787699554139e-09,603.0,BID
199,1712693713.5803523,5865588.32860462,581.3,2.37499399030956e-09,603.0,BID
200,1712693713.5816164,5865613.32860462,580.0,6.587097685492026e-09,603.0,BID
201,1712693713.5829074,5865630.55810152,580.4,4.5396951660852335e-09,603.0,BID
202,1712693713.5841992,5865647.76684357,581.1,4.534226597230999e-09,603.0,BID
203,1712693713.585474,5865665.00822289,580.0,4.542825992456848e-09,603.0,BID
204,1712693713.5868003,5865682.24068886,580.3,4.540477468339218e-09,603.0,BID
205,1712693713.5880892,5865699.4642507,580.6,4.5381313730770705e-09,603.0,BID
206,1712693713.5893786,5865716.69077956,580.5,4.538913135476331e-09,603.0,BID
207,1712693713.5906985,5865888.80781915,581.0,4.5350070124718734e-08,603.0,BID
208,1712693713.5920026,5865906.0136003,581.2,4.5334464475250334e-09,603.0,BID
209,1712693713.8395584,5866061.6421703,578.3,-4.100562372966088e-08,603.0,ASK
210,1712693713.8428142,5866250.12922315,578.0,-4.9663305183049975e-08,603.0,ASK
211,1712693730.348915,5866250.12922315,578.0,-0.0,603.0,ASK
212,1712693759.0087914,5866482.95742315,580.3,6.129550366477936e-08,603.0,BID
213,1712693759.0176785,5866638.58599315,580.3,4.0971547187337975e-08,603.0,BID
214,1712693760.5185795,5866638.58599315,580.3,0.0,603.0,BID
215,1712693790.54825,5866638.58599315,580.3,0.0,603.0,BID
216,1712693803.7583413,5866646.775004,581.3,2.155751570745614e-09,603.0,BID
217,1712693803.7611868,5866648.9076859,581.3,5.61427068459842e-10,603.0,BID
218,1712693820.3405914,5866648.9076859,581.3,0.0,603.0,BID
219,1712693841.35796,5866659.95191515,580.5,-2.9073812921155704e-09,603.0,ASK
220,1712693850.3599854,5866659.95191515,580.5,-0.0,603.0,ASK
221,1712693880.5312035,5866659.95191515,580.5,-0.0,603.0,ASK
222,1712693910.5376775,5866659.95191515,580.5,-0.0,603.0,ASK
223,1712693940.3574696,5866659.95191515,580.5,-0.0,603.0,ASK
224,1712693970.347342,5866659.95191515,580.5,-0.0,603.0,ASK
225,1712694000.399749,5866659.95191515,580.5,-0.0,603.0,ASK
226,1712694030.3371985,5866659.95191515,580.5,-0.0,603.0,ASK
227,1712694060.5268366,5866659.95191515,580.5,-0.0,603.0,ASK
228,1712694090.5366845,5866659.95191515,580.5,-0.0,603.0,ASK
229,1712694120.3415403,5866659.95191515,580.5,-0.0,603.0,ASK
230,1712694150.376454,5866659.95191515,580.5,-0.0,603.0,ASK
231,1712694180.5363507,5866659.95191515,580.5,-0.0,603.0,ASK
232,1712694210.5563126,5866659.95191515,580.5,-0.0,603.0,ASK
233,1712694240.338839,5866659.95191515,580.5,-0.0,603.0,ASK
234,1712694270.3361883,5866659.95191515,580.5,-0.0,603.0,ASK
235,1712694300.5263124,5866659.95191515,580.5,-0.0,603.0,ASK
236,1712694330.525524,5866659.95191515,580.5,-0.0,603.0,ASK
237,1712694360.3567097,5866659.95191515,580.5,-0.0,603.0,ASK
238,1712694390.355711,5866659.95191515,580.5,-0.0,603.0,ASK
239,1712694420.5551238,5866659.95191515,580.5,-0.0,603.0,ASK
240,1712694450.555076,5866659.95191515,580.5,-0.0,603.0,ASK
241,1712694463.705382,5867772.95191515,580.5,2.944852785056563e-07,603.0,BID
242,1712694480.3253367,5867772.95191515,580.5,0.0,603.0,BID
243,1712694510.325175,5867772.95191515,580.5,0.0,603.0,BID
244,1712694513.1748528,5867781.56666359,580.4,2.278960454026208e-09,603.0,BID
245,1712694540.3561535,5867781.56666359,580.4,0.0,603.0,BID
246,1712694570.3849196,5867781.56666359,580.4,0.0,603.0,BID
247,1712694598.3347704,5868637.79811696,580.4,2.265086501523225e-07,603.0,BID
248,1712694598.337909,5868643.04150852,580.4,1.3870940385225483e-09,603.0,BID
249,1712694600.634448,5868643.04150852,580.4,0.0,603.0,BID
250,1712694606.8947003,5870122.04150852,580.4,3.912143772580706e-07,603.0,BID
251,1712694630.5246851,5870122.04150852,580.4,0.0,603.0,BID
252,1712694637.0242603,5870125.65679315,580.4,9.560718419869866e-10,603.0,BID
253,1712694637.2443013,5870132.04150852,580.4,-1.6884553247750283e-09,603.0,ASK
254,1712694649.6445513,5870158.42950852,580.4,6.9783782877225365e-09,603.0,BID
255,1712694649.6480217,5870365.16230852,580.4,5.467105058592336e-08,603.0,BID
256,1712694649.7695308,5870374.16230852,581.3,2.380074450085813e-09,603.0,BID
257,1712694649.7730262,5870585.16230852,581.3,5.579952321867852e-08,603.0,BID
258,1712694660.3324883,5870585.16230852,581.3,0.0,603.0,BID
259,1712694690.3960266,5870585.16230852,581.3,0.0,603.0,BID
260,1712694720.5244057,5870585.16230852,581.3,0.0,603.0,BID
261,1712694750.5248888,5870585.16230852,581.3,0.0,603.0,BID
262,1712694780.36896,5870585.16230852,581.3,0.0,603.0,BID
263,1712694810.318056,5870585.16230852,581.3,0.0,603.0,BID
264,1712694840.5861597,5870585.16230852,581.3,0.0,603.0,BID
265,1712694870.5259418,5870585.16230852,581.3,0.0,603.0,BID
266,1712694900.353462,5870585.16230852,581.3,0.0,603.0,BID
267,1712694930.3464928,5870585.16230852,581.3,0.0,603.0,BID
268,1712694960.5265918,5870585.16230852,581.3,0.0,603.0,BID
269,1712694990.5372682,5870585.16230852,581.3,0.0,603.0,BID
270,1712695020.3270276,5870585.16230852,581.3,0.0,603.0,BID
271,1712695050.3619533,5870585.16230852,581.3,0.0,603.0,BID
272,1712695080.547192,5870585.16230852,581.3,0.0,603.0,BID
273,1712695110.53732,5870585.16230852,581.3,0.0,603.0,BID
274,1712695140.3519409,5870585.16230852,581.3,0.0,603.0,BID
275,1712695170.3377583,5870585.16230852,581.3,0.0,603.0,BID
276,1712695200.377978,5870585.16230852,581.3,0.0,603.0,BID
277,1712695230.347936,5870585.16230852,581.3,0.0,603.0,BID
278,1712695260.0077634,5870595.49051077,581.4,2.7512450025365022e-09,603.0,BID
279,1712695260.01096,5870619.57446054,581.1,6.415525649004262e-09,603.0,BID
280,1712695260.527733,5870619.57446054,581.1,0.0,603.0,BID
281,1712695290.5380373,5870619.57446054,581.1,0.0,603.0,BID
282,1712695320.3379502,5870619.57446054,581.1,0.0,603.0,BID
283,1712695350.3383129,5870619.57446054,581.1,0.0,603.0,BID
284,1712695380.528101,5870619.57446054,581.1,0.0,603.0,BID
285,1712695410.5280218,5870619.57446054,581.1,0.0,603.0,BID
286,1712695440.3379886,5870619.57446054,581.1,0.0,603.0,BID
287,1712695470.358484,5870619.57446054,581.1,0.0,603.0,BID
288,1712695500.358392,5870619.57446054,581.1,0.0,603.0,BID
289,1712695530.358214,5870619.57446054,581.1,0.0,603.0,BID
290,1712695560.5382457,5870619.57446054,581.1,0.0,603.0,BID
291,1712695590.5281088,5870619.57446054,581.1,0.0,603.0,BID
292,1712695620.3422146,5870619.57446054,581.1,0.0,603.0,BID
293,1712695650.3387752,5870619.57446054,581.1,0.0,603.0,BID
294,1712695655.988241,5870705.78135709,580.0,2.2970334815943123e-08,603.0,BID
295,1712695680.5687933,5870705.78135709,580.0,0.0,603.0,BID
296,1712695710.5282624,5870705.78135709,580.0,0.0,603.0,BID
297,1712695740.3406894,5870705.78135709,580.0,0.0,603.0,BID
298,1712695770.3646488,5870705.78135709,580.0,0.0,603.0,BID
299,1712695800.4487667,5870705.78135709,580.0,0.0,603.0,BID
300,1712695814.478528,5870715.78135709,580.0,2.664749867716252e-09,603.0,BID
301,1712695830.338267,5870715.78135709,580.0,0.0,603.0,BID
302,1712695860.5382197,5870715.78135709,580.0,0.0,603.0,BID
303,1712695890.538172,5870715.78135709,580.0,0.0,603.0,BID
304,1712695920.3287773,5870715.78135709,580.0,0.0,603.0,BID
305,1712695950.3514557,5870715.78135709,580.0,0.0,603.0,BID
306,1712695980.558044,5870715.78135709,580.0,0.0,603.0,BID
307,1712696010.5382764,5870715.78135709,580.0,0.0,603.0,BID
308,1712696040.3781743,5870715.78135709,580.0,0.0,603.0,BID
309,1712696070.3581052,5870715.78135709,580.0,0.0,603.0,BID
310,1712696100.52798,5870715.78135709,580.0,0.0,603.0,BID
311,1712696107.538125,5870725.78135709,577.9,-2.669638657663985e-09,603.0,ASK
312,1712696107.5414004,5870735.78135709,577.8,-2.669638657663985e-09,603.0,ASK
313,1712696107.544233,5870744.45818424,577.4,-2.316399318656828e-09,603.0,ASK
314,1712696107.5470989,5870754.45818424,578.2,-2.669638657663985e-09,603.0,ASK
315,1712696107.5497942,5870767.27793904,577.3,-3.422411299539408e-09,603.0,ASK
316,1712696107.5514417,5870784.63159334,577.4,-4.632798637065026e-09,603.0,ASK
317,1712696107.553095,5870801.98825364,577.3,-4.633601130464679e-09,603.0,ASK
318,1712696130.528651,5870801.98825364,577.3,-0.0,603.0,ASK
319,1712696160.319996,5870801.98825364,577.3,-0.0,603.0,ASK
320,1712696190.3479922,5870801.98825364,577.3,-0.0,603.0,ASK
321,1712696197.747814,5870965.06220432,578.2,-4.353427361787009e-08,603.0,ASK
322,1712696197.750495,5871200.39159413,577.3,-6.282360857500866e-08,603.0,ASK
323,1712696220.5276763,5871200.39159413,577.3,-0.0,603.0,ASK
324,1712696250.5475626,5871200.39159413,577.3,-0.0,603.0,ASK
325,1712696280.3440535,5871200.39159413,577.3,-0.0,603.0,ASK
326,1712696310.3292298,5871200.39159413,577.3,-0.0,603.0,ASK
327,1712696340.5623517,5871200.39159413,577.3,-0.0,603.0,ASK
328,1712696370.547732,5871200.39159413,577.3,-0.0,603.0,ASK
329,1712696400.5076523,5871200.39159413,577.3,-0.0,603.0,ASK
330,1712696430.3567882,5871200.39159413,577.3,-0.0,603.0,ASK
331,1712696460.5374036,5871200.39159413,577.3,-0.0,603.0,ASK
332,1712696490.5373282,5871200.39159413,577.3,-0.0,603.0,ASK
333,1712696520.32716,5871200.39159413,577.3,-0.0,603.0,ASK
334,1712696550.3600352,5871200.39159413,577.3,-0.0,603.0,ASK
335,1712696580.517225,5871200.39159413,577.3,-0.0,603.0,ASK
336,1712696610.5674276,5871200.39159413,577.3,-0.0,603.0,ASK
337,1712696640.3199365,5871200.39159413,577.3,-0.0,603.0,ASK
338,1712696670.3425453,5871200.39159413,577.3,-0.0,603.0,ASK
339,1712696677.0571654,5871416.27501381,579.0,5.789440088398889e-08,603.0,BID
340,1712696700.5372508,5871416.27501381,579.0,0.0,603.0,BID
341,1712696730.5469844,5871416.27501381,579.0,0.0,603.0,BID
342,1712696760.3477404,5871416.27501381,579.0,0.0,603.0,BID
343,1712696778.0883937,5871438.49404758,577.3,-5.9734281953286075e-09,603.0,ASK
344,1712696790.360868,5871438.49404758,577.3,-0.0,603.0,ASK
345,1712696820.5314243,5871438.49404758,577.3,-0.0,603.0,ASK
346,1712696850.5200307,5871438.49404758,577.3,-0.0,603.0,ASK
347,1712696880.3466036,5871438.49404758,577.3,-0.0,603.0,ASK
348,1712696892.590851,5871525.10412899,577.3,-2.3284420175856094e-08,603.0,ASK
349,1712696910.3720355,5871525.10412899,577.3,-0.0,603.0,ASK
350,1712696940.5274737,5871525.10412899,577.3,-0.0,603.0,ASK
351,1712696970.5428429,5871525.10412899,577.3,-0.0,603.0,ASK
352,1712696976.1901295,5872043.31187743,577.3,-1.3931409097225354e-07,603.0,ASK
353,1712696992.8333318,5872051.9917111,577.2,-2.333471741897153e-09,603.0,ASK
354,1712696992.8430195,5873292.10259119,577.2,-3.333893028125976e-07,603.0,ASK
355,1712697000.3771951,5873292.10259119,577.2,-0.0,603.0,ASK
356,1712697030.3637176,5873292.10259119,577.2,-0.0,603.0,ASK
357,1712697036.684192,5873300.78392891,577.1,-2.338364544317617e-09,603.0,ASK
358,1712697036.687591,5873303.81099076,577.1,-8.153552287472022e-10,603.0,ASK
359,1712697036.6907272,5873312.49232848,577.1,-2.33836454406676e-09,603.0,ASK
360,1712697060.554645,5873312.49232848,577.1,-0.0,603.0,ASK
361,1712697090.544874,5873312.49232848,577.1,-0.0,603.0,ASK
362,1712697120.3612728,5873312.49232848,577.1,-0.0,603.0,ASK
363,1712697150.3569336,5873312.49232848,577.1,-0.0,603.0,ASK
364,1712697179.7614222,5873485.7124913,577.3,4.665762539479943e-08,603.0,BID
365,1712697180.566703,5873485.7124913,577.3,0.0,603.0,BID
366,1712697210.5666368,5873485.7124913,577.3,0.0,603.0,BID
367,1712697240.3378215,5873485.7124913,577.3,0.0,603.0,BID
368,1712697270.357478,5873485.7124913,577.3,0.0,603.0,BID
369,1712697300.3659716,5873485.7124913,577.3,0.0,603.0,BID
370,1712697330.358042,5873485.7124913,577.3,0.0,603.0,BID
371,1712697360.5579991,5873485.7124913,577.3,0.0,603.0,BID
372,1712697390.5483766,5873485.7124913,577.3,0.0,603.0,BID
373,1712697398.0990007,5873491.36676717,577.1,-1.526673872249669e-09,603.0,ASK
374,1712697398.1019018,5874559.9781901,577.1,-2.885287482425009e-07,603.0,ASK
375,1712697420.3706288,5874559.9781901,577.1,-0.0,603.0,ASK
376,1712697450.3781157,5874559.9781901,577.1,-0.0,603.0,ASK
377,1712697462.6188018,5874571.02241935,577.0,-2.9814806930389304e-09,603.0,ASK
378,1712697480.5400286,5874571.02241935,577.0,-0.0,603.0,ASK
379,1712697510.5493584,5874571.02241935,577.0,-0.0,603.0,ASK
380,1712697532.506882,5874947.02575211,577.0,-1.0150502340873405e-07,603.0,ASK
381,1712697540.3654964,5874947.02575211,577.0,-0.0,603.0,ASK
382,1712697570.3499825,5874947.02575211,577.0,-0.0,603.0,ASK
383,1712697600.3902051,5874947.02575211,577.0,-0.0,603.0,ASK
384,1712697630.3605783,5874947.02575211,577.0,-0.0,603.0,ASK
385,1712697660.4050615,5874947.02575211,577.0,-0.0,603.0,ASK
386,1712697690.3608017,5874947.02575211,577.0,-0.0,603.0,ASK
387,1712697692.890626,5876060.33564828,577.0,-3.006298179368159e-07,603.0,ASK
388,1712697692.893621,5876659.18669978,577.0,-1.617092268767274e-07,603.0,ASK
389,1712697709.4307177,5876693.85475316,576.9,-9.361499984666625e-09,603.0,ASK
390,1712697709.4343507,5879160.92661578,576.9,-6.661895016370562e-07,603.0,ASK
391,1712697709.850604,5879160.92661626,576.9,-1.295159762438125e-16,603.0,ASK
392,1712697720.551257,5879160.92661626,576.9,-0.0,603.0,ASK
393,1712697740.4407814,5879507.60715014,576.9,9.355358240854249e-08,603.0,BID
394,1712697740.481218,5879524.94418204,576.8,-4.678490091201172e-09,603.0,ASK
395,1712697740.4913778,5879746.68586766,576.5,-5.983817097206519e-08,603.0,ASK
396,1712697740.4949355,5879764.0259058,576.7,-4.6793013411189425e-09,603.0,ASK
397,1712697740.4978137,5879786.06864855,576.7,-5.948351144093197e-09,603.0,ASK
398,1712697740.5007324,5879794.74190557,576.6,-2.340524448595968e-09,603.0,ASK
399,1712697740.503765,5882480.01940314,576.5,-7.246363874165845e-07,603.0,ASK
400,1712697740.635281,5882480.01940521,576.5,-5.586895632689221e-16,603.0,ASK
401,1712697750.6304626,5882480.01940521,576.5,-0.0,603.0,ASK
402,1712697755.9042964,5885247.79792221,576.1,-7.465142272246429e-07,603.0,ASK
403,1712697755.929782,5885247.79792274,576.1,-1.4292860382692912e-16,603.0,ASK
404,1712697756.0640483,5885265.15903385,576.0,-4.6825699254830845e-09,603.0,ASK
405,1712697756.067846,5885438.77014496,576.0,-4.6825699257342776e-08,603.0,ASK
406,1712697780.3714187,5885438.77014496,576.0,-0.0,603.0,ASK
407,1712697784.4915097,5886438.77014445,575.3,-2.695920865040604e-07,603.0,ASK
408,1712697784.4955077,5886473.08811496,575.3,-9.251853279251793e-09,603.0,ASK
409,1712697784.610844,5886473.08811547,575.3,-1.3733922633620252e-16,603.0,ASK
410,1712697784.6509662,5887013.71733882,575.2,-1.4574936042249892e-07,603.0,ASK
411,1712697784.7594776,5887473.08811482,575.2,-1.2384272604415097e-07,603.0,ASK
412,1712697784.7709146,5887473.08811547,575.2,-1.750008057702617e-16,603.0,ASK
413,1712697784.871407,5888473.08811449,575.1,-2.695920863775175e-07,603.0,ASK
414,1712697784.8804624,5888820.85372047,575.1,-9.37548553784893e-08,603.0,ASK
415,1712697784.9513645,5888885.20154655,575.0,-1.734766470361712e-08,603.0,ASK
416,1712697784.9551702,5888941.11667698,575.0,-1.5074276687437122e-08,603.0,ASK
417,1712697784.9581678,5888941.11667796,575.1,-2.6438428762709554e-16,603.0,ASK
418,1712697784.961192,5889966.11667796,575.0,-2.763318888076919e-07,603.0,ASK
419,1712697810.3725932,5889966.11667796,575.0,-0.0,603.0,ASK
420,1712697840.5411355,5889966.11667796,575.0,-0.0,603.0,ASK
421,1712697870.5413082,5889966.11667796,575.0,-0.0,603.0,ASK
422,1712697900.3461478,5889966.11667796,575.0,-0.0,603.0,ASK
423,1712697911.4215918,5889983.47477551,576.1,4.681456949008541e-09,603.0,BID
424,1712697930.3616602,5889983.47477551,576.1,0.0,603.0,BID
425,1712697960.5420628,5889983.47477551,576.1,0.0,603.0,BID
426,1712697990.5521028,5889983.47477551,576.1,0.0,603.0,BID
427,1712698020.3858516,5889983.47477551,576.1,0.0,603.0,BID
428,1712698050.350505,5889983.47477551,576.1,0.0,603.0,BID
429,1712698080.5824952,5889983.47477551,576.1,0.0,603.0,BID
430,1712698110.5424345,5889983.47477551,576.1,0.0,603.0,BID
431,1712698140.3670957,5889983.47477551,576.1,0.0,603.0,BID
432,1712698170.3626146,5889983.47477551,576.1,0.0,603.0,BID
433,1712698200.4628828,5889983.47477551,576.1,0.0,603.0,BID
434,1712698230.3532374,5889983.47477551,576.1,0.0,603.0,BID
435,1712698260.5329256,5889983.47477551,576.1,0.0,603.0,BID
436,1712698260.9372957,5890009.41215445,575.3,-6.99578596931502e-09,603.0,ASK
437,1712698261.0727632,5890035.34355488,575.3,-6.994173455518837e-09,603.0,ASK
438,1712698290.534586,5890035.34355488,575.3,-0.0,603.0,ASK
439,1712698320.363356,5890035.34355488,575.3,-0.0,603.0,ASK
440,1712698350.3632455,5890035.34355488,575.3,-0.0,603.0,ASK
441,1712698380.3630805,5890035.34355488,575.3,-0.0,603.0,ASK
442,1712698410.3739314,5890035.34355488,575.3,-0.0,603.0,ASK
443,1712698440.5598035,5890035.34355488,575.3,-0.0,603.0,ASK
444,1712698470.5450082,5890035.34355488,575.3,-0.0,603.0,ASK
445,1712698500.3999894,5890035.34355488,575.3,-0.0,603.0,ASK
446,1712698530.3680384,5890035.34355488,575.3,-0.0,603.0,ASK
447,1712698560.5337403,5890035.34355488,575.3,-0.0,603.0,ASK
448,1712698590.5437095,5890035.34355488,575.3,-0.0,603.0,ASK
449,1712698620.3651063,5890035.34355488,575.3,-0.0,603.0,ASK
450,1712698650.3765807,5890035.34355488,575.3,-0.0,603.0,ASK
451,1712698680.5539026,5890035.34355488,575.3,-0.0,603.0,ASK
452,1712698710.5442066,5890035.34355488,575.3,-0.0,603.0,ASK
453,1712698740.344128,5890035.34355488,575.3,-0.0,603.0,ASK
454,1712698770.3641624,5890035.34355488,575.3,-0.0,603.0,ASK
455,1712698775.6845646,5890382.50550593,576.1,-9.365373840354824e-08,603.0,ASK
456,1712698775.785197,5890397.38768834,577.3,4.014760298709712e-09,603.0,BID
457,1712698775.789436,5892129.72553634,577.3,4.673320770101809e-07,603.0,BID
458,1712698775.7932217,5892299.84335393,577.9,4.589261449350349e-08,603.0,BID
459,1712698775.7964811,5892299.84335442,577.9,1.3215356149335238e-16,603.0,BID
460,1712698800.366872,5892299.84335442,577.9,0.0,603.0,BID
461,1712698802.683649,5892645.9239912,577.9,9.338239016909473e-08,603.0,BID
462,1712698805.47389,5892680.53205487,577.9,9.338239014974484e-09,603.0,BID
463,1712698807.273281,5893009.25459411,576.1,-8.869868219809667e-08,603.0,ASK
464,1712698807.283311,5893026.61269166,576.1,-4.683707973762329e-09,603.0,ASK
465,1712698830.372767,5893026.61269166,576.1,-0.0,603.0,ASK
466,1712698860.5520074,5893026.61269166,576.1,-0.0,603.0,ASK
467,1712698890.5418918,5893026.61269166,576.1,-0.0,603.0,ASK
468,1712698920.3710475,5893026.61269166,576.1,-0.0,603.0,ASK
469,1712698950.36029,5893026.61269166,576.1,-0.0,603.0,ASK
470,1712698980.55967,5893026.61269166,576.1,-0.0,603.0,ASK
471,1712699010.5450811,5893026.61269166,576.1,-0.0,603.0,ASK
472,1712699040.3384268,5893026.61269166,576.1,-0.0,603.0,ASK
473,1712699070.382179,5893026.61269166,576.1,-0.0,603.0,ASK
474,1712699100.3813293,5893026.61269166,576.1,-0.0,603.0,ASK
475,1712699109.347685,5893200.22380277,576.0,-4.6849289901761646e-08,603.0,ASK
476,1712699109.3525836,5893547.98912545,576.0,-9.384513650050709e-08,603.0,ASK
477,1712699130.358076,5893547.98912545,576.0,-0.0,603.0,ASK
478,1712699160.5477278,5893547.98912545,576.0,-0.0,603.0,ASK
479,1712699190.5563822,5893547.98912545,576.0,-0.0,603.0,ASK
480,1712699220.3705933,5893547.98912545,576.0,-0.0,603.0,ASK
481,1712699232.0560205,5894680.42914984,577.8,3.055663402646599e-07,603.0,BID
482,1712699232.0605214,5895657.48894186,577.8,2.636400855120441e-07,603.0,BID
483,1712699232.1759565,5897274.96952586,577.8,-4.364448552302752e-07,603.0,ASK
484,1712699250.348364,5897274.96952586,577.8,-0.0,603.0,ASK
485,1712699280.545317,5897274.96952586,577.8,-0.0,603.0,ASK
486,1712699310.5554476,5897274.96952586,577.8,-0.0,603.0,ASK
487,1712699340.3547585,5897274.96952586,577.8,-0.0,603.0,ASK
488,1712699370.374467,5897274.96952586,577.8,-0.0,603.0,ASK
489,1712699373.974829,5897621.11005891,577.8,-9.334487538348682e-08,603.0,ASK
490,1712699400.4188237,5897621.11005891,577.8,-0.0,603.0,ASK
491,1712699430.3539808,5897621.11005891,577.8,-0.0,603.0,ASK
492,1712699460.5436022,5897621.11005891,577.8,-0.0,603.0,ASK
493,1712699479.7434227,5897638.41708556,577.8,4.6746877219380774e-09,603.0,BID
494,1712699490.5499914,5897638.41708556,577.8,0.0,603.0,BID
495,1712699504.0533645,5897870.17444279,577.8,6.25982942049713e-08,603.0,BID
496,1712699504.0561368,5898365.31220497,577.8,1.337380598368449e-07,603.0,BID
497,1712699520.373473,5898365.31220497,577.8,0.0,603.0,BID
498,1712699550.3429706,5898365.31220497,577.8,0.0,603.0,BID
499,1712699580.5227966,5898365.31220497,577.8,0.0,603.0,BID
500,1712699610.5324798,5898365.31220497,577.8,0.0,603.0,BID
501,1712699640.34297,5898365.31220497,577.8,0.0,603.0,BID
502,1712699667.582425,5898408.57228456,577.9,1.1683340075309513e-08,603.0,BID
503,1712699670.3607488,5898408.57228456,577.9,0.0,603.0,BID
504,1712699674.3322349,5898581.61260256,577.9,4.6733044672126e-08,603.0,BID
505,1712699700.3724074,5898581.61260256,577.9,0.0,603.0,BID
506,1712699730.3823946,5898581.61260256,577.9,0.0,603.0,BID
507,1712699760.4215329,5898581.61260256,577.9,0.0,603.0,BID
508,1712699790.3554578,5898581.61260256,577.9,0.0,603.0,BID
509,1712699820.5317843,5898581.61260256,577.9,0.0,603.0,BID
510,1712699850.531307,5898581.61260256,577.9,0.0,603.0,BID
511,1712699880.3608463,5898581.61260256,577.9,0.0,603.0,BID
512,1712699910.371457,5898581.61260256,577.9,0.0,603.0,BID
513,1712699940.530761,5898581.61260256,577.9,0.0,603.0,BID
514,1712699970.5506773,5898581.61260256,577.9,0.0,603.0,BID
515,1712700000.4408233,5898581.61260256,577.9,0.0,603.0,BID
516,1712700030.3918784,5898581.61260256,577.9,0.0,603.0,BID
517,1712700038.13069,5898591.99502166,577.9,2.821388346156172e-09,603.0,BID
518,1712700058.4403193,5898797.99502166,577.9,5.597982451954975e-08,603.0,BID
519,1712700060.53165,5898797.99502166,577.9,0.0,603.0,BID
520,1712700063.7602236,5899006.99502166,577.9,5.6793134782396334e-08,603.0,BID
521,1712700080.2201586,5899024.39926984,577.9,4.729386663471346e-09,603.0,BID
522,1712700080.230081,5899519.99502166,577.9,1.346719441660469e-07,603.0,BID
523,1712700090.5401475,5899519.99502166,577.9,0.0,603.0,BID
524,1712700106.990361,5899693.85600251,576.5,-4.7239190006665234e-08,603.0,ASK
525,1712700120.3348615,5899693.85600251,576.5,-0.0,603.0,ASK
526,1712700145.3600683,5900222.91730344,576.5,-1.437455752730094e-07,603.0,ASK
527,1712700145.4649506,5900734.61922844,576.5,1.3902904530737878e-07,603.0,BID
528,1712700145.467495,5900734.61922888,576.5,1.1943472625232552e-16,603.0,BID
529,1712700145.4699075,5900945.61922888,577.9,5.732854837285758e-08,603.0,BID
530,1712700150.3500865,5900945.61922888,577.9,0.0,603.0,BID
531,1712700180.5299938,5900945.61922888,577.9,0.0,603.0,BID
532,1712700200.1901517,5901169.61922888,577.9,6.084870357370194e-08,603.0,BID
533,1712700202.6599984,5901325.35551543,577.9,4.2305138999730566e-08,603.0,BID
534,1712700203.9597747,5901521.35551543,577.9,5.32426156269892e-08,603.0,BID
535,1712700210.5414398,5901521.35551543,577.9,0.0,603.0,BID
536,1712700219.2801106,5901712.14019932,577.9,5.182121219749758e-08,603.0,BID
537,1712700233.089762,5901722.14019932,578.9,2.716214485393487e-09,603.0,BID
538,1712700240.3601868,5901722.14019932,578.9,0.0,603.0,BID
539,1712700270.339579,5901722.14019932,578.9,0.0,603.0,BID
540,1712700280.1898642,5902584.9839545,578.9,2.3435948365878786e-07,603.0,BID
541,1712700280.289672,5902937.50920343,578.9,9.575040071843669e-08,603.0,BID
542,1712700297.38993,5903772.67148912,578.9,2.2684083980513058e-07,603.0,BID
543,1712700297.3947363,5905009.69473788,578.9,3.359914562893425e-07,603.0,BID
544,1712700300.5197108,5905009.69473788,578.9,0.0,603.0,BID
545,1712700330.5196738,5905009.69473788,578.9,0.0,603.0,BID
546,1712700360.3594515,5905009.69473788,578.9,0.0,603.0,BID
547,1712700360.6898751,5905035.60594879,578.9,7.037848947210453e-09,603.0,BID
548,1712700360.7895305,5905061.5171597,578.9,7.037848947210453e-09,603.0,BID
549,1712700390.3530295,5905061.5171597,578.9,0.0,603.0,BID
550,1712700420.5292711,5905061.5171597,578.9,0.0,603.0,BID
551,1712700450.5595002,5905061.5171597,578.9,0.0,603.0,BID
552,1712700480.3495076,5905061.5171597,578.9,0.0,603.0,BID
553,1712700481.3193352,5905224.53245219,578.9,4.427688309030621e-08,603.0,BID
554,1712700481.3246017,5905249.53245219,580.0,6.790295930832557e-09,603.0,BID
555,1712700481.3299968,5906439.29049518,580.9,3.2315236791942164e-07,603.0,BID
556,1712700510.365634,5906439.29049518,580.9,0.0,603.0,BID
557,1712700519.5013847,5906886.1784301,580.9,1.2135368416343194e-07,603.0,BID
558,1712700540.548911,5906886.1784301,580.9,0.0,603.0,BID
559,1712700560.1890488,5906911.65673821,578.0,-6.918219017733919e-09,603.0,ASK
560,1712700560.1988204,5906972.25176458,578.9,-1.6453591110179414e-08,603.0,ASK
561,1712700564.2088137,5906998.85307546,579.0,-7.223152103927871e-09,603.0,ASK
562,1712700570.5691817,5906998.85307546,579.0,-0.0,603.0,ASK
563,1712700600.359435,5906998.85307546,579.0,-0.0,603.0,ASK
564,1712700604.9591165,5907008.12089127,580.7,-2.5189071398265564e-09,603.0,ASK
565,1712700607.709002,5907017.40149248,579.9,-2.5223820938311e-09,603.0,ASK
566,1712700630.3449097,5907017.40149248,579.9,-0.0,603.0,ASK
567,1712700660.5398672,5907017.40149248,579.9,-0.0,603.0,ASK
568,1712700670.1787794,5907050.78451797,579.0,-9.07317290027287e-09,603.0,ASK
569,1712700690.5385966,5907050.78451797,579.0,-0.0,603.0,ASK
570,1712700720.36279,5907050.78451797,579.0,-0.0,603.0,ASK
571,1712700750.348923,5907050.78451797,579.0,-0.0,603.0,ASK
572,1712700780.5485256,5907050.78451797,579.0,-0.0,603.0,ASK
573,1712700810.5487108,5907050.78451797,579.0,-0.0,603.0,ASK
574,1712700840.3787382,5907050.78451797,579.0,-0.0,603.0,ASK
575,1712700846.2184978,5908792.33861138,579.0,4.7333452144146484e-07,603.0,BID
576,1712700853.5087478,5909452.61009968,577.0,-1.7945425302509317e-07,603.0,ASK
577,1712700853.5136836,5909463.0087132,577.0,-2.8262244467468558e-09,603.0,ASK
578,1712700853.8484552,5909974.0289631,577.0,1.38889470243131e-07,603.0,BID
579,1712700854.368701,5910485.049213,577.0,1.3888947024287786e-07,603.0,BID
580,1712700870.338868,5910485.049213,577.0,0.0,603.0,BID
581,1712700871.2289424,5911055.30882972,577.0,1.549064795180116e-07,603.0,BID
582,1712700900.3990817,5911055.30882972,577.0,0.0,603.0,BID
583,1712700906.608715,5911107.12230122,579.0,1.4110631824024569e-08,603.0,BID
584,1712700930.3528795,5911107.12230122,579.0,0.0,603.0,BID
585,1712700960.528916,5911107.12230122,579.0,0.0,603.0,BID
586,1712700990.552236,5911107.12230122,579.0,0.0,603.0,BID
587,1712701014.029398,5911129.12230122,578.6,5.991325323337638e-09,603.0,BID
588,1712701014.1492193,5911842.22657722,578.6,-1.9420180486257728e-07,603.0,ASK
589,1712701014.1533587,5911851.22657722,576.8,-2.4509967231835793e-09,603.0,ASK
590,1712701014.1571412,5912514.22657681,576.6,-1.8055675849625986e-07,603.0,ASK
591,1712701014.160976,5912514.22657722,578.6,-1.1159713050979446e-16,603.0,ASK
592,1712701020.3646376,5912514.22657722,578.6,-0.0,603.0,ASK
593,1712701050.349772,5912514.22657722,578.6,-0.0,603.0,ASK
594,1712701080.5770242,5912514.22657722,578.6,-0.0,603.0,ASK
595,1712701110.5396214,5912514.22657722,578.6,-0.0,603.0,ASK
596,1712701140.3720143,5912514.22657722,578.6,-0.0,603.0,ASK
597,1712701170.3598056,5912514.22657722,578.6,-0.0,603.0,ASK
598,1712701200.3800468,5912514.22657722,578.6,-0.0,603.0,ASK
599,1712701230.3623984,5912514.22657722,578.6,-0.0,603.0,ASK
600,1712701260.5305035,5912514.22657722,578.6,-0.0,603.0,ASK
601,1712701290.5600884,5912514.22657722,578.6,-0.0,603.0,ASK
602,1712701305.9000044,5912531.50967435,578.6,4.71509465085234e-09,603.0,BID
603,1712701320.3549106,5912531.50967435,578.6,0.0,603.0,BID
604,1712701342.1500726,5912566.07586861,578.6,9.43016357476842e-09,603.0,BID
605,1712701350.3734488,5912566.07586861,578.6,0.0,603.0,BID
606,1712701380.56022,5912566.07586861,578.6,0.0,603.0,BID
607,1712701407.340382,5912583.35896574,578.6,4.7150560604044325e-09,603.0,BID
608,1712701410.5600986,5912583.35896574,578.6,0.0,603.0,BID
609,1712701440.370456,5912583.35896574,578.6,0.0,603.0,BID
610,1712701470.360453,5912583.35896574,578.6,0.0,603.0,BID
611,1712701500.5311856,5912583.35896574,578.6,0.0,603.0,BID
612,1712701530.5403557,5912583.35896574,578.6,0.0,603.0,BID
613,1712701560.3716147,5912583.35896574,578.6,0.0,603.0,BID
614,1712701573.3606482,5912600.60926762,578.6,4.7298796637984675e-09,603.0,BID
615,1712701590.351152,5912600.60926762,578.6,0.0,603.0,BID
616,1712701613.570833,5912635.15754884,578.6,9.472806139164808e-09,603.0,BID
617,1712701620.525849,5912635.15754884,578.6,0.0,603.0,BID
618,1712701624.6711864,5912790.70542301,578.6,4.264949599001829e-08,603.0,BID
619,1712701650.560537,5912790.70542301,578.6,0.0,603.0,BID
620,1712701680.371462,5912790.70542301,578.6,0.0,603.0,BID
621,1712701710.380806,5912790.70542301,578.6,0.0,603.0,BID
622,1712701740.5422902,5912790.70542301,578.6,0.0,603.0,BID
623,1712701770.5424454,5912790.70542301,578.6,0.0,603.0,BID
624,1712701800.4309616,5912790.70542301,578.6,0.0,603.0,BID
625,1712701830.3550956,5912790.70542301,578.6,0.0,603.0,BID
626,1712701860.5909648,5912790.70542301,578.6,0.0,603.0,BID
627,1712701880.7506258,5912963.53639432,578.6,4.7427911156158254e-08,603.0,BID
628,1712701890.530691,5912963.53639432,578.6,0.0,603.0,BID
629,1712701920.3707352,5912963.53639432,578.6,0.0,603.0,BID
630,1712701950.3606985,5912963.53639432,578.6,0.0,603.0,BID
631,1712701980.341145,5912963.53639432,578.6,0.0,603.0,BID
632,1712702010.3506708,5912963.53639432,578.6,0.0,603.0,BID
633,1712702040.530759,5912963.53639432,578.6,0.0,603.0,BID
634,1712702067.671087,5912990.85879869,578.6,7.497550918526355e-09,603.0,BID
635,1712702067.6764436,5913661.48598658,578.6,1.8402705049366944e-07,603.0,BID
636,1712702070.551744,5913661.48598658,578.6,0.0,603.0,BID
637,1712702071.005724,5913702.48598658,578.6,-1.1249578274334109e-08,603.0,ASK
638,1712702081.6807747,5913769.02468658,578.8,1.8256885705274783e-08,603.0,BID
639,1712702100.376411,5913769.02468658,578.8,0.0,603.0,BID
640,1712702112.6107855,5914114.50749881,578.9,9.484755888054268e-08,603.0,BID
641,1712702112.790792,5914139.00669881,578.8,-6.725918720750317e-09,603.0,ASK
642,1712702130.3510115,5914139.00669881,578.8,-0.0,603.0,ASK
643,1712702160.5604477,5914139.00669881,578.8,-0.0,603.0,ASK
644,1712702190.5306597,5914139.00669881,578.8,-0.0,603.0,ASK
645,1712702220.371219,5914139.00669881,578.8,-0.0,603.0,ASK
646,1712702240.0507832,5914139.00669882,578.9,2.8123346070915493e-18,603.0,BID
647,1712702240.056097,5928538.63913391,579.0,3.952988785703386e-06,603.0,BID
648,1712702250.355332,5928538.63913391,579.0,0.0,603.0,BID
649,1712702262.070963,5929198.32304265,578.6,-1.8068296039555294e-07,603.0,ASK
650,1712702262.0755324,5929277.58872617,578.8,-2.1710334550421426e-08,603.0,ASK
651,1712702280.4312904,5929587.13702117,578.0,-8.47831841658108e-08,603.0,ASK
652,1712702280.5801702,5929937.27263417,578.0,9.589977602695121e-08,603.0,BID
653,1712702280.5827718,5929937.27263491,578.0,2.027909480890134e-16,603.0,BID
654,1712702280.5852697,5929937.27263491,578.0,0.0,603.0,BID
655,1712702280.6204524,5930285.27263491,580.3,-9.529901559188305e-08,603.0,ASK
656,1712702280.6604824,5930509.27263491,578.0,-6.134189509362587e-08,603.0,ASK
657,1712702310.5410855,5930509.27263491,578.0,-0.0,603.0,ASK
658,1712702340.3707154,5930509.27263491,578.0,-0.0,603.0,ASK
659,1712702370.3729742,5930509.27263491,578.0,-0.0,603.0,ASK
660,1712702400.4013638,5930509.27263491,578.0,-0.0,603.0,ASK
661,1712702413.640989,5931902.74979461,578.0,-3.8156391643508393e-07,603.0,ASK
662,1712702413.646581,5933335.45958983,578.2,-3.923066530181955e-07,603.0,ASK
663,1712702413.6506042,5934769.85156353,578.1,-3.927672695447844e-07,603.0,ASK
664,1712702413.7607818,5934993.85156353,578.0,6.133600158892798e-08,603.0,BID
665,1712702413.7721052,5941083.5556118,578.0,1.667491505271482e-06,603.0,BID
666,1712702430.337286,5941083.5556118,578.0,0.0,603.0,BID
667,1712702460.5506437,5941083.5556118,578.0,0.0,603.0,BID
668,1712702490.5305057,5941083.5556118,578.0,0.0,603.0,BID
669,1712702520.360637,5941083.5556118,578.0,0.0,603.0,BID
670,1712702528.030638,5941100.81484549,579.4,4.718051560070546e-09,603.0,BID
671,1712702550.3504508,5941100.81484549,579.4,0.0,603.0,BID
672,1712702580.555961,5941100.81484549,579.4,0.0,603.0,BID
673,1712702601.0406048,5941580.53898342,580.0,1.311389063286339e-07,603.0,BID
674,1712702601.0458496,5941963.27974973,579.4,1.0462722538404889e-07,603.0,BID
675,1712702610.5406446,5941963.27974973,579.4,0.0,603.0,BID
676,1712702610.7059517,5941980.53898342,579.4,4.717393881806184e-09,603.0,BID
677,1712702640.3305502,5941980.53898342,579.4,0.0,603.0,BID
678,1712702670.3856466,5941980.53898342,579.4,0.0,603.0,BID
679,1712702697.908255,5942115.57316479,577.8,-3.690822497519554e-08,603.0,ASK
680,1712702697.9133868,5942500.73868721,577.5,-1.052753873862979e-07,603.0,ASK
681,1712702700.4115422,5942500.73868721,577.5,-0.0,603.0,ASK
682,1712702730.4172995,5942500.73868721,577.5,-0.0,603.0,ASK
683,1712702760.5474243,5942500.73868721,577.5,-0.0,603.0,ASK
684,1712702769.350473,5942509.73868721,580.9,2.465124269334426e-09,603.0,BID
685,1712702790.5428226,5942509.73868721,580.9,0.0,603.0,BID
686,1712702820.3407762,5942509.73868721,580.9,0.0,603.0,BID
687,1712702850.3513968,5942509.73868721,580.9,0.0,603.0,BID
688,1712702857.700642,5944013.94957023,580.8,4.120068271134617e-07,603.0,BID
689,1712702880.542431,5944013.94957023,580.8,0.0,603.0,BID
690,1712702889.1407564,5944288.89982547,580.8,7.529149172692333e-08,603.0,BID
691,1712702889.407667,5944582.95697381,580.8,-8.052366175190396e-08,603.0,ASK
692,1712702899.0210562,5944667.59050944,579.2,-2.3175774622081328e-08,603.0,ASK
693,1712702910.5432942,5944667.59050944,579.2,-0.0,603.0,ASK
694,1712702940.3922358,5944667.59050944,579.2,-0.0,603.0,ASK
695,1712702970.386233,5944667.59050944,579.2,-0.0,603.0,ASK
696,1712703000.454853,5944667.59050944,579.2,-0.0,603.0,ASK
697,1712703030.3635385,5944667.59050944,579.2,-0.0,603.0,ASK
698,1712703060.514994,5944667.59050944,579.2,-0.0,603.0,ASK
699,1712703090.5452929,5944667.59050944,579.2,-0.0,603.0,ASK
700,1712703120.3708286,5944667.59050944,579.2,-0.0,603.0,ASK
701,1712703150.3454876,5944667.59050944,579.2,-0.0,603.0,ASK
702,1712703180.5360093,5944667.59050944,579.2,-0.0,603.0,ASK
703,1712703186.7060037,5944765.01939119,580.0,-2.6709459925867464e-08,603.0,ASK
704,1712703210.546296,5944765.01939119,580.0,-0.0,603.0,ASK
705,1712703240.361044,5944765.01939119,580.0,-0.0,603.0,ASK
706,1712703270.3993163,5944765.01939119,580.0,-0.0,603.0,ASK
707,1712703300.532293,5944765.01939119,580.0,-0.0,603.0,ASK
708,1712703309.2274797,5945086.38585557,580.7,8.825742253030925e-08,603.0,BID
709,1712703309.2375307,5945171.01939119,580.7,2.32430528426154e-08,603.0,BID
710,1712703330.5679228,5945171.01939119,580.7,0.0,603.0,BID
711,1712703360.3942766,5945171.01939119,580.7,0.0,603.0,BID
712,1712703390.36909,5945171.01939119,580.7,0.0,603.0,BID
713,1712703391.778815,5945180.01939119,581.7,2.471525387539112e-09,603.0,BID
714,1712703420.3585403,5945180.01939119,581.7,0.0,603.0,BID
715,1712703450.363791,5945180.01939119,581.7,0.0,603.0,BID
716,1712703454.4489915,5945181.44691987,581.7,3.920187000117799e-10,603.0,BID
717,1712703454.454738,5945250.01939119,581.7,1.8830928899834783e-08,603.0,BID
718,1712703480.5406055,5945250.01939119,581.7,0.0,603.0,BID
719,1712703486.1996298,5945264.06067719,581.7,3.855884098025498e-09,603.0,BID
720,1712703486.209073,5945421.92931039,581.7,4.335237900066373e-08,603.0,BID
721,1712703489.719294,5945521.92931039,581.7,2.746104664495547e-08,603.0,BID
722,1712703503.92932,5945540.13093039,581.6,4.998355358451384e-09,603.0,BID
723,1712703504.0492718,5945693.83922959,581.6,-4.220990774049359e-08,603.0,ASK
724,1712703510.5523586,5945693.83922959,581.6,-0.0,603.0,ASK
725,1712703540.3900225,5945693.83922959,581.6,-0.0,603.0,ASK
726,1712703570.339964,5945693.83922959,581.6,-0.0,603.0,ASK
727,1712703600.5859823,5945693.83922959,581.6,-0.0,603.0,ASK
728,1712703630.3626928,5945693.83922959,581.6,-0.0,603.0,ASK
729,1712703649.268093,5946165.63263324,580.0,-1.29743910646807e-07,603.0,ASK
730,1712703649.2777507,5946470.64948121,580.0,-8.38801016772348e-08,603.0,ASK
731,1712703649.3923657,5947001.91199964,580.0,-1.4609800855201017e-07,603.0,ASK
732,1712703649.4002757,5948665.63263324,580.0,-4.575257296036836e-07,603.0,ASK
733,1712703656.9602704,5948889.63263324,579.2,-6.16003440490304e-08,603.0,ASK
734,1712703659.6742103,5949114.63263324,579.2,-6.187534558496357e-08,603.0,ASK
735,1712703659.7704086,5949441.73244241,579.2,-8.995294992513384e-08,603.0,ASK
736,1712703660.5104816,5949441.73244241,579.2,-0.0,603.0,ASK
737,1712703672.3405604,5949452.11486151,579.0,-2.853475900481974e-09,603.0,ASK
738,1712703674.6912012,5949459.00359957,579.0,-1.8932820810460068e-09,603.0,ASK
739,1712703690.550736,5949459.00359957,579.0,-0.0,603.0,ASK
740,1712703704.8608725,5949545.3593854,579.0,2.3733724686193723e-08,603.0,BID
741,1712703720.3730788,5949545.3593854,579.0,0.0,603.0,BID
742,1712703750.371437,5949545.3593854,579.0,0.0,603.0,BID
743,1712703764.6643832,5949602.62528426,579.0,1.573854476194625e-08,603.0,BID
744,1712703780.5412946,5949602.62528426,579.0,0.0,603.0,BID
745,1712703802.9025135,5952787.15504238,579.0,8.752051119884145e-07,603.0,BID
746,1712703802.908206,5959602.62528426,579.0,1.87309739564809e-06,603.0,BID
747,1712703810.5513687,5959602.62528426,579.0,0.0,603.0,BID
748,1712703840.3996706,5959602.62528426,579.0,0.0,603.0,BID
749,1712703856.4516473,5959619.89644142,579.0,4.739095286456399e-09,603.0,BID
750,1712703870.3516834,5959619.89644142,579.0,0.0,603.0,BID
751,1712703879.7823958,5961178.43859413,576.7,-4.2765284541036586e-07,603.0,ASK
752,1712703879.788464,5961870.00344042,577.1,-1.8976045902096306e-07,603.0,ASK
753,1712703879.793195,5961948.34246809,576.9,-2.1495670188700865e-08,603.0,ASK
754,1712703879.7959456,5961983.02254438,576.7,-9.515965467243202e-09,603.0,ASK
755,1712703879.798622,5962889.26734484,577.0,-2.486671065527116e-07,603.0,ASK
756,1712703879.8013532,5963669.89644142,576.7,-2.1419905376438705e-07,603.0,ASK
757,1712703879.914442,5964362.89644142,576.7,-1.9015425495808134e-07,603.0,ASK
758,1712703900.5618207,5964362.89644142,576.7,-0.0,603.0,ASK
759,1712703902.7716978,5965481.00853282,577.0,3.075108090139541e-07,603.0,BID
760,1712703913.6321497,5965648.15321728,577.0,-4.596927046580248e-08,603.0,ASK
761,1712703913.7318666,5965671.34674301,577.0,-6.378841545387188e-09,603.0,ASK
762,1712703920.3120332,5965685.4301963,576.7,-3.8733273240462805e-09,603.0,ASK
763,1712703930.5581417,5965685.4301963,576.7,-0.0,603.0,ASK
764,1712703949.632108,5965707.16601982,576.7,-5.976680007234338e-09,603.0,ASK
765,1712703960.3957508,5965707.16601982,576.7,-0.0,603.0,ASK
766,1712703964.5522254,5967545.75754889,577.0,5.055541304105264e-07,603.0,BID
767,1712703990.335644,5967545.75754889,577.0,0.0,603.0,BID
768,1712704017.94277,5967563.09758703,576.7,-4.766567957657864e-09,603.0,ASK
769,1712704017.9489858,5968745.75754889,576.5,-3.250990011320898e-07,603.0,ASK
770,1712704017.953735,5968945.75754889,576.9,-5.497759484829128e-08,603.0,ASK
771,1712704018.0222895,5968972.98700485,576.5,-7.485049988536726e-09,603.0,ASK
772,1712704020.5256307,5968972.98700485,576.5,-0.0,603.0,ASK
773,1712704040.522484,5969839.85625885,576.5,-2.382380436806174e-07,603.0,ASK
774,1712704040.5422971,5969839.85625886,576.5,-2.815466275994048e-18,603.0,ASK
775,1712704040.6422155,5969852.33853886,576.2,-3.4304526941984926e-09,603.0,ASK
776,1712704044.517593,5971253.16804586,576.5,-3.849841019714965e-07,603.0,ASK
777,1712704044.5205104,5971253.16804604,576.5,-4.9654587049349566e-17,603.0,ASK
778,1712704047.955473,5971426.74902156,576.1,-4.770453195466373e-08,603.0,ASK
779,1712704047.9621358,5971444.10711911,576.1,-4.770453195056849e-09,603.0,ASK
780,1712704048.05254,5971617.71823,576.0,-4.771281393205284e-08,603.0,ASK
781,1712704048.0582724,5971791.32934111,576.0,-4.771281399271335e-08,603.0,ASK
782,1712704048.0722675,5971791.32934133,576.0,-6.040454919405412e-17,603.0,ASK
783,1712704049.3624082,5971964.81997283,576.4,4.767970308652554e-08,603.0,BID
784,1712704050.6121426,5971964.81997283,576.4,0.0,603.0,BID
785,1712704069.392878,5971973.81997283,576.4,-2.472260567362283e-09,603.0,ASK
786,1712704080.372733,5971973.81997283,576.4,-0.0,603.0,ASK
787,1712704083.2641509,5972436.04238781,576.4,-1.2697029127763998e-07,603.0,ASK
788,1712704083.270405,5972436.81997283,575.4,-2.1359889377830235e-10,603.0,ASK
789,1712704091.692748,5972453.42160226,575.4,-4.560388367486304e-09,603.0,ASK
790,1712704110.3753808,5972453.42160226,575.4,-0.0,603.0,ASK
791,1712704140.4448617,5972453.42160226,575.4,-0.0,603.0,ASK
792,1712704170.3739345,5972453.42160226,575.4,-0.0,603.0,ASK
793,1712704177.195976,5972470.79779687,575.5,-4.772795314356702e-09,603.0,ASK
794,1712704177.2029705,5973061.57030293,575.4,-1.6227006615478837e-07,603.0,ASK
795,1712704181.5535443,5973148.46637521,575.3,-2.3868123944361697e-08,603.0,ASK
796,1712704181.5599942,5973148.46637522,575.4,-2.5581044182671008e-18,603.0,ASK
797,1712704200.4029996,5973148.46637522,575.4,-0.0,603.0,ASK
798,1712704201.4034824,5975061.59757979,576.0,5.311850763871087e-07,603.0,BID
799,1712704201.4080265,5975335.84546252,576.0,7.614552634371501e-08,603.0,BID
800,1712704201.8229346,5975344.84546252,576.0,-2.498869746132692e-09,603.0,ASK
801,1712704215.5332804,5982048.2709809,576.0,-1.8612208025927608e-06,603.0,ASK
802,1712704222.47318,5982062.3544342,576.0,-3.910301707904164e-09,603.0,ASK
803,1712704230.397072,5982062.3544342,576.0,-0.0,603.0,ASK
804,1712704240.9231305,5982071.62225001,576.0,-2.569566278208382e-09,603.0,ASK
805,1712704246.683748,5982080.90285122,576.0,-2.573111118939993e-09,603.0,ASK
806,1712704259.5439572,5982091.04192335,576.0,-2.811128141586041e-09,603.0,ASK
807,1712704260.5451353,5982091.04192335,576.0,-0.0,603.0,ASK
808,1712704285.843325,5982179.28914557,576.0,-2.4467042951483952e-08,603.0,ASK
809,1712704285.8485322,5983236.71359744,576.0,-2.93176927622692e-07,603.0,ASK
810,1712704290.5462313,5983236.71359744,576.0,-0.0,603.0,ASK
811,1712704320.3704784,5983236.71359744,576.0,-0.0,603.0,ASK
812,1712704325.005299,5983469.25406695,576.0,6.44613702386886e-08,603.0,BID
813,1712704325.0117636,5984236.71359744,576.0,2.127435841275081e-07,603.0,BID
814,1712704325.0835805,5985149.45280649,576.0,2.530158307927722e-07,603.0,BID
815,1712704325.2035108,5985166.8139176,576.0,4.8125860130151735e-09,603.0,BID
816,1712704350.3755293,5985166.8139176,576.0,0.0,603.0,BID
817,1712704380.5636418,5985166.8139176,576.0,0.0,603.0,BID
818,1712704410.5537806,5985166.8139176,576.0,0.0,603.0,BID
819,1712704440.3946905,5985166.8139176,576.0,0.0,603.0,BID
820,1712704470.3638682,5985166.8139176,576.0,0.0,603.0,BID
821,1712704500.404484,5985166.8139176,576.0,0.0,603.0,BID
822,1712704517.474137,5985180.8973709,575.5,-3.920977241663312e-09,603.0,ASK
823,1712704522.7040625,5985184.19011221,575.5,-9.167328114218303e-10,603.0,ASK
1024,1712704522.7087588,5985206.80858181,575.5,-6.2972129529123385e-09,603.0,ASK
824,1712704522.7087588,5985206.80858181,575.5,-6.297212952912338e-09,603.0,ASK
825,1712704522.8439577,5985217.61310529,575.1,-3.008089689742788e-09,603.0,ASK
826,1712704522.8469803,5985231.48464437,575.5,-3.861978158436815e-09,603.0,ASK
827,1712704522.8498828,5985232.71979272,575.3,-3.4387791589527456e-10,603.0,ASK
828,1712704527.245935,5985297.05556084,575.1,-1.7911734944833916e-08,603.0,ASK
829,1712704527.2525196,5985314.44686518,575.0,-4.841916755969612e-09,603.0,ASK
830,1712704527.2567031,5985321.03062199,575.1,-1.832985139810743e-09,603.0,ASK
831,1712704527.2595928,5985434.69282876,575.3,-3.164471926563254e-08,603.0,ASK
832,1712704527.262493,5985469.05923102,575.1,-9.567957394050664e-09,603.0,ASK
833,1712704527.2653975,5986172.32010057,575.0,-1.957950089116177e-07,603.0,ASK
834,1712704530.1742868,5986285.98230734,575.0,3.164471926563254e-08,603.0,BID
835,1712704530.2776842,5986801.11790734,574.9,-1.4341901243146758e-07,603.0,ASK
836,1712704530.3769877,5986801.11790734,574.9,-0.0,603.0,ASK
837,1712704554.0544689,5988285.98230734,574.9,-4.1329328280465145e-07,603.0,ASK
838,1712704554.060686,5988348.12459295,574.9,-1.729652163563071e-08,603.0,ASK
839,1712704554.0657942,5988706.01118191,574.9,-9.961321937746477e-08,603.0,ASK
840,1712704554.0709558,5988717.6559897,574.9,-3.241185416880548e-09,603.0,ASK
841,1712704558.5344942,5988891.56903317,574.9,4.840650274752338e-08,603.0,BID
842,1712704560.5442238,5988891.56903317,574.9,0.0,603.0,BID
843,1712704570.595198,5989005.63582739,574.9,3.1738437184389365e-08,603.0,BID
844,1712704587.315272,5989711.4675347,574.0,-1.963936609118871e-07,603.0,ASK
845,1712704587.321936,5989825.12974147,574.5,-3.16258630260674e-08,603.0,ASK
846,1712704587.3285675,5989834.12974147,574.0,-2.504198847826089e-09,603.0,ASK
847,1712704587.332839,5990122.00797611,574.0,-8.010048261101167e-08,603.0,ASK
848,1712704587.3357294,5990382.92291783,574.8,-7.259809960390744e-08,603.0,ASK
849,1712704587.3386023,5992122.35586269,574.7,-4.83987330709992e-07,603.0,ASK
850,1712704587.341527,5992186.804565,574.1,-1.793248511879104e-08,603.0,ASK
851,1712704587.374375,5992186.80456583,574.0,2.3088947491234433e-16,603.0,BID
852,1712704587.3807778,5992529.12613683,574.0,9.524903152044637e-08,603.0,BID
853,1712704590.5542507,5992529.12613683,574.0,0.0,603.0,BID
854,1712704604.6543071,5994509.70155952,573.7,-5.50763637648072e-07,603.0,ASK
855,1712704604.7542768,5999871.62771252,573.7,1.4910585676232536e-06,603.0,BID
856,1712704604.7605767,5999871.6277133,573.7,2.1702912670402124e-16,603.0,BID
857,1712704611.5741563,5999886.46074513,574.9,4.124808615790482e-09,603.0,BID
1057,1712704611.5741563,5999886.46074513,574.9,4.1248086157904824e-09,603.0,BID
858,1712704620.3776653,5999886.46074513,574.9,0.0,603.0,BID
859,1712704650.3850806,5999886.46074513,574.9,0.0,603.0,BID
860,1712704667.2748246,6001283.72511795,574.0,3.880994248924011e-07,603.0,BID
861,1712704670.8316357,6001702.83469983,574.0,1.1641045950835097e-07,603.0,BID
862,1712704680.5548096,6001702.83469983,574.0,0.0,603.0,BID
863,1712704690.9249022,6002045.34288824,574.0,-9.510637389137337e-08,603.0,ASK
864,1712704692.4119952,6002341.72976216,574.0,8.22995823207964e-08,603.0,BID
865,1712704710.5585086,6002341.72976216,574.0,0.0,603.0,BID
866,1712704740.3373983,6002341.72976216,574.0,0.0,603.0,BID
867,1712704770.4341943,6002341.72976216,574.0,0.0,603.0,BID
868,1712704771.34533,6004059.06847966,575.0,4.768155429233545e-07,603.0,BID
869,1712704771.352185,6005022.45366705,574.9,2.674819046987868e-07,603.0,BID
870,1712704771.3571548,6006568.65815887,574.0,4.293004791222145e-07,603.0,BID
871,1712704771.3601909,6006827.54559044,574.9,7.187955991553722e-08,603.0,BID
872,1712704771.485365,6007236.54559044,575.9,-1.135580040608271e-07,603.0,ASK
873,1712704771.493266,6007753.32875586,575.9,-1.434837770107029e-07,603.0,ASK
874,1712704771.5057886,6010482.80554647,575.9,-7.57833585506106e-07,603.0,ASK
875,1712704771.571808,6010569.62137287,575.9,-2.4104234637887665e-08,603.0,ASK
876,1712704771.6484275,6010578.65134287,575.9,2.507152493593982e-09,603.0,BID
877,1712704772.3448367,6011872.6078785,574.0,3.592643558131958e-07,603.0,BID
878,1712704772.3515124,6011959.28804287,574.0,2.4066568355988983e-08,603.0,BID
879,1712704776.4824517,6011969.19626812,575.9,2.750998247232776e-09,603.0,BID
880,1712704791.1647954,6012303.83423221,573.7,-9.291153859431996e-08,603.0,ASK
881,1712704791.1748748,6012705.32600854,573.7,-1.114733612880443e-07,603.0,ASK
1081,1712704791.1748748,6012705.32600854,573.7,-1.1147336128804427e-07,603.0,ASK
882,1712704791.180289,6012879.66352597,573.6,-4.840445113026629e-08,603.0,ASK
883,1712704791.1856437,6012888.72749668,573.7,-2.51659272056365e-09,603.0,ASK
1083,1712704791.1856437,6012888.72749668,573.7,-2.5165927205636504e-09,603.0,ASK
884,1712704791.1895428,6016422.77756595,573.6,-9.812216922183312e-07,603.0,ASK
885,1712704799.4952855,6018422.77756595,573.6,-5.552958633781274e-07,603.0,ASK
886,1712704800.3851857,6018422.77756595,573.6,-0.0,603.0,ASK
887,1712704815.403544,6018431.84944313,573.2,-2.5179905073744104e-09,603.0,ASK
888,1712704815.408857,6018441.20967706,573.6,-2.598026815530181e-09,603.0,ASK
889,1712704815.411969,6019313.65776639,573.1,-2.421567183258222e-07,603.0,ASK
890,1712704815.4151075,6019662.39359899,573.5,-9.679512834960676e-08,603.0,ASK
891,1712704815.4182196,6019725.15715102,573.1,-1.7420653418898198e-08,603.0,ASK
892,1712704815.421394,6019742.609158,573.0,-4.843979590449311e-09,603.0,ASK
893,1712704815.4245498,6019760.05507565,573.2,-4.842289435906338e-09,603.0,ASK
894,1712704815.4277134,6019777.48882739,573.6,-4.838912665398449e-09,603.0,ASK
895,1712704815.430894,6019842.00495642,573.5,-1.7907098744379976e-08,603.0,ASK
896,1712704815.4340498,6020016.52502622,573.0,-4.843979590501012e-08,603.0,ASK
897,1712704815.4374847,6020068.81716496,573.1,-1.4514207626209812e-08,603.0,ASK
898,1712704815.440666,6020307.90966058,573.0,-6.636252038788892e-08,603.0,ASK
899,1712704815.4793282,6021507.85521775,573.0,3.330569255041593e-07,603.0,BID
900,1712704816.1952677,6021516.93184543,572.9,-2.519309056161254e-09,603.0,ASK
901,1712704816.201903,6021521.93867104,572.8,-1.389694669277719e-09,603.0,ASK
902,1712704827.6155105,6021534.38994598,572.8,-3.455976252655605e-09,603.0,ASK
903,1712704827.621119,6021551.84804653,572.8,-4.8456709219333244e-09,603.0,ASK
904,1712704827.8763485,6023163.00289864,572.8,4.471921899691526e-07,603.0,BID
905,1712704828.51588,6023390.00289864,572.8,6.300612693438945e-08,603.0,BID
906,1712704830.358082,6023390.00289864,572.8,0.0,603.0,BID
907,1712704860.5662415,6023390.00289864,572.8,0.0,603.0,BID
908,1712704863.4854968,6023454.60914973,572.7,-1.7917958136471333e-08,603.0,ASK
909,1712704863.4898922,6027011.32937864,572.7,-9.864241167026393e-07,603.0,ASK
910,1712704863.5855155,6027626.78480888,572.7,-1.7069098497234305e-07,603.0,ASK
911,1712704863.5900557,6027653.33039043,572.6,-7.362176428808095e-09,603.0,ASK
912,1712704884.8954751,6027722.92619908,573.0,1.930176669959066e-08,603.0,BID
913,1712704884.9007285,6028322.92619908,572.6,1.6640456148638104e-07,603.0,BID
914,1712704884.9054012,6028945.24520628,573.0,1.7259453582938742e-07,603.0,BID
915,1712704884.9091537,6029049.94634196,572.8,2.9037910949949508e-08,603.0,BID
916,1712704890.5651612,6029049.94634196,572.8,0.0,603.0,BID
917,1712704913.2554188,6029399.41340348,572.3,-9.683446481103529e-08,603.0,ASK
918,1712704913.273035,6029416.88370396,572.4,-4.840877391098951e-09,603.0,ASK
919,1712704913.3352234,6029416.88370516,572.3,-3.323836873803317e-16,603.0,ASK
920,1712704913.4750798,6029434.36011201,572.2,-4.8425694163238105e-09,603.0,ASK
1120,1712704913.4750798,6029434.36011201,572.2,-4.84256941632381e-09,603.0,ASK
921,1712704913.4853263,6029792.97598058,572.2,-9.936952442571034e-08,603.0,ASK
922,1712704913.4916654,6029801.97598058,572.2,-2.4938263981369787e-09,603.0,ASK
923,1712704920.4141886,6029801.97598058,572.2,-0.0,603.0,ASK
924,1712704925.1254437,6029976.8011554,572.0,-4.8436850304652655e-08,603.0,ASK
925,1712704925.1327703,6029994.28367288,572.0,-4.843685029871794e-09,603.0,ASK
926,1712704925.137629,6036742.53542058,572.0,-1.8696624216554e-06,603.0,ASK
927,1712704925.2258074,6036751.53542058,571.8,-2.4935290537486356e-09,603.0,ASK
928,1712704925.2317076,6036751.53542113,572.0,-1.5249637998282946e-16,603.0,ASK
929,1712704925.2396307,6036769.02405351,571.8,-4.845379216659618e-09,603.0,ASK
930,1712704925.3853014,6039015.111911,571.8,6.222983699913365e-07,603.0,BID
931,1712704925.4255383,6039365.00694243,571.6,-9.69414918480629e-08,603.0,ASK
932,1712704925.4325616,6039382.50169406,571.6,-4.847074608710711e-09,603.0,ASK
933,1712704926.1658216,6039732.27434183,571.8,9.690758438015405e-08,603.0,BID
934,1712704940.1146345,6041689.02809504,571.4,-5.421358149621714e-07,603.0,ASK
935,1712704940.33953,6042802.02809504,571.4,3.083664263135813e-07,603.0,BID
936,1712704941.1557405,6043224.02809504,571.4,1.1691880674243601e-07,603.0,BID
937,1712704941.1592703,6044432.61578769,571.4,3.348498361806543e-07,603.0,BID
938,1712704941.4145105,6044954.61578769,571.4,1.4462468511742085e-07,603.0,BID
939,1712704946.1150672,6044963.55642856,571.1,-2.477083085519853e-09,603.0,ASK
940,1712704946.1213171,6044973.55642856,571.2,-2.7705878374984838e-09,603.0,ASK
941,1712704946.1277008,6045394.91075866,571.0,-1.1673991822527113e-07,603.0,ASK
942,1712704946.1309843,6045412.41776146,571.2,-4.850468902809945e-09,603.0,ASK
943,1712704946.1342587,6045605.06224482,571.0,-5.337384625596748e-08,603.0,ASK
944,1712704946.2545855,6046500.82027952,571.0,2.4817763162802466e-07,603.0,BID
945,1712704946.2616744,6047088.63036304,571.4,1.628579468158559e-07,603.0,BID
946,1712704946.5774634,6047262.63036304,571.0,4.8208228372473624e-08,603.0,BID
1146,1712704946.5774634,6047262.63036304,571.0,4.820822837247362e-08,603.0,BID
947,1712704946.6779628,6047531.53968984,571.0,7.450369102223875e-08,603.0,BID
948,1712704947.7845142,6047800.44901664,571.0,7.450369102223875e-08,603.0,BID
949,1712704947.864396,6048161.44901664,571.0,1.0001822093369526e-07,603.0,BID
950,1712704949.97437,6048717.44901664,571.0,1.540446837649157e-07,603.0,BID
951,1712704950.3601904,6048717.44901664,571.0,0.0,603.0,BID
952,1712704951.198126,6049248.44901664,571.0,1.46678815856138e-07,603.0,BID
953,1712704952.7848136,6050015.44901664,571.0,2.118694006810882e-07,603.0,BID
954,1712704962.6942215,6050032.96828783,570.8,-4.839370909326863e-09,603.0,ASK
955,1712704962.8743896,6050203.96828783,570.8,4.7235550868925793e-08,603.0,BID
956,1712704974.113752,6050369.55861787,571.0,4.574123074859953e-08,603.0,BID
957,1712704974.2540362,6051877.60919389,572.7,-4.165707584591057e-07,603.0,ASK
958,1712704974.2616372,6052184.67244285,572.7,-8.48204778725026e-08,603.0,ASK
959,1712704980.574329,6052184.67244285,572.7,-0.0,603.0,ASK
960,1712705006.75361,6052359.49761767,572.0,-4.8265747715654013e-08,603.0,ASK
1160,1712705006.75361,6052359.49761767,572.0,-4.826574771565401e-08,603.0,ASK
961,1712705010.6739297,6052359.49761767,572.0,-0.0,603.0,ASK
962,1712705040.3852265,6052359.49761767,572.0,-0.0,603.0,ASK
963,1712705056.1619363,6053730.87693468,572.0,3.786000549617954e-07,603.0,BID
964,1712705070.3616157,6053730.87693468,572.0,0.0,603.0,BID
965,1712705100.566988,6053730.87693468,572.0,0.0,603.0,BID
966,1712705110.4909563,6053744.96038798,572.1,-3.892963353260612e-09,603.0,ASK
967,1712705130.5691004,6053744.96038798,572.1,-0.0,603.0,ASK
968,1712705131.470852,6053818.24628968,572.1,-2.0257722886249364e-08,603.0,ASK
969,1712705131.4784958,6054350.30193698,572.0,-1.4707106841884097e-07,603.0,ASK
970,1712705131.5307798,6054350.3019377,572.0,-1.989985052235568e-16,603.0,ASK
971,1712705141.7086,6054525.12711252,572.0,-4.8325255784224855e-08,603.0,ASK
972,1712705146.960364,6054925.12711252,572.0,-1.1056818523778288e-07,603.0,ASK
973,1712705160.3818688,6054925.12711252,572.0,-0.0,603.0,ASK
974,1712705183.3095114,6055005.81937004,572.7,2.230082983143204e-08,603.0,BID
975,1712705190.3799384,6055005.81937004,572.7,0.0,603.0,BID
976,1712705220.542847,6055005.81937004,572.7,0.0,603.0,BID
977,1712705250.5485072,6055005.81937004,572.7,0.0,603.0,BID
978,1712705251.4084506,6055180.33943984,572.6,4.82313023873792e-08,603.0,BID
979,1712705280.3483102,6055180.33943984,572.6,0.0,603.0,BID
1180,1712705301.208025,6055197.80363823,572.6,4.8263662312489634e-09,603.0,BID
980,1712705301.208025,6055197.80363823,572.6,4.826366231248963e-09,603.0,BID
981,1712705310.3592262,6055197.80363823,572.6,0.0,603.0,BID
982,1712705328.057211,6055215.32597921,570.7,-4.842421003152242e-09,603.0,ASK
1183,1712705328.0673242,6055241.96460521,570.6,-7.3617698789043685e-09,603.0,ASK
983,1712705328.0673242,6055241.96460521,570.6,-7.361769878904368e-09,603.0,ASK
984,1712705328.0731266,6055259.49616201,570.4,-4.844967859116382e-09,603.0,ASK
985,1712705328.0773923,6055275.39329788,570.6,-4.393284248446391e-09,603.0,ASK
986,1712705328.1571922,6055591.18666452,570.4,8.727169691465546e-08,603.0,BID
987,1712705328.1669924,6056179.90306058,570.4,1.6269587747298557e-07,603.0,BID
988,1712705340.0882685,6057926.6279514,572.5,4.827195925202148e-07,603.0,BID
989,1712705340.5391085,6057926.6279514,572.5,0.0,603.0,BID
990,1712705353.99722,6059497.85700167,570.3,-4.340329510447465e-07,603.0,ASK
991,1712705358.8870375,6059515.32425057,572.5,4.825115463172367e-09,603.0,BID
992,1712705370.5374725,6059515.32425057,572.5,0.0,603.0,BID
993,1712705393.3464446,6059547.80582637,572.0,8.970395788785377e-09,603.0,BID
994,1712705400.4564674,6059547.80582637,572.0,0.0,603.0,BID
995,1712705407.51959,6059561.88927967,570.4,-3.907570799449055e-09,603.0,ASK
996,1712705430.4062986,6059561.88927967,570.4,-0.0,603.0,ASK
997,1712705446.4864166,6059735.77208266,570.6,-4.824511677419824e-08,603.0,ASK
998,1712705460.558199,6059735.77208266,570.6,-0.0,603.0,ASK
999,1712705490.5458937,6059735.77208266,570.6,-0.0,603.0,ASK
1000,1712705497.0370235,6060545.48368266,570.5,-2.2465450669171045e-07,603.0,ASK
1201,1712705497.135244,6061405.98422889,571.0,2.3874590128292525e-07,603.0,BID
1202,1712705512.075285,6061493.46238123,571.0,2.42708158807374e-08,603.0,BID
1203,1712705520.4233308,6061493.46238123,571.0,0.0,603.0,BID
1204,1712705550.3650427,6061493.46238123,571.0,0.0,603.0,BID
1205,1712705562.624855,6061668.59372974,571.0,4.85766764596766e-08,603.0,BID
1206,1712705580.5348935,6061668.59372974,571.0,0.0,603.0,BID
1207,1712705595.6945648,6061703.60249505,571.0,9.710210714461718e-09,603.0,BID
1208,1712705596.139068,6061738.62876475,571.0,9.715065821947476e-09,603.0,BID
1209,1712705603.58489,6061750.99215944,571.0,3.429174565863158e-09,603.0,BID
1210,1712705603.5875816,6061909.01467512,571.0,4.3829935483010644e-08,603.0,BID
1211,1712705607.4342728,6061925.12433512,570.6,-4.4682579279275566e-09,603.0,ASK
1212,1712705607.4370022,6062102.33818982,570.6,-4.915294371033396e-08,603.0,ASK
1213,1712705610.544421,6062102.33818982,570.6,-0.0,603.0,ASK
1214,1712705640.3546958,6062102.33818982,570.6,-0.0,603.0,ASK
1215,1712705645.8147182,6062114.6038285,570.7,-3.40182684384239e-09,603.0,ASK
1216,1712705645.81687,6064470.9561147,570.6,-6.535250768218243e-07,603.0,ASK
1217,1712705645.878831,6065051.1939147,570.5,-1.6092668105735382e-07,603.0,ASK
1218,1712705660.10398,6065226.6267147,570.5,-4.8655599915281386e-08,603.0,ASK
1219,1712705667.2881432,6069858.15653035,570.5,-1.2845366528180643e-06,603.0,ASK
1220,1712705667.373847,6070245.52768974,570.5,-1.074358737363968e-07,603.0,ASK
1221,1712705670.3580718,6070245.52768974,570.5,-0.0,603.0,ASK
1222,1712705677.6137855,6072394.86896884,570.5,-5.953442660007314e-07,603.0,ASK
1223,1712705700.543801,6072394.86896884,570.5,-0.0,603.0,ASK
1224,1712705705.923472,6072570.30746884,570.5,4.87459622771958e-08,603.0,BID
1225,1712705706.0635357,6072699.62376884,570.4,-3.5930810407201214e-08,603.0,ASK
1226,1712705708.3940866,6073432.80185565,570.4,-2.0371509880707137e-07,603.0,ASK
1227,1712705708.395673,6073615.03589498,570.3,-5.0634117407462886e-08,603.0,ASK
1228,1712705708.396914,6073632.56745178,570.4,-4.8711805358168145e-09,603.0,ASK
1229,1712705708.67362,6073646.65090508,570.2,-3.9131176071030325e-09,603.0,ASK
1230,1712705712.1048274,6073650.10515784,570.2,-9.597715138415798e-10,603.0,ASK
1231,1712705712.107561,6073707.94856442,570.1,-1.607191417590486e-08,603.0,ASK
1232,1712705712.1102452,6073717.06817157,570.2,-2.53390234240471e-09,603.0,ASK
1233,1712705720.7137213,6074763.3326507,570.3,2.907068222287157e-07,603.0,BID
1234,1712705725.2934985,6075304.21882666,570.3,-1.50286380296189e-07,603.0,ASK
1235,1712705730.5535648,6075304.21882666,570.3,-0.0,603.0,ASK
1236,1712705760.343447,6075304.21882666,570.3,-0.0,603.0,ASK
1237,1712705768.1732948,6075479.56513562,570.3,-4.8697894969542766e-08,603.0,ASK
1238,1712705768.1831386,6079533.69168516,570.3,-1.125928627035836e-06,603.0,ASK
1239,1712705782.376737,6079533.69168542,570.1,-7.242220137585684e-17,603.0,ASK
1240,1712705782.3780491,6081965.89955642,570.1,-6.754827298547737e-07,603.0,ASK
1241,1712705782.533474,6081983.44341607,570.0,-4.872352544422579e-09,603.0,ASK
1242,1712705782.536385,6082071.16271431,570.0,-2.4361762718750443e-08,603.0,ASK
1243,1712705782.539191,6082136.34008273,570.0,-1.8101325659768285e-08,603.0,ASK
1244,1712705782.541956,6083850.66805029,570.0,-4.761101833446327e-07,603.0,ASK
1245,1712705782.693416,6084017.42248244,569.7,-4.6311723758172414e-08,603.0,ASK
1246,1712705782.6956968,6084026.55009346,569.7,-2.534957510055029e-09,603.0,ASK
1247,1712705782.6978874,6084241.18837229,569.5,-5.96102217429943e-08,603.0,ASK
1248,1712705782.7737875,6084250.18837151,569.0,-2.4995166386188863e-09,603.0,ASK
1249,1712705782.7765694,6084250.18837187,569.5,-9.983917761100264e-17,603.0,ASK
1250,1712705782.7793248,6084472.93529629,569.0,-6.186218800125765e-08,603.0,ASK
1251,1712705789.761375,6084472.93529707,569.0,-2.167493026891716e-16,603.0,ASK
1252,1712705790.333317,6084472.93529707,569.0,-0.0,603.0,ASK
1253,1712705790.7429564,6084700.93529707,569.0,6.322930090447511e-08,603.0,BID
1254,1712705791.783224,6085587.93529707,569.0,2.4598416623802384e-07,603.0,BID
1255,1712705820.5440578,6085587.93529707,569.0,0.0,603.0,BID
1256,1712705842.7628782,6087791.99121605,569.0,6.111245601849787e-07,603.0,BID
1257,1712705842.8234484,6089578.65263167,569.0,4.953924546184899e-07,603.0,BID
1258,1712705842.8255937,6091491.57733204,569.0,5.304018179000817e-07,603.0,BID
1259,1712705843.3224883,6091591.57733204,569.0,2.77272711151398e-08,603.0,BID
1260,1712705850.5537212,6091591.57733204,569.0,0.0,603.0,BID
1261,1712705852.0276818,6092281.55405665,569.0,1.9113068121088106e-07,603.0,BID
1262,1712705852.0307064,6092370.81593627,569.0,2.4726462863818183e-08,603.0,BID
1263,1712705856.782838,6092751.93529909,569.0,1.055740010355192e-07,603.0,BID
1264,1712705856.7845292,6093242.64396357,569.0,1.359313698170467e-07,603.0,BID
1265,1712705857.0025148,6093442.64396357,569.0,5.5402066299841984e-08,603.0,BID
1266,1712705857.424415,6093956.81910708,569.0,1.424318269523875e-07,603.0,BID
1267,1712705869.9525535,6095029.29538585,569.1,-2.970870095070568e-07,603.0,ASK
1268,1712705877.278098,6095522.56794898,569.1,-1.36641596232271e-07,603.0,ASK
1269,1712705877.4123962,6097805.4415505,569.1,6.323795731277125e-07,603.0,BID
1270,1712705880.3550851,6097805.4415505,569.1,0.0,603.0,BID
1271,1712705906.893269,6099116.18626798,569.1,3.62734519747461e-07,603.0,BID
1272,1712705910.3567102,6099116.18626798,569.1,0.0,603.0,BID
1273,1712705935.962497,6099126.18626798,568.8,-2.766821412857309e-09,603.0,ASK
1274,1712705935.9649253,6099143.76713999,568.8,-4.864313313261131e-09,603.0,ASK
1275,1712705935.967321,6099231.67150004,568.8,-2.4321566567078693e-08,603.0,ASK
1276,1712705940.5455358,6099231.67150004,568.8,-0.0,603.0,ASK
1277,1712705962.8022296,6099275.5908512,568.5,-1.2151479273268917e-08,603.0,ASK
1278,1712705962.8053386,6099293.18100071,568.5,-4.866791779679796e-09,603.0,ASK
1279,1712705965.952839,6099303.18100071,568.2,-2.7667711276317912e-09,603.0,ASK
1280,1712705965.9551313,6099329.93685354,568.1,-7.402732110428233e-09,603.0,ASK
1281,1712705965.9569955,6099356.67858471,568.4,-7.398824970303329e-09,603.0,ASK
1282,1712705965.9588892,6099374.27492467,568.3,-4.8685045354933346e-09,603.0,ASK
1283,1712705965.9629698,6099383.26119711,568.2,-2.4862959130256267e-09,603.0,ASK
1284,1712705965.9644206,6100161.12751752,568.1,-2.152178076469625e-07,603.0,ASK
1285,1712705966.0921395,6100907.67281206,568.5,2.065519966402652e-07,603.0,BID
1286,1712705970.5443664,6100907.67281206,568.5,0.0,603.0,BID
1287,1712705990.7824917,6100925.24441634,569.1,4.860379895078419e-09,603.0,BID
1288,1712706000.4218693,6100925.24441634,569.1,0.0,603.0,BID
1289,1712706005.9848015,6114640.09112634,569.1,3.7972827652330375e-06,603.0,BID
1290,1712706005.9881015,6114640.09112652,569.1,4.9766765943075936e-17,603.0,BID
1291,1712706006.0884182,6114868.09112652,570.3,6.312724369291333e-08,603.0,BID
1292,1712706007.1024678,6115354.88868488,570.3,1.347815267355018e-07,603.0,BID
1293,1712706007.105749,6116353.65737087,570.3,2.765329571637825e-07,603.0,BID
1294,1712706007.1083317,6118668.09112652,570.5,6.40806244315938e-07,603.0,BID
1295,1712706011.464629,6119756.70707692,570.5,3.014093174951486e-07,603.0,BID
1296,1712706013.8019907,6121737.42574519,570.5,-5.484092546446417e-07,603.0,ASK
1297,1712706013.881897,6123984.73773872,569.0,6.222219818841072e-07,603.0,BID
1298,1712706013.8916245,6124658.77427847,569.0,1.86623109222532e-07,603.0,BID
1299,1712706014.7920094,6124991.00019209,568.9,-9.19846763603802e-08,603.0,ASK
1300,1712706014.7945375,6126694.92138026,569.0,4.7177126350496374e-07,603.0,BID
1301,1712706030.3517177,6126694.92138026,569.0,0.0,603.0,BID
1302,1712706046.4921415,6127054.86634976,569.0,9.92560803513594e-08,603.0,BID
1303,1712706060.5415428,6127054.86634976,569.0,0.0,603.0,BID
1304,1712706090.5526893,6127054.86634976,569.0,0.0,603.0,BID
1305,1712706094.7416236,6128634.50518983,569.0,4.355663184861861e-07,603.0,BID
1306,1712706115.2928984,6191211.05198657,569.0,1.7254726473189566e-05,603.0,BID
1307,1712706115.2968006,6192032.52286631,569.0,2.265106667142608e-07,603.0,BID
1308,1712706115.3060453,6193696.08512042,569.0,4.587071856015645e-07,603.0,BID
1309,1712706115.5116236,6193929.90977292,569.0,6.447432190032769e-08,603.0,BID
1310,1712706115.6616397,6194564.03163734,569.0,1.7485144005735468e-07,603.0,BID
1311,1712706115.6649384,6195450.08903392,569.0,2.443196181342989e-07,603.0,BID
1312,1712706115.752475,6195683.91368592,569.0,6.447432176216878e-08,603.0,BID
1313,1712706117.7020347,6195683.91368631,569.0,1.0759959549337443e-16,603.0,BID
1314,1712706120.3357632,6195683.91368631,569.0,0.0,603.0,BID
1315,1712706127.3017025,6195701.42682116,571.0,4.7775923260021485e-09,603.0,BID
1316,1712706150.4022725,6195701.42682116,571.0,0.0,603.0,BID
1317,1712706174.538726,6195801.42682116,568.5,-2.727997776302924e-08,603.0,ASK
1318,1712706174.5417545,6195811.27946116,568.6,-2.687798001118234e-09,603.0,ASK
1319,1712706174.5443325,6196233.24168937,568.2,-1.1511120202399205e-07,603.0,ASK
1320,1712706174.5462172,6196250.81020658,569.2,-4.792687588171602e-09,603.0,ASK
1321,1712706180.5353894,6196250.81020658,569.2,-0.0,603.0,ASK
1322,1712706199.7619588,6196268.71244638,569.0,-4.883311119505418e-09,603.0,ASK
1323,1712706199.7636435,6204374.77523153,568.3,-2.2111437996254094e-06,603.0,ASK
1324,1712706199.7652545,6208952.81300332,568.2,-1.2487813260082298e-06,603.0,ASK
1325,1712706199.76683,6208969.65187452,568.4,-4.5932491065800135e-09,603.0,ASK
1326,1712706199.8712862,6215291.92604685,568.2,1.724568104911618e-06,603.0,BID
1327,1712706199.991317,6215473.92604685,568.2,-4.96453311796548e-08,603.0,ASK
1328,1712706199.9948423,6215655.92604685,568.2,-4.96453311796548e-08,603.0,ASK
1329,1712706200.0109468,6216995.92604685,570.0,3.655205702238321e-07,603.0,BID
1330,1712706201.6848848,6217063.6763537,570.3,1.848069462146341e-08,603.0,BID
1331,1712706210.521242,6217063.6763537,570.3,0.0,603.0,BID
1332,1712706235.3710723,6217072.44828352,570.0,2.385080395230194e-09,603.0,BID
1333,1712706240.3822513,6217072.44828352,570.0,0.0,603.0,BID
1334,1712706251.7309835,6217931.62287052,570.0,2.3360853539752018e-07,603.0,BID
1335,1712706251.7330337,6218799.56938733,570.0,2.359936125477157e-07,603.0,BID
1336,1712706256.0208423,6220795.49733126,570.0,-5.426904040172576e-07,603.0,ASK
1337,1712706256.1212656,6221165.93016981,570.0,-1.0072024264465045e-07,603.0,ASK
1338,1712706257.730992,6221183.47402945,570.0,4.770154305961974e-09,603.0,BID
1339,1712706270.360948,6221183.47402945,570.0,0.0,603.0,BID
1340,1712706300.3812222,6221183.47402945,570.0,0.0,603.0,BID
1341,1712706322.4008296,6221192.23980785,570.4,2.39063140415984e-09,603.0,BID
1342,1712706330.375508,6221192.23980785,570.4,0.0,603.0,BID
1343,1712706355.5207796,6229268.05625502,570.4,2.202459748067601e-06,603.0,BID
1344,1712706355.524484,6231192.23980785,570.4,5.247688392528595e-07,603.0,BID
1345,1712706356.0607133,6231577.93405745,570.4,-1.0518763834747025e-07,603.0,ASK
1346,1712706360.560672,6231577.93405745,570.4,-0.0,603.0,ASK
1347,1712706379.0907423,6233335.370833,569.9,-4.785200795402467e-07,603.0,ASK
1348,1712706379.1005957,6250619.04989773,569.2,-4.706051219517297e-06,603.0,ASK
1349,1712706385.3604698,6250636.56303258,571.0,4.76852811870972e-09,603.0,BID
1350,1712706390.5421104,6250636.56303258,571.0,0.0,603.0,BID
1351,1712706420.3737917,6250636.56303258,571.0,0.0,603.0,BID
1352,1712706450.387993,6250636.56303258,571.0,0.0,603.0,BID
1353,1712706463.0705762,6250724.12870683,571.0,2.377241413092057e-08,603.0,BID
1354,1712706480.5506322,6250724.12870683,571.0,0.0,603.0,BID
1355,1712706510.5203896,6250724.12870683,571.0,0.0,603.0,BID
1356,1712706526.4103923,6251249.43075551,570.9,1.426075736376103e-07,603.0,BID
1357,1712706526.55015,6251383.89531055,570.9,3.65040722431739e-08,603.0,BID
1358,1712706526.560141,6251733.10452414,570.9,9.480236897439728e-08,603.0,BID
1359,1712706536.9205017,6252183.44706039,569.2,-1.2225776876708025e-07,603.0,ASK
1360,1712706536.9234903,6252587.95150653,569.3,-1.098137685442142e-07,603.0,ASK
1361,1712706540.3816128,6252587.95150653,569.3,-0.0,603.0,ASK
1362,1712706555.560114,6253512.10624625,569.3,-2.50814663135614e-07,603.0,ASK
1363,1712706562.798226,6254203.77457536,570.9,1.8771808606422975e-07,603.0,BID
1364,1712706563.0914364,6254301.92566629,570.9,2.663810696412024e-08,603.0,BID
1365,1712706563.0956051,6255753.77457536,570.9,3.940303278242642e-07,603.0,BID
1366,1712706570.3413637,6255753.77457536,570.9,0.0,603.0,BID
1367,1712706590.2605252,6257142.49448642,569.4,-3.767125484198537e-07,603.0,ASK
1368,1712706590.2635298,6257669.27236174,569.5,-1.4289694724053452e-07,603.0,ASK
1369,1712706599.45006,6258020.58098637,569.5,9.529809878328597e-08,603.0,BID
1370,1712706600.4031684,6258020.58098637,569.5,0.0,603.0,BID
1371,1712706624.0568533,6258108.37729892,569.5,-2.393118629692818e-08,603.0,ASK
1372,1712706624.1700945,6260326.98866086,569.5,6.047406807975866e-07,603.0,BID
1373,1712706624.1903746,6263220.76821476,569.5,7.887754689825937e-07,603.0,BID
1374,1712706624.193835,6263389.76821476,571.0,4.6065379817333214e-08,603.0,BID
1375,1712706630.3701832,6263389.76821476,571.0,0.0,603.0,BID
1376,1712706656.0902135,6263556.43488142,569.6,-4.5391533014393e-08,603.0,ASK
1377,1712706660.5299864,6263556.43488142,569.6,-0.0,603.0,ASK
1378,1712706687.0898457,6264081.90242183,570.0,1.4310696322430365e-07,603.0,BID
1379,1712706690.5498002,6264081.90242183,570.0,0.0,603.0,BID
1380,1712706694.63994,6264309.90242183,570.0,6.208894706902941e-08,603.0,BID
1381,1712706699.980695,6265132.83750267,570.0,2.241016345415792e-07,603.0,BID
1382,1712706713.1902263,6265922.6569227,570.0,-2.1508357966822522e-07,603.0,ASK
1383,1712706714.2520585,6267773.54404811,570.0,-5.040334770190271e-07,603.0,ASK
1384,1712706714.259436,6271184.67234268,570.0,-9.289182637160016e-07,603.0,ASK
1385,1712706720.3716705,6271184.67234268,570.0,-0.0,603.0,ASK
1386,1712706747.339823,6271272.37625427,570.1,-2.3857221434213587e-08,603.0,ASK
1387,1712706747.3430586,6271710.1398831,570.0,-1.1908047930330044e-07,603.0,ASK
1388,1712706750.349645,6271710.1398831,570.0,-0.0,603.0,ASK
1389,1712706777.0297413,6272236.36335267,570.1,-1.431316666934656e-07,603.0,ASK
1390,1712706777.1896324,6275136.55756341,570.1,7.88846668995802e-07,603.0,BID
1391,1712706780.5496044,6275136.55756341,570.1,0.0,603.0,BID
1392,1712706807.4098427,6275662.02510383,570.2,-1.42850156302778e-07,603.0,ASK
1393,1712706810.5414042,6275662.02510383,570.2,-0.0,603.0,ASK
1394,1712706838.949513,6276127.41828654,570.2,-1.2650843124011678e-07,603.0,ASK
1395,1712706838.951904,6276530.43106221,570.2,-1.095514844522775e-07,603.0,ASK
1396,1712706840.3506896,6276530.43106221,570.2,-0.0,603.0,ASK
1397,1712706862.559586,6276547.95033341,570.8,4.761645242401391e-09,603.0,BID
1398,1712706862.569543,6278463.44811921,570.8,5.206221659950281e-07,603.0,BID
1399,1712706862.646614,6278463.44811979,570.8,1.5769908632104306e-16,603.0,BID
1400,1712706862.7796812,6279387.60285898,571.0,2.5118036971816897e-07,603.0,BID
1401,1712706862.789631,6280003.70601879,571.0,1.674535799071203e-07,603.0,BID
1402,1712706862.8470194,6280003.70601932,571.0,1.4403014464955618e-16,603.0,BID
1403,1712706868.3194566,6280921.65555832,571.1,2.494938291295263e-07,603.0,BID
1404,1712706868.329279,6280921.65555914,571.1,2.230062520848137e-16,603.0,BID
1405,1712706868.4797142,6281259.21384614,571.4,9.174655686368457e-08,603.0,BID
1406,1712706868.4897518,6281596.77213225,571.4,9.17465566219468e-08,603.0,BID
1407,1712706868.4994097,6281934.33042014,571.4,9.17465571059286e-08,603.0,BID
1408,1712706870.3437364,6281934.33042014,571.4,0.0,603.0,BID
1409,1712706895.159628,6282406.85181473,571.5,-1.2832119429857365e-07,603.0,ASK
1410,1712706900.55133,6282406.85181473,571.5,-0.0,603.0,ASK
1411,1712706930.5493207,6282406.85181473,571.5,-0.0,603.0,ASK
1412,1712706960.3904517,6282406.85181473,571.5,-0.0,603.0,ASK
1413,1712706964.4894528,6283085.12442251,570.5,-1.8485719646510933e-07,603.0,ASK
1414,1712706970.4695165,6283785.69348078,570.4,-1.9093389672021602e-07,603.0,ASK
1415,1712706990.3796878,6283785.69348078,570.4,-0.0,603.0,ASK
1416,1712707020.5637767,6283785.69348078,570.4,-0.0,603.0,ASK
1417,1712707029.180767,6283860.72540182,570.4,-2.0444903270422664e-08,603.0,ASK
1418,1712707029.1846282,6284234.98203016,570.4,-1.0197847074602705e-07,603.0,ASK
1419,1712707029.2594802,6285034.98203016,570.2,-2.179861902744507e-07,603.0,ASK
1420,1712707029.3904872,6285134.98203016,570.1,-2.7248273784306334e-08,603.0,ASK
1421,1712707029.3936331,6285152.5258898,570.0,-4.780398907078775e-09,603.0,ASK
1422,1712707029.3966868,6285227.98423044,570.1,-2.0561095250730688e-08,603.0,ASK
1423,1712707029.3984847,6285245.52808956,570.0,-4.780398765221722e-09,603.0,ASK
1424,1712707029.4003818,6286022.31286416,570.1,-2.1166044209795882e-07,603.0,ASK
1425,1712707029.4023244,6286022.31286468,570.0,-1.4160328332002212e-16,603.0,ASK
1426,1712707029.4194005,6286197.78224527,569.9,-4.7812377230826016e-08,603.0,ASK
1427,1712707039.5794642,6286215.31380207,570.4,4.777046595517305e-09,603.0,BID
1428,1712707050.5497172,6286215.31380207,570.4,0.0,603.0,BID
1429,1712707061.9394317,6286566.12944844,570.4,9.55551383628122e-08,603.0,BID
1430,1712707078.0899725,6286575.26441844,569.7,-2.4881824152477126e-09,603.0,ASK
1431,1712707080.3496673,6286575.26441844,569.7,-0.0,603.0,ASK
1432,1712707080.5276508,6286584.0600645,569.6,-2.3956234185787883e-09,603.0,ASK
1433,1712707080.5295985,6288153.43419403,569.6,-4.274420993588193e-07,603.0,ASK
1434,1712707088.671763,6289518.61444565,569.6,3.718268969619768e-07,603.0,BID
1435,1712707093.0796783,6289903.01205042,569.6,-1.0469633472332369e-07,603.0,ASK
1436,1712707095.349908,6290048.12961392,569.4,-3.9524900295687495e-08,603.0,ASK
1437,1712707095.3536155,6290054.16973505,569.6,-1.645115723195736e-09,603.0,ASK
1438,1712707095.9995031,6290121.71963524,569.4,-1.839820767105885e-08,603.0,ASK
1439,1712707104.5493646,6290136.74729868,569.4,-4.0930049046778384e-09,603.0,ASK
1440,1712707110.3838017,6290136.74729868,569.4,-0.0,603.0,ASK
1441,1712707114.3194814,6290484.74729868,569.9,9.47305725583465e-08,603.0,BID
1442,1712707114.449492,6291156.29730267,569.9,1.8280550683762832e-07,603.0,BID
1443,1712707118.4797215,6291384.29730267,569.9,6.20648578830546e-08,603.0,BID
1444,1712707130.210112,6291639.29730267,569.9,6.941464368499528e-08,603.0,BID
1445,1712707130.230069,6291640.26379868,569.9,2.6309402423021167e-10,603.0,BID
1446,1712707131.3696134,6291895.26379868,571.6,6.941464368499528e-08,603.0,BID
1447,1712707140.529603,6291895.26379868,571.6,0.0,603.0,BID
1448,1712707159.5610533,6292460.17341772,569.3,-1.537345122319777e-07,603.0,ASK
1449,1712707159.5632887,6292595.37862826,569.4,-3.67947480324113e-08,603.0,ASK
1450,1712707159.5652685,6292946.31738944,569.6,-9.550447975181888e-08,603.0,ASK
1451,1712707159.5672092,6293810.76158506,569.3,-2.3524985641286405e-07,603.0,ASK
1452,1712707170.5104227,6293810.76158506,569.3,-0.0,603.0,ASK
1453,1712707175.2401216,6293863.45787875,571.0,1.4336515093846276e-08,603.0,BID
1454,1712707177.273546,6293916.2561892,568.2,-1.4364269698917434e-08,603.0,ASK
1455,1712707177.2780268,6293925.2561892,568.5,-2.4485334130531e-09,603.0,ASK
1456,1712707177.2822795,6295792.35775152,569.3,-5.079622845449766e-07,603.0,ASK
1457,1712707177.28525,6296792.35775152,569.1,-2.720592681170112e-07,603.0,ASK
1458,1712707177.2871482,6299788.62705557,569.1,-8.15162833941092e-07,603.0,ASK
1459,1712707177.2890637,6299897.62705557,568.1,-2.9654460224754213e-08,603.0,ASK
1460,1712707177.2909856,6301655.09629985,569.0,-4.781357963371993e-07,603.0,ASK
1461,1712707177.292955,6301696.06560355,568.0,-1.1146078779670708e-08,603.0,ASK
1462,1712707177.294882,6301731.29547848,567.7,-9.58461398940337e-09,603.0,ASK
1463,1712707177.296837,6301740.29547848,567.8,-2.4485334130531e-09,603.0,ASK
1464,1712707177.2990863,6301757.82396226,567.9,-4.768786468415163e-09,603.0,ASK
1465,1712707177.301036,6301857.82396226,568.1,-2.7205926811701124e-08,603.0,ASK
1466,1712707177.3029895,6301893.060044,567.6,-9.586302609465e-09,603.0,ASK
1467,1712707177.3049593,6302119.4756778,568.0,-6.159847162199679e-08,603.0,ASK
1468,1712707177.3069215,6302172.32980042,567.6,-1.4379453916984624e-08,603.0,ASK
1469,1712707177.3088992,6302348.38613844,568.0,-4.7897758468992295e-08,603.0,ASK
1470,1712707177.3108504,6303221.20623338,567.6,-2.374587962272653e-07,603.0,ASK
1471,1712707177.3128352,6303238.81496731,567.9,-4.790619265379649e-09,603.0,ASK
1472,1712707177.314817,6303247.62574955,567.6,-2.3970549676908324e-09,603.0,ASK
1473,1712707177.3168266,6303423.80615828,567.6,-4.7931513055686383e-08,603.0,ASK
1474,1712707177.3188004,6303441.42109574,567.7,-4.792306993308122e-09,603.0,ASK
1475,1712707177.320815,6305189.17990475,567.6,-4.754939824242019e-07,603.0,ASK
1476,1712707187.2577913,6306090.99575813,568.1,-2.453473610470434e-07,603.0,ASK
1477,1712707187.2599423,6307547.13153573,568.1,-3.9615523393288073e-07,603.0,ASK
1478,1712707194.5602176,6307599.99310037,568.1,-1.438147858746644e-08,603.0,ASK
1479,1712707194.5649204,6308072.24968731,568.2,-1.284817814063416e-07,603.0,ASK
1480,1712707200.496082,6308072.24968731,568.2,-0.0,603.0,ASK
1481,1712707202.4497652,441.25641415,568.2,-1.2055423233496654e-07,568.2,ASK
1482,1712707202.5743284,3660.74361615,568.2,8.795856461305093e-07,568.2,BID
1483,1712707202.576508,3660.74361688,568.2,1.9944093290849355e-16,568.2,BID
1484,1712707202.7318144,3863.74361688,570.5,-5.5460970943935257e-08,570.5,ASK
1485,1712707203.1753483,6667.31817444,570.2,7.659555028373955e-07,570.5,BID
1486,1712707214.7597282,7559.6887684,568.1,-2.438016728218612e-07,570.5,ASK
1487,1712707214.7619655,8170.83467444,568.0,-1.669691888541349e-07,570.5,ASK
1488,1712707219.1844258,8298.8234898,568.0,-3.496740871837256e-08,570.5,ASK
1489,1712707220.2722838,8315.67762937,568.0,-4.604664753580642e-09,570.5,ASK
1490,1712707220.4398584,8339.33277331,568.0,-6.462745077492101e-09,570.5,ASK
1491,1712707220.880715,8356.29054844,568.0,-4.632978688466672e-09,570.5,ASK
1492,1712707220.943586,8373.24832357,568.0,-4.632978688466672e-09,570.5,ASK
1493,1712707220.9707377,8390.7033768,568.0,-4.7688384237136545e-09,570.5,ASK
1494,1712707220.9729064,8407.66115193,568.0,-4.632978688466672e-09,570.5,ASK
1495,1712707220.9798825,8424.61892706,568.0,-4.632978688466672e-09,570.5,ASK
1496,1712707220.98202,8509.44928089,568.0,-2.3176225561228123e-08,570.5,ASK
1497,1712707220.9962158,9587.3500356,568.0,-2.944897657015628e-07,570.5,ASK
1498,1712707221.0013125,9600.40994044,568.0,-3.568054201289637e-09,570.5,ASK
1499,1712707230.5027792,9600.40994044,568.0,-0.0,570.5,ASK
1500,1712707232.675177,9993.24185066,568.0,-1.0716445715313864e-07,570.5,ASK
1501,1712707242.670521,10446.63280123,568.0,-1.236849498014781e-07,570.5,ASK
1502,1712707242.6728609,10627.61452617,568.0,-4.9371774041910126e-08,570.5,ASK
1503,1712707244.3909657,10803.08390676,569.9,4.786800773744148e-08,570.5,BID
1504,1712707253.4289377,13431.18908373,569.9,7.169465038459192e-07,570.5,BID
1505,1712707253.4311087,13920.61333868,569.9,1.3351482716850248e-07,570.5,BID
1506,1712707253.5823927,14089.79736526,569.9,-4.6153364570801123e-08,570.5,ASK
1507,1712707260.3860033,14089.79736526,569.9,-0.0,570.5,ASK
1508,1712707260.9171586,14089.79736526,569.9,-0.0,570.5,ASK
1509,1712707262.9006343,14117.25961589,570.0,7.486474558652337e-09,570.5,BID
1510,1712707262.9052112,14265.26192706,569.9,4.0346858388421614e-08,570.5,BID
1511,1712707288.3162374,14337.94318086,570.0,1.9813611229308253e-08,570.5,BID
1512,1712707288.3184557,14485.10463728,570.0,4.011763326852062e-08,570.5,BID
1513,1712707290.5646446,14485.10463728,570.0,0.0,570.5,BID
1514,1712707320.2408338,14485.10463728,570.0,0.0,570.5,BID
1515,1712707320.7919834,14485.10463728,570.0,0.0,570.5,BID
1516,1712707326.270792,14587.04709053,570.0,2.778878976108804e-08,570.5,BID
1517,1712707326.2730334,15762.87584755,570.0,3.205225799671417e-07,570.5,BID
1518,1712707328.1326077,16323.75839901,570.0,-1.5289260564449216e-07,570.5,ASK
1519,1712707342.1571372,18445.93270091,570.0,-5.784896638425958e-07,570.5,ASK
1520,1712707350.45463,18445.93270091,570.0,-0.0,570.5,ASK
1521,1712707354.3505144,18533.65199915,570.0,-2.3896951788124816e-08,570.5,ASK
1522,1712707354.352772,29984.50719809,570.0,-3.11950209488903e-06,570.5,ASK
1523,1712707369.0151398,32108.80367429,570.0,5.787119994570119e-07,570.5,BID
1524,1712707369.0174136,34045.93466912,570.0,5.277233963281652e-07,570.5,BID
1525,1712707369.0803492,39201.47779312,570.0,-1.404500126514351e-06,570.5,ASK
1526,1712707369.0846038,39545.44843812,570.0,-9.370628909508553e-08,570.5,ASK
1527,1712707369.1018486,42496.59037022,570.0,-8.039655798243794e-07,570.5,ASK
1528,1712707369.10781,44579.2747266,570.0,-5.673758072952872e-07,570.5,ASK
1529,1712707369.1240704,44779.2747266,568.3,-5.4485050080413216e-08,570.5,ASK
1530,1712707369.1287675,44788.2747266,568.3,-2.451827253618595e-09,570.5,ASK
1531,1712707369.1313176,44807.2747266,568.1,-5.1760797576392554e-09,570.5,ASK
1532,1712707380.3518422,44807.2747266,568.1,-0.0,570.5,ASK
1533,1712707380.8484783,44807.2747266,568.1,-0.0,570.5,ASK
1534,1712707410.53887,44807.2747266,568.1,-0.0,570.5,ASK
1535,1712707437.860356,45788.2747266,568.1,-2.6615968705041204e-07,570.5,ASK
1536,1712707437.9810665,46017.2747266,568.1,6.213105844499936e-08,570.5,BID
1537,1712707440.354478,46017.2747266,568.1,0.0,570.5,BID
1538,1712707440.7035394,46017.2747266,568.1,0.0,570.5,BID
1539,1712707447.482695,46167.2747266,568.0,-4.0689611162060446e-08,570.5,ASK
1540,1712707447.596388,46395.2747266,568.0,6.184820896633186e-08,570.5,BID
1541,1712707447.7001822,46860.39858762,568.0,1.2617139364733405e-07,570.5,BID
1542,1712707447.7222493,47087.39858762,568.0,6.157694489191814e-08,570.5,BID
1543,1712707452.1209383,47496.39858762,568.0,1.1094700643521813e-07,570.5,BID
1544,1712707456.150031,48021.26029762,567.9,-1.4237612595836016e-07,570.5,ASK
1545,1712707460.4101102,51220.18329762,568.0,8.67752886715813e-07,570.5,BID
1546,1712707465.5400298,51625.18329762,568.0,1.098619501375632e-07,570.5,BID
1547,1712707470.470543,51625.18329762,568.0,0.0,570.5,BID
1548,1712707477.1433914,51853.18329762,568.0,6.179481570782996e-08,570.5,BID
1549,1712707479.9341998,52093.18329762,568.0,6.504717442929469e-08,570.5,BID
1550,1712707484.3806736,52671.07538032,568.0,1.566260296028961e-07,570.5,BID
1551,1712707484.4970329,55013.80360901,568.0,6.34949382216796e-07,570.5,BID
1552,1712707485.229916,55253.9018645,568.0,6.507380460428182e-08,570.5,BID
1553,1712707490.63219,55493.9018645,568.0,6.504717442929469e-08,570.5,BID
1554,1712707490.919838,55732.9018645,568.0,6.477614453583928e-08,570.5,BID
1555,1712707493.480098,55908.9582025,568.0,4.771653053028553e-08,570.5,BID
1556,1712707499.0657165,56147.9582025,568.0,6.477614453583928e-08,570.5,BID
1557,1712707499.2257545,59112.27794479,568.0,8.034192639205825e-07,570.5,BID
1558,1712707499.229689,59461.5253589,568.0,9.465648943580417e-08,570.5,BID
1559,1712707499.495937,59626.5253589,569.9,4.471993242014009e-08,570.5,BID
1560,1712707500.301507,59626.5253589,569.9,0.0,570.5,BID
1561,1712707501.2168956,59626.5253589,569.9,0.0,570.5,BID
1562,1712707518.660222,59635.29882792,569.9,2.3848926428752635e-09,570.5,BID
1563,1712707530.573166,59635.29882792,569.9,0.0,570.5,BID
1564,1712707532.1688807,59644.94964385,569.9,2.623378343771306e-09,570.5,BID
1565,1712707534.2906394,59644.94964456,567.9,-1.9299976139808075e-16,570.5,ASK
1566,1712707534.293263,59654.60045981,567.6,-2.623378158926102e-09,570.5,ASK
1567,1712707541.2602534,59672.21850068,567.6,-4.7891066634450615e-09,570.5,ASK
1568,1712707541.2729647,59907.63990203,567.6,-6.399452755513683e-08,570.5,ASK
1569,1712707541.275278,61085.38026056,567.6,-3.2014480159640744e-07,570.5,ASK
1570,1712707544.9114888,61131.23502143,567.6,-1.2464685628418869e-08,570.5,ASK
1571,1712707547.2610905,61148.78195948,569.9,4.769778805621681e-09,570.5,BID
1572,1712707560.3909402,61148.78195948,569.9,0.0,570.5,BID
1573,1712707560.7933805,61148.78195948,569.9,0.0,570.5,BID
1574,1712707574.002709,61215.92561234,569.9,1.8247377262500707e-08,570.5,BID
1575,1712707574.451689,61568.54691411,569.9,-9.583056104510764e-08,570.5,ASK
1576,1712707590.3703814,61568.54691411,569.9,-0.0,570.5,ASK
1577,1712707606.7465055,61788.38962433,569.9,-5.974194007523548e-08,570.5,ASK
1578,1712707607.8701656,61841.02120328,570.0,1.4302555825250618e-08,570.5,BID
1579,1712707620.4516032,61841.02120328,570.0,0.0,570.5,BID
1580,1712707620.622183,61841.02120328,570.0,0.0,570.5,BID
1581,1712707640.4599895,62665.58260678,570.0,-2.240639192216357e-07,570.5,ASK
1582,1712707640.4631283,63620.75811545,569.9,-2.595566165341604e-07,570.5,ASK
1583,1712707650.4262843,63620.75811545,569.9,-0.0,570.5,ASK
1584,1712707680.4152863,63620.75811545,569.9,-0.0,570.5,ASK
1585,1712707680.8066878,63620.75811545,569.9,-0.0,570.5,ASK
1586,1712707710.5624323,63620.75811545,569.9,-0.0,570.5,ASK
1587,1712707719.7134137,63664.13484821,569.9,-1.1783819221486505e-08,570.5,ASK
1588,1712707719.7159054,66134.94015445,569.9,-6.712244377951587e-07,570.5,ASK
1589,1712707719.71827,68291.67179336,569.9,-5.85902490231167e-07,570.5,ASK
1590,1712707719.7206674,68379.28412754,570.0,-2.380096060396683e-08,570.5,ASK
