,time,acc_trade_volume,trade_price,dev,high,ask_bid
0,1712689619.0974872,5654302.57630768,1120.0,0.0,1141.0,BID
1,1712689620.2519047,5654302.57630768,1120.0,0.0,1141.0,BID
2,1712689621.2021034,5654391.57630768,1118.0,-1.3609773045670425e-08,1141.0,ASK
3,1712689650.2617867,5654391.57630768,1118.0,-0.0,1141.0,ASK
4,1712689676.5118878,5654392.02174596,1118.0,-6.811485002722032e-11,1141.0,ASK
5,1712689680.2619112,5654392.02174596,1118.0,-0.0,1141.0,ASK
6,1712689686.451882,5654472.02174596,1117.0,-1.2233316790866546e-08,1141.0,ASK
7,1712689689.092156,5654472.49102498,1117.0,-7.176048645137202e-11,1141.0,ASK
8,1712689697.382388,5654562.09675974,1116.0,-1.3702191744959112e-08,1141.0,ASK
9,1712689697.3839345,5657193.80374898,1116.0,-4.024313162513666e-07,1141.0,ASK
10,1712689710.2539327,5657193.80374898,1116.0,-0.0,1141.0,ASK
11,1712689740.3722208,5657193.80374898,1116.0,-0.0,1141.0,ASK
12,1712689770.3822968,5657193.80374898,1116.0,-0.0,1141.0,ASK
13,1712689800.262446,5657193.80374898,1116.0,-0.0,1141.0,ASK
14,1712689830.2654548,5657193.80374898,1116.0,-0.0,1141.0,ASK
15,1712689853.452066,5657282.80374898,1115.0,-1.3603216718589977e-08,1141.0,ASK
16,1712689855.141942,5657283.48984763,1115.0,-1.0486683851250612e-10,1141.0,ASK
17,1712689860.3721015,5657283.48984763,1115.0,-0.0,1141.0,ASK
18,1712689862.4043462,5657288.28984763,1114.0,-7.33645418572312e-10,1141.0,ASK
19,1712689862.472047,5657291.48984763,1114.0,4.890969457623235e-10,1141.0,BID
20,1712689890.372119,5657291.48984763,1114.0,0.0,1141.0,BID
21,1712689920.2419193,5657291.48984763,1114.0,0.0,1141.0,BID
22,1712689950.262179,5657291.48984763,1114.0,0.0,1141.0,BID
23,1712689980.372791,5657291.48984763,1114.0,0.0,1141.0,BID
24,1712690010.3823173,5657291.48984763,1114.0,0.0,1141.0,BID
25,1712690040.2418735,5657291.48984763,1114.0,0.0,1141.0,BID
26,1712690070.2424872,5657291.48984763,1114.0,0.0,1141.0,BID
27,1712690100.2842407,5657291.48984763,1114.0,0.0,1141.0,BID
28,1712690130.232813,5657291.48984763,1114.0,0.0,1141.0,BID
29,1712690160.3720038,5657291.48984763,1114.0,0.0,1141.0,BID
30,1712690190.422042,5657291.48984763,1114.0,0.0,1141.0,BID
31,1712690220.2521703,5657291.48984763,1114.0,0.0,1141.0,BID
32,1712690248.2625835,5657297.19990673,1114.0,-8.72749123110217e-10,1141.0,ASK
33,1712690250.292046,5657297.19990673,1114.0,-0.0,1141.0,ASK
34,1712690280.372492,5657297.19990673,1114.0,-0.0,1141.0,ASK
35,1712690310.382112,5657297.19990673,1114.0,-0.0,1141.0,ASK
36,1712690321.6943817,5657740.32288174,1114.0,-6.772868811129546e-08,1141.0,ASK
37,1712690321.695834,5657830.08948773,1114.0,-1.3720287150032134e-08,1141.0,ASK
38,1712690340.2522843,5657830.08948773,1114.0,-0.0,1141.0,ASK
39,1712690370.2625673,5657830.08948773,1114.0,-0.0,1141.0,ASK
40,1712690395.5423188,5657914.89634029,1116.0,1.2961042586228121e-08,1141.0,BID
41,1712690395.5438447,5658133.39747988,1116.0,3.3393558301671465e-08,1141.0,BID
42,1712690400.2730649,5658133.39747988,1116.0,0.0,1141.0,BID
43,1712690422.883288,5658223.00321464,1116.0,1.369382319614391e-08,1141.0,BID
44,1712690430.2520092,5658223.00321464,1116.0,0.0,1141.0,BID
45,1712690460.372024,5658223.00321464,1116.0,0.0,1141.0,BID
46,1712690466.8630328,5658223.00321547,1114.0,-1.2695425416674727e-16,1141.0,ASK
47,1712690466.8645494,5658318.42742302,1112.0,-1.458279719363551e-08,1141.0,ASK
48,1712690466.8660462,5658857.73559911,1113.0,-8.241746993504697e-08,1141.0,ASK
49,1712690466.86759,5660147.71722447,1112.0,-1.971359355159539e-07,1141.0,ASK
50,1712690490.3825166,5660147.71722447,1112.0,-0.0,1141.0,ASK
51,1712690520.2520764,5660147.71722447,1112.0,-0.0,1141.0,ASK
52,1712690550.2624416,5660147.71722447,1112.0,-0.0,1141.0,ASK
53,1712690560.4054298,5662879.51838847,1116.0,4.1733931448497353e-07,1141.0,BID
54,1712690560.4222188,5664674.18647902,1116.0,2.7417279138345937e-07,1141.0,BID
55,1712690580.362043,5664674.18647902,1116.0,0.0,1141.0,BID
56,1712690610.3722315,5664674.18647902,1116.0,0.0,1141.0,BID
57,1712690640.242343,5664674.18647902,1116.0,0.0,1141.0,BID
58,1712690670.2432663,5664674.18647902,1116.0,0.0,1141.0,BID
59,1712690691.3536236,5664680.31856765,1118.0,-9.360813834492634e-10,1141.0,ASK
60,1712690691.356085,5665123.01951313,1117.0,-6.757960272141788e-08,1141.0,ASK
61,1712690700.372183,5665123.01951313,1117.0,-0.0,1141.0,ASK
62,1712690730.3823428,5665123.01951313,1117.0,-0.0,1141.0,ASK
63,1712690760.2219546,5665123.01951313,1117.0,-0.0,1141.0,ASK
64,1712690769.3024309,5666796.13581728,1120.0,2.556008505060252e-07,1141.0,BID
65,1712690769.304112,5668541.80761613,1120.0,2.666851045464348e-07,1141.0,BID
66,1712690790.242789,5668541.80761613,1120.0,0.0,1141.0,BID
67,1712690807.7720354,5668663.13366855,1120.0,1.852406344238392e-08,1141.0,BID
68,1712690820.381987,5668663.13366855,1120.0,0.0,1141.0,BID
69,1712690826.341857,5668797.82517233,1120.0,2.0564274103824355e-08,1141.0,BID
70,1712690826.3819325,5669451.82517233,1120.0,9.985065788464282e-08,1141.0,BID
71,1712690826.4617078,5669871.46802954,1120.0,6.406974827062339e-08,1141.0,BID
72,1712690830.6921554,5670014.58405809,1120.0,2.1850503982512094e-08,1141.0,BID
73,1712690831.4920695,5670117.6457593,1120.0,1.5735135578823434e-08,1141.0,BID
74,1712690843.9430928,5670572.7457593,1120.0,6.94832330325134e-08,1141.0,BID
75,1712690844.842424,5670935.7967593,1120.0,5.542948195057376e-08,1141.0,BID
76,1712690844.9832532,5671042.90890411,1120.0,1.6353544536281906e-08,1141.0,BID
77,1712690845.0423856,5671410.88383025,1120.0,5.618125146811586e-08,1141.0,BID
78,1712690849.9615855,5671744.50049761,1120.0,5.093554085196449e-08,1141.0,BID
79,1712690850.3918438,5671744.50049761,1120.0,0.0,1141.0,BID
80,1712690852.6552584,5671951.3591183,1120.0,3.1565889652004816e-08,1141.0,BID
81,1712690853.271978,5672094.72737813,1120.0,2.1877486441354505e-08,1141.0,BID
82,1712690857.322014,5672301.58599882,1120.0,3.156588965214693e-08,1141.0,BID
83,1712690880.263332,5672301.58599882,1120.0,0.0,1141.0,BID
84,1712690885.2621772,5675212.58599882,1120.0,4.441659553927992e-07,1141.0,BID
85,1712690885.5823364,5675213.12198754,1120.0,8.178218548884838e-11,1141.0,BID
86,1712690910.2431943,5675213.12198754,1120.0,0.0,1141.0,BID
87,1712690940.3716114,5675213.12198754,1120.0,0.0,1141.0,BID
88,1712690970.3717048,5675213.12198754,1120.0,0.0,1141.0,BID
89,1712691000.3216193,5675213.12198754,1120.0,0.0,1141.0,BID
90,1712691011.7124803,5675297.40431255,1123.0,1.2860183443782496e-08,1141.0,BID
91,1712691011.715057,5675302.16918255,1123.0,7.27045703586883e-10,1141.0,BID
92,1712691030.241644,5675302.16918255,1123.0,0.0,1141.0,BID
93,1712691060.3615212,5675302.16918255,1123.0,0.0,1141.0,BID
94,1712691090.391702,5675302.16918255,1123.0,0.0,1141.0,BID
95,1712691120.2613828,5675302.16918255,1123.0,0.0,1141.0,BID
96,1712691125.712011,5675762.16918255,1123.0,7.018783737402374e-08,1141.0,BID
97,1712691150.2432563,5675762.16918255,1123.0,0.0,1141.0,BID
98,1712691180.3517115,5675762.16918255,1123.0,0.0,1141.0,BID
99,1712691205.9818914,5675851.21637756,1123.0,1.3585950972917812e-08,1141.0,BID
100,1712691210.3715727,5675851.21637756,1123.0,0.0,1141.0,BID
101,1712691240.241342,5675851.21637756,1123.0,0.0,1141.0,BID
102,1712691270.243212,5675851.21637756,1123.0,0.0,1141.0,BID
103,1712691272.371726,5676474.79050849,1122.0,9.513739671028966e-08,1141.0,BID
104,1712691299.4217677,5676505.89329856,1118.0,-4.7452874179547355e-09,1141.0,ASK
105,1712691299.5616972,5676719.55875444,1118.0,3.2598490269438126e-08,1141.0,BID
106,1712691299.5822728,5677358.40175326,1118.0,9.746693584551036e-08,1141.0,BID
107,1712691300.3717968,5677358.40175326,1118.0,0.0,1141.0,BID
108,1712691330.3713691,5677358.40175326,1118.0,0.0,1141.0,BID
109,1712691360.2647514,5677358.40175326,1118.0,0.0,1141.0,BID
110,1712691390.271454,5677358.40175326,1118.0,0.0,1141.0,BID
111,1712691420.3612423,5677358.40175326,1118.0,0.0,1141.0,BID
112,1712691438.462063,5677571.64807329,1119.0,-3.2532321226203096e-08,1141.0,ASK
113,1712691438.464146,5678769.50904418,1119.0,-1.827426512396492e-07,1141.0,ASK
114,1712691450.3819652,5678769.50904418,1119.0,-0.0,1141.0,ASK
115,1712691480.241527,5678769.50904418,1119.0,-0.0,1141.0,ASK
116,1712691506.8817313,5678786.40365399,1117.0,-2.5767783729275633e-09,1141.0,ASK
117,1712691510.2429333,5678786.40365399,1117.0,-0.0,1141.0,ASK
118,1712691540.3613164,5678786.40365399,1117.0,-0.0,1141.0,ASK
119,1712691570.361286,5678786.40365399,1117.0,-0.0,1141.0,ASK
120,1712691583.9552777,5680290.82556524,1116.0,-2.2945488120608685e-07,1141.0,ASK
121,1712691583.957657,5680462.98198497,1117.0,-2.6257348781318252e-08,1141.0,ASK
122,1712691584.0514083,5680832.51164321,1116.0,5.636077432769512e-08,1141.0,BID
123,1712691600.25146,5680832.51164321,1116.0,0.0,1141.0,BID
124,1712691630.2512882,5680832.51164321,1116.0,0.0,1141.0,BID
125,1712691660.3725834,5680832.51164321,1116.0,0.0,1141.0,BID
126,1712691670.9318664,5681590.93369945,1116.0,-1.1563554128664237e-07,1141.0,ASK
127,1712691670.9343145,5685639.57437937,1115.0,-6.172905345324026e-07,1141.0,ASK
128,1712691690.3822246,5685639.57437937,1115.0,-0.0,1141.0,ASK
129,1712691720.2551188,5685639.57437937,1115.0,-0.0,1141.0,ASK
130,1712691750.241469,5685639.57437937,1115.0,-0.0,1141.0,ASK
131,1712691780.3715718,5685639.57437937,1115.0,-0.0,1141.0,ASK
132,1712691810.4113617,5685639.57437937,1115.0,-0.0,1141.0,ASK
133,1712691840.2329369,5685639.57437937,1115.0,-0.0,1141.0,ASK
134,1712691870.241387,5685639.57437937,1115.0,-0.0,1141.0,ASK
135,1712691900.283506,5685639.57437937,1115.0,-0.0,1141.0,ASK
136,1712691930.2513452,5685639.57437937,1115.0,-0.0,1141.0,ASK
137,1712691960.3614,5685639.57437937,1115.0,-0.0,1141.0,ASK
138,1712691990.3744326,5685639.57437937,1115.0,-0.0,1141.0,ASK
139,1712691996.30307,5685743.26523788,1119.0,1.580313158227052e-08,1141.0,BID
140,1712692001.7215362,5686183.65463282,1119.0,6.711808211114896e-08,1141.0,BID
141,1712692002.9017136,5686229.37763282,1122.0,6.968469503682144e-09,1141.0,BID
142,1712692020.241505,5686229.37763282,1122.0,0.0,1141.0,BID
143,1712692050.2412946,5686229.37763282,1122.0,0.0,1141.0,BID
144,1712692080.36121,5686229.37763282,1122.0,0.0,1141.0,BID
145,1712692082.2916932,5687873.37763282,1122.0,2.505306170720104e-07,1141.0,BID
146,1712692082.2945807,5688597.37763282,1122.0,1.1033100167891456e-07,1141.0,BID
147,1712692110.3712847,5688597.37763282,1122.0,0.0,1141.0,BID
148,1712692140.2531252,5688597.37763282,1122.0,0.0,1141.0,BID
149,1712692170.2410696,5688597.37763282,1122.0,0.0,1141.0,BID
150,1712692200.2714024,5688597.37763282,1122.0,0.0,1141.0,BID
151,1712692230.2534487,5688597.37763282,1122.0,0.0,1141.0,BID
152,1712692235.4314466,5688649.75858562,1119.0,-7.979473221924128e-09,1141.0,ASK
153,1712692260.3611212,5688649.75858562,1119.0,-0.0,1141.0,ASK
154,1712692290.3712685,5688649.75858562,1119.0,-0.0,1141.0,ASK
155,1712692320.251226,5688649.75858562,1119.0,-0.0,1141.0,ASK
156,1712692350.2519147,5688649.75858562,1119.0,-0.0,1141.0,ASK
157,1712692380.3611174,5688649.75858562,1119.0,-0.0,1141.0,ASK
158,1712692410.3613167,5688649.75858562,1119.0,-0.0,1141.0,ASK
159,1712692440.2252898,5688649.75858562,1119.0,-0.0,1141.0,ASK
160,1712692445.421349,5688697.13385384,1120.0,7.21686583632531e-09,1141.0,BID
161,1712692445.4311335,5688762.91448486,1120.0,1.0020629044266724e-08,1141.0,BID
162,1712692451.1817214,5688807.55734201,1120.0,6.8006266286533835e-09,1141.0,BID
163,1712692451.201356,5688830.60717193,1120.0,3.511273631545933e-09,1141.0,BID
164,1712692451.204067,5689007.83878652,1120.0,2.6998407238778524e-08,1141.0,BID
165,1712692470.24292,5689007.83878652,1120.0,0.0,1141.0,BID
166,1712692500.361145,5689007.83878652,1120.0,0.0,1141.0,BID
167,1712692530.381462,5689007.83878652,1120.0,0.0,1141.0,BID
168,1712692560.251196,5689007.83878652,1120.0,0.0,1141.0,BID
169,1712692590.231219,5689007.83878652,1120.0,0.0,1141.0,BID
170,1712692620.37121,5689007.83878652,1120.0,0.0,1141.0,BID
171,1712692650.3812191,5689007.83878652,1120.0,0.0,1141.0,BID
172,1712692680.2902143,5689007.83878652,1120.0,0.0,1141.0,BID
173,1712692710.2501483,5689007.83878652,1120.0,0.0,1141.0,BID
174,1712692740.348933,5689007.83878652,1120.0,0.0,1141.0,BID
175,1712692770.3584716,5689007.83878652,1120.0,0.0,1141.0,BID
176,1712692800.339034,5689007.83878652,1120.0,0.0,1141.0,BID
177,1712692830.237341,5689007.83878652,1120.0,0.0,1141.0,BID
178,1712692831.4174576,5689013.17211985,1125.0,8.12672748075692e-10,1141.0,BID
179,1712692860.3568597,5689013.17211985,1125.0,0.0,1141.0,BID
180,1712692877.0770652,5689190.79201327,1126.0,2.7065009064793425e-08,1141.0,BID
181,1712692890.3665988,5689190.79201327,1126.0,0.0,1141.0,BID
182,1712692920.2463083,5689190.79201327,1126.0,0.0,1141.0,BID
183,1712692950.2457674,5689190.79201327,1126.0,0.0,1141.0,BID
184,1712692980.3755832,5689190.79201327,1126.0,0.0,1141.0,BID
185,1712693010.3576884,5689190.79201327,1126.0,0.0,1141.0,BID
186,1712693040.2243938,5689190.79201327,1126.0,0.0,1141.0,BID
187,1712693070.245762,5689190.79201327,1126.0,0.0,1141.0,BID
188,1712693100.363756,5689190.79201327,1126.0,0.0,1141.0,BID
189,1712693130.383469,5689190.79201327,1126.0,0.0,1141.0,BID
190,1712693160.243086,5689190.79201327,1126.0,0.0,1141.0,BID
191,1712693190.232551,5689190.79201327,1126.0,0.0,1141.0,BID
192,1712693220.382287,5689190.79201327,1126.0,0.0,1141.0,BID
193,1712693242.2828069,5689201.79201327,1126.0,1.676137818417973e-09,1141.0,BID
194,1712693250.3619812,5689201.79201327,1126.0,0.0,1141.0,BID
195,1712693280.2417312,5689201.79201327,1126.0,0.0,1141.0,BID
196,1712693284.2549825,5689456.79201327,1126.0,3.885584882037969e-08,1141.0,BID
197,1712693292.3418643,5689554.26323776,1126.0,1.4852263384871465e-08,1141.0,BID
198,1712693310.2416234,5689554.26323776,1126.0,0.0,1141.0,BID
199,1712693340.362154,5689554.26323776,1126.0,0.0,1141.0,BID
200,1712693370.3509617,5689554.26323776,1126.0,0.0,1141.0,BID
201,1712693377.0313215,5689563.14823776,1126.0,-1.3537778034048642e-09,1141.0,ASK
202,1712693380.201555,5689724.09119676,1126.0,-2.45223416447048e-08,1141.0,ASK
203,1712693400.2610238,5689724.09119676,1126.0,-0.0,1141.0,ASK
204,1712693430.2485318,5689724.09119676,1126.0,-0.0,1141.0,ASK
205,1712693456.640458,5689931.09119676,1126.0,-3.1559522145273945e-08,1141.0,ASK
206,1712693456.6619272,5692296.09119676,1126.0,-3.605713520462457e-07,1141.0,ASK
207,1712693456.6645494,5692685.52098109,1126.0,-5.9373033345936784e-08,1141.0,ASK
208,1712693456.680335,5693671.31138946,1126.0,-1.5029504455823353e-07,1141.0,ASK
209,1712693456.682296,5694010.31138946,1126.0,-5.1684434817622535e-08,1141.0,ASK
210,1712693457.8052638,5694015.75948174,1127.0,8.30624101250045e-10,1141.0,BID
211,1712693460.3604026,5694015.75948174,1127.0,0.0,1141.0,BID
212,1712693490.360025,5694015.75948174,1127.0,0.0,1141.0,BID
213,1712693520.2299862,5694015.75948174,1127.0,0.0,1141.0,BID
214,1712693550.2408023,5694015.75948174,1127.0,0.0,1141.0,BID
215,1712693580.3494892,5694015.75948174,1127.0,0.0,1141.0,BID
216,1712693610.3592324,5694015.75948174,1127.0,0.0,1141.0,BID
217,1712693639.1191354,5694304.70253612,1126.0,-4.4020247535859673e-08,1141.0,ASK
218,1712693640.259114,5694304.70253612,1126.0,-0.0,1141.0,ASK
219,1712693670.2309146,5694304.70253612,1126.0,-0.0,1141.0,ASK
220,1712693700.2486403,5694304.70253612,1126.0,-0.0,1141.0,ASK
221,1712693730.2303188,5694304.70253612,1126.0,-0.0,1141.0,ASK
222,1712693760.3483837,5694304.70253612,1126.0,-0.0,1141.0,ASK
223,1712693790.35851,5694304.70253612,1126.0,-0.0,1141.0,ASK
224,1712693820.23887,5694304.70253612,1126.0,-0.0,1141.0,ASK
225,1712693850.2479568,5694304.70253612,1126.0,-0.0,1141.0,ASK
226,1712693872.3978698,5695195.52272317,1126.0,-1.357103785811881e-07,1141.0,ASK
227,1712693878.9077437,5695845.64459553,1126.0,-9.904163231196189e-08,1141.0,ASK
228,1712693880.3475497,5695845.64459553,1126.0,-0.0,1141.0,ASK
229,1712693910.3574753,5695845.64459553,1126.0,-0.0,1141.0,ASK
230,1712693940.2413924,5695845.64459553,1126.0,-0.0,1141.0,ASK
231,1712693970.237311,5695845.64459553,1126.0,-0.0,1141.0,ASK
232,1712694000.2871175,5695845.64459553,1126.0,-0.0,1141.0,ASK
233,1712694001.837082,5695850.08115276,1127.0,6.757356922716032e-10,1141.0,BID
234,1712694030.22745,5695850.08115276,1127.0,0.0,1141.0,BID
235,1712694060.3468149,5695850.08115276,1127.0,0.0,1141.0,BID
236,1712694067.0132544,5696754.60626576,1126.0,-1.377688613426971e-07,1141.0,ASK
237,1712694090.3567317,5696754.60626576,1126.0,-0.0,1141.0,ASK
238,1712694120.2365608,5696754.60626576,1126.0,-0.0,1141.0,ASK
239,1712694150.2754266,5696754.60626576,1126.0,-0.0,1141.0,ASK
240,1712694180.3560042,5696754.60626576,1126.0,-0.0,1141.0,ASK
241,1712694210.3662517,5696754.60626576,1126.0,-0.0,1141.0,ASK
242,1712694240.228049,5696754.60626576,1126.0,-0.0,1141.0,ASK
243,1712694270.2261617,5696754.60626576,1126.0,-0.0,1141.0,ASK
244,1712694300.3455026,5696754.60626576,1126.0,-0.0,1141.0,ASK
245,1712694322.2255151,5696760.73835439,1126.0,-9.34143022212059e-10,1141.0,ASK
246,1712694330.345483,5696760.73835439,1126.0,-0.0,1141.0,ASK
247,1712694360.245801,5696760.73835439,1126.0,-0.0,1141.0,ASK
248,1712694390.2407153,5696760.73835439,1126.0,-0.0,1141.0,ASK
249,1712694420.3752956,5696760.73835439,1126.0,-0.0,1141.0,ASK
250,1712694450.36557,5696760.73835439,1126.0,-0.0,1141.0,ASK
251,1712694480.219182,5696760.73835439,1126.0,-0.0,1141.0,ASK
252,1712694510.2070744,5696760.73835439,1126.0,-0.0,1141.0,ASK
253,1712694540.2464993,5696760.73835439,1126.0,-0.0,1141.0,ASK
254,1712694563.4047542,5696765.33835439,1127.0,7.007487403510182e-10,1141.0,BID
255,1712694563.4076436,5696805.14332774,1127.0,6.0637575937531405e-09,1141.0,BID
256,1712694563.514627,5696809.75734726,1127.0,7.028844273818673e-10,1141.0,BID
257,1712694570.2651937,5696809.75734726,1127.0,0.0,1141.0,BID
258,1712694571.714772,5696943.20930454,1127.0,2.0329457379881866e-08,1141.0,BID
259,1712694571.717771,5697830.42021703,1127.0,1.3515362981506462e-07,1141.0,BID
260,1712694571.9144337,5697874.86466147,1127.0,-6.770462250478063e-09,1141.0,ASK
261,1712694600.4542632,5697874.86466147,1127.0,-0.0,1141.0,ASK
262,1712694630.34686,5697874.86466147,1127.0,-0.0,1141.0,ASK
263,1712694660.2242684,5697874.86466147,1127.0,-0.0,1141.0,ASK
264,1712694690.283991,5697874.86466147,1127.0,-0.0,1141.0,ASK
265,1712694720.3443482,5697874.86466147,1127.0,-0.0,1141.0,ASK
266,1712694750.355099,5697874.86466147,1127.0,-0.0,1141.0,ASK
267,1712694780.2562675,5697874.86466147,1127.0,-0.0,1141.0,ASK
268,1712694810.2153218,5697874.86466147,1127.0,-0.0,1141.0,ASK
269,1712694840.3556235,5697874.86466147,1127.0,-0.0,1141.0,ASK
270,1712694857.3960495,5697882.85445738,1127.0,-1.2170008499672431e-09,1141.0,ASK
271,1712694857.3996828,5699438.76139203,1127.0,-2.3699479726666682e-07,1141.0,ASK
272,1712694870.345907,5699438.76139203,1127.0,-0.0,1141.0,ASK
273,1712694900.2360692,5699438.76139203,1127.0,-0.0,1141.0,ASK
274,1712694930.2262,5699438.76139203,1127.0,-0.0,1141.0,ASK
275,1712694960.356512,5699438.76139203,1127.0,-0.0,1141.0,ASK
276,1712694990.346388,5699438.76139203,1127.0,-0.0,1141.0,ASK
277,1712695020.20687,5699438.76139203,1127.0,-0.0,1141.0,ASK
278,1712695050.2468052,5699438.76139203,1127.0,-0.0,1141.0,ASK
279,1712695080.3586154,5699438.76139203,1127.0,-0.0,1141.0,ASK
280,1712695110.347074,5699438.76139203,1127.0,-0.0,1141.0,ASK
281,1712695140.2432466,5699438.76139203,1127.0,-0.0,1141.0,ASK
282,1712695141.8478303,5700196.62509591,1126.0,-1.154194122050966e-07,1141.0,ASK
283,1712695170.2276263,5700196.62509591,1126.0,-0.0,1141.0,ASK
284,1712695200.2604582,5700196.62509591,1126.0,-0.0,1141.0,ASK
285,1712695205.8929958,5700218.62509591,1126.0,-3.353230135422528e-09,1141.0,ASK
286,1712695230.2288022,5700218.62509591,1126.0,-0.0,1141.0,ASK
287,1712695260.3476312,5700218.62509591,1126.0,-0.0,1141.0,ASK
288,1712695290.3475883,5700218.62509591,1126.0,-0.0,1141.0,ASK
289,1712695320.2281182,5700218.62509591,1126.0,-0.0,1141.0,ASK
290,1712695350.2397745,5700218.62509591,1126.0,-0.0,1141.0,ASK
291,1712695380.348169,5700218.62509591,1126.0,-0.0,1141.0,ASK
292,1712695410.3591435,5700218.62509591,1126.0,-0.0,1141.0,ASK
293,1712695440.22935,5700218.62509591,1126.0,-0.0,1141.0,ASK
294,1712695470.2380588,5700218.62509591,1126.0,-0.0,1141.0,ASK
295,1712695493.5483418,5700235.48401339,1127.0,2.5696189406369314e-09,1141.0,BID
296,1712695500.2481349,5700235.48401339,1127.0,0.0,1141.0,BID
297,1712695503.4280057,5700561.54983177,1126.0,-4.972185185244705e-08,1141.0,ASK
298,1712695530.2383473,5700561.54983177,1126.0,-0.0,1141.0,ASK
299,1712695560.3478453,5700561.54983177,1126.0,-0.0,1141.0,ASK
300,1712695590.3479786,5700561.54983177,1126.0,-0.0,1141.0,ASK
301,1712695620.223835,5700561.54983177,1126.0,-0.0,1141.0,ASK
302,1712695650.228078,5700561.54983177,1126.0,-0.0,1141.0,ASK
303,1712695680.388452,5700561.54983177,1126.0,-0.0,1141.0,ASK
304,1712695710.3483744,5700561.54983177,1126.0,-0.0,1141.0,ASK
305,1712695740.2283895,5700561.54983177,1126.0,-0.0,1141.0,ASK
306,1712695745.148456,5701042.5532893,1126.0,-7.334422187421273e-08,1141.0,ASK
307,1712695745.151903,5701131.36323601,1126.0,-1.3541891090780872e-08,1141.0,ASK
308,1712695770.23852,5701131.36323601,1126.0,-0.0,1141.0,ASK
309,1712695800.2841983,5701131.36323601,1126.0,-0.0,1141.0,ASK
310,1712695830.228151,5701131.36323601,1126.0,-0.0,1141.0,ASK
311,1712695860.359316,5701131.36323601,1126.0,-0.0,1141.0,ASK
312,1712695890.3578565,5701131.36323601,1126.0,-0.0,1141.0,ASK
313,1712695903.0281043,5701140.24423068,1126.0,1.354702488125461e-09,1141.0,BID
314,1712695920.2235694,5701140.24423068,1126.0,0.0,1141.0,BID
315,1712695950.2347853,5701140.24423068,1126.0,0.0,1141.0,BID
316,1712695970.1784177,5701301.66795931,1126.0,2.46234573227818e-08,1141.0,BID
317,1712695980.3682022,5701301.66795931,1126.0,0.0,1141.0,BID
318,1712696010.3580165,5701301.66795931,1126.0,0.0,1141.0,BID
319,1712696024.0581863,5702835.14094343,1126.0,2.339083603867978e-07,1141.0,BID
320,1712696024.0682793,5703077.86689359,1126.0,3.7024212107551535e-08,1141.0,BID
321,1712696040.26837,5703077.86689359,1126.0,0.0,1141.0,BID
322,1712696070.2380202,5703077.86689359,1126.0,0.0,1141.0,BID
323,1712696100.3479133,5703077.86689359,1126.0,0.0,1141.0,BID
324,1712696130.3476882,5703077.86689359,1126.0,0.0,1141.0,BID
325,1712696145.3380344,5703587.88244209,1126.0,7.787464066506354e-08,1141.0,BID
326,1712696160.220603,5703587.88244209,1126.0,0.0,1141.0,BID
327,1712696190.2305174,5703587.88244209,1126.0,0.0,1141.0,BID
328,1712696220.3476813,5703587.88244209,1126.0,0.0,1141.0,BID
329,1712696250.3575456,5703587.88244209,1126.0,0.0,1141.0,BID
330,1712696268.2679698,5703749.28244208,1126.0,2.464212121203113e-08,1141.0,BID
331,1712696280.2275283,5703749.28244208,1126.0,0.0,1141.0,BID
332,1712696310.2276034,5703749.28244208,1126.0,0.0,1141.0,BID
333,1712696340.3677132,5703749.28244208,1126.0,0.0,1141.0,BID
334,1712696370.3573413,5703749.28244208,1126.0,0.0,1141.0,BID
335,1712696400.357752,5703749.28244208,1126.0,0.0,1141.0,BID
336,1712696430.22896,5703749.28244208,1126.0,0.0,1141.0,BID
337,1712696435.3175778,5703838.09238879,1126.0,1.3561363173161486e-08,1141.0,BID
338,1712696448.7474298,5703886.11218276,1126.0,7.332668126088816e-09,1141.0,BID
339,1712696460.3471167,5703886.11218276,1126.0,0.0,1141.0,BID
340,1712696486.6373084,5703975.00107164,1125.0,-1.3573098387587045e-08,1141.0,ASK
341,1712696490.3572867,5703975.00107164,1125.0,-0.0,1141.0,ASK
342,1712696515.657307,5704001.6914631,1124.0,-4.0754899981586736e-09,1141.0,ASK
343,1712696520.2309818,5704001.6914631,1124.0,-0.0,1141.0,ASK
344,1712696550.2307885,5704001.6914631,1124.0,-0.0,1141.0,ASK
345,1712696551.257467,5704063.96904317,1124.0,-9.509433100791992e-09,1141.0,ASK
346,1712696580.3369255,5704063.96904317,1124.0,-0.0,1141.0,ASK
347,1712696610.357073,5704063.96904317,1124.0,-0.0,1141.0,ASK
348,1712696611.86734,5704777.41214368,1124.0,1.089375488331501e-07,1141.0,BID
349,1712696640.216962,5704777.41214368,1124.0,0.0,1141.0,BID
350,1712696655.21707,5704866.45933869,1123.0,-1.3595191400154196e-08,1141.0,ASK
351,1712696670.2201777,5704866.45933869,1123.0,-0.0,1141.0,ASK
352,1712696675.3973486,5705355.71030855,1122.0,-7.4694761898538e-08,1141.0,ASK
353,1712696675.4008882,5705444.83686826,1122.0,-1.3607100581307182e-08,1141.0,ASK
354,1712696700.3602896,5705444.83686826,1122.0,-0.0,1141.0,ASK
355,1712696710.1674695,5705534.04293427,1121.0,-1.3619012992307482e-08,1141.0,ASK
356,1712696710.171194,5706258.04293427,1121.0,-1.105324542096809e-07,1141.0,ASK
357,1712696710.2678735,5706325.65384767,1121.0,1.0322099709281349e-08,1141.0,BID
358,1712696710.271586,5706766.34223486,1121.0,6.727951516272913e-08,1141.0,BID
359,1712696710.3489368,5707151.67639481,1121.0,5.8828633135464784e-08,1141.0,BID
360,1712696710.3526642,5708141.86372741,1121.0,1.5117104419841826e-07,1141.0,BID
361,1712696710.3674624,5708520.62770609,1121.0,5.7825569239898553e-08,1141.0,BID
362,1712696730.3580966,5708520.62770609,1121.0,0.0,1141.0,BID
363,1712696734.8772802,5708538.46891929,1121.0,2.722369550207271e-09,1141.0,BID
364,1712696744.2972972,5708555.33315915,1120.0,-2.5732943474935303e-09,1141.0,ASK
365,1712696760.2359486,5708555.33315915,1120.0,-0.0,1141.0,ASK
366,1712696790.2430315,5708555.33315915,1120.0,-0.0,1141.0,ASK
367,1712696820.3490946,5708555.33315915,1120.0,-0.0,1141.0,ASK
368,1712696827.1633935,5708627.75463357,1120.0,-1.1050641266840866e-08,1141.0,ASK
369,1712696827.1692142,5711515.50332015,1120.0,-4.406355305460128e-07,1141.0,ASK
370,1712696827.2400885,5711515.50332106,1120.0,-1.388400662608129e-16,1141.0,ASK
371,1712696850.3398232,5711515.50332106,1120.0,-0.0,1141.0,ASK
372,1712696870.7406526,5711961.53365112,1121.0,6.802442213768732e-08,1141.0,BID
373,1712696880.2306104,5711961.53365112,1121.0,0.0,1141.0,BID
374,1712696882.8109798,5711966.5784081,1119.0,-7.693210280397736e-10,1141.0,ASK
375,1712696882.8146973,5712055.94391301,1119.0,-1.3628161353607496e-08,1141.0,ASK
376,1712696888.581315,5712283.09243847,1119.0,3.463995150374912e-08,1141.0,BID
377,1712696910.2413447,5712283.09243847,1119.0,0.0,1141.0,BID
378,1712696940.3418038,5712283.09243847,1119.0,0.0,1141.0,BID
379,1712696944.0120993,5712302.29143847,1118.0,2.9276700618241847e-09,1141.0,BID
380,1712696944.0720232,5713593.52400889,1118.0,1.969010333489545e-07,1141.0,BID
381,1712696946.99224,5713779.01200889,1118.0,2.8285205710021706e-08,1141.0,BID
382,1712696970.3634784,5713779.01200889,1118.0,0.0,1141.0,BID
383,1712696980.4754956,5713950.30403,1118.0,2.6113790294201612e-08,1141.0,BID
384,1712696981.2129614,5714039.82954477,1117.0,-1.3648332850001701e-08,1141.0,ASK
385,1712696981.2732265,5714183.16098218,1117.0,2.1851146800900054e-08,1141.0,BID
386,1712696981.276999,5714382.4611185,1118.0,3.0383680055287184e-08,1141.0,BID
387,1712697000.2674596,5714382.4611185,1118.0,0.0,1141.0,BID
388,1712697030.2460449,5714382.4611185,1118.0,0.0,1141.0,BID
389,1712697060.374455,5714382.4611185,1118.0,0.0,1141.0,BID
390,1712697067.8045764,5714407.05861402,1118.0,3.750765009876726e-09,1141.0,BID
391,1712697090.3645525,5714407.05861402,1118.0,0.0,1141.0,BID
392,1712697107.915122,5714854.86338546,1116.0,-6.82835137992216e-08,1141.0,ASK
393,1712697107.9192412,5715382.24142257,1116.0,-8.04172437881712e-08,1141.0,ASK
394,1712697120.250877,5715382.24142257,1116.0,-0.0,1141.0,ASK
395,1712697120.8252249,5716557.12542257,1118.0,1.7912246982229724e-07,1141.0,BID
396,1712697150.244513,5716557.12542257,1118.0,0.0,1141.0,BID
397,1712697150.7760315,5719091.12542257,1118.0,3.862555451755076e-07,1141.0,BID
398,1712697180.3761444,5719091.12542257,1118.0,0.0,1141.0,BID
399,1712697189.3864048,5719091.55668911,1118.0,6.57092300726104e-11,1141.0,BID
400,1712697189.3962586,5720757.6460601,1121.0,2.538510172118391e-07,1141.0,BID
401,1712697189.3996572,5723517.1536716,1120.0,4.204479221704638e-07,1141.0,BID
402,1712697189.4027832,5725245.1536716,1121.0,2.632839302500091e-07,1141.0,BID
403,1712697210.366675,5725245.1536716,1121.0,0.0,1141.0,BID
404,1712697240.238793,5725245.1536716,1121.0,0.0,1141.0,BID
405,1712697270.24781,5725245.1536716,1121.0,0.0,1141.0,BID
406,1712697279.4473865,5725715.15729553,1118.0,-7.153618148881008e-08,1141.0,ASK
407,1712697300.2587233,5725715.15729553,1118.0,-0.0,1141.0,ASK
408,1712697330.2376356,5725715.15729553,1118.0,-0.0,1141.0,ASK
409,1712697360.367962,5725715.15729553,1118.0,-0.0,1141.0,ASK
410,1712697390.3682368,5725715.15729553,1118.0,-0.0,1141.0,ASK
411,1712697420.2555797,5725715.15729553,1118.0,-0.0,1141.0,ASK
412,1712697450.248896,5725715.15729553,1118.0,-0.0,1141.0,ASK
413,1712697454.7288425,5726612.84144769,1117.0,-1.3662384041712772e-07,1141.0,ASK
414,1712697480.3590808,5726612.84144769,1117.0,-0.0,1141.0,ASK
415,1712697510.3592174,5726612.84144769,1117.0,-0.0,1141.0,ASK
416,1712697540.2496066,5726612.84144769,1117.0,-0.0,1141.0,ASK
417,1712697570.239727,5726612.84144769,1117.0,-0.0,1141.0,ASK
418,1712697586.8913512,5727515.08091091,1117.0,-1.3729618743756145e-07,1141.0,ASK
419,1712697600.28086,5727515.08091091,1117.0,-0.0,1141.0,ASK
420,1712697630.239891,5727515.08091091,1117.0,-0.0,1141.0,ASK
421,1712697633.6302462,5728322.84144691,1117.0,-1.2290328254229605e-07,1141.0,ASK
422,1712697660.2866127,5728322.84144691,1117.0,-0.0,1141.0,ASK
423,1712697672.718969,5728322.84144769,1117.0,-1.185896594245894e-16,1141.0,ASK
424,1712697690.250843,5728322.84144769,1117.0,-0.0,1141.0,ASK
425,1712697708.4008863,5728329.42462769,1116.0,-1.0015138594718911e-09,1141.0,ASK
426,1712697708.4049096,5730051.42462769,1116.0,-2.619717015167679e-07,1141.0,ASK
427,1712697720.370992,5730051.42462769,1116.0,-0.0,1141.0,ASK
428,1712697733.5333538,5730073.84615235,1115.0,-3.4100357947400303e-09,1141.0,ASK
429,1712697733.536319,5731669.84615169,1115.0,-2.427318038590857e-07,1141.0,ASK
430,1712697737.7507622,5731669.84615235,1115.0,-1.0042461184253332e-16,1141.0,ASK
431,1712697750.5190392,5731669.84615235,1115.0,-0.0,1141.0,ASK
432,1712697780.2512214,5731669.84615235,1115.0,-0.0,1141.0,ASK
433,1712697810.2508314,5731669.84615235,1115.0,-0.0,1141.0,ASK
434,1712697833.481824,5732393.84615235,1115.0,1.100812082571797e-07,1141.0,BID
435,1712697833.4859934,5732907.58768705,1115.0,7.811227744701551e-08,1141.0,BID
436,1712697833.581681,5738278.31245105,1115.0,-8.165965072345891e-07,1141.0,ASK
437,1712697833.585835,5741124.97957218,1115.0,-4.328239726519093e-07,1141.0,ASK
438,1712697840.3713112,5741124.97957218,1115.0,-0.0,1141.0,ASK
439,1712697870.3614078,5741124.97957218,1115.0,-0.0,1141.0,ASK
440,1712697900.233286,5741124.97957218,1115.0,-0.0,1141.0,ASK
441,1712697930.2425022,5741124.97957218,1115.0,-0.0,1141.0,ASK
442,1712697960.361646,5741124.97957218,1115.0,-0.0,1141.0,ASK
443,1712697968.8619988,5741304.35176949,1115.0,2.723369764174528e-08,1141.0,BID
444,1712697990.3719184,5741304.35176949,1115.0,0.0,1141.0,BID
445,1712698020.2718728,5741304.35176949,1115.0,0.0,1141.0,BID
446,1712698028.5120964,5741394.11837631,1114.0,-1.3628658361547508e-08,1141.0,ASK
447,1712698028.5217743,5741416.11837631,1114.0,-3.340111591339082e-09,1141.0,ASK
448,1712698042.4033017,5741505.96563596,1113.0,-1.3640903336683649e-08,1141.0,ASK
449,1712698042.40789,5741564.89420739,1111.0,-8.946727477023311e-09,1141.0,ASK
450,1712698042.411326,5741570.02744739,1113.0,-7.793452011944153e-10,1141.0,ASK
451,1712698042.4145746,5741659.95550494,1112.0,-1.3653170336716562e-08,1141.0,ASK
452,1712698042.417843,5744820.10163523,1111.0,-4.797836690957538e-07,1141.0,ASK
453,1712698045.392218,5745544.10163523,1111.0,-1.0992003600588618e-07,1141.0,ASK
454,1712698045.4718878,5747352.38473946,1111.0,2.745394253119733e-07,1141.0,BID
455,1712698050.2443812,5747352.38473946,1111.0,0.0,1141.0,BID
456,1712698055.893463,5747373.40183316,1111.0,-3.1876313798819804e-09,1141.0,ASK
457,1712698055.8977122,5747400.40453343,1111.0,-4.0954594366699824e-09,1141.0,ASK
458,1712698075.5824714,5749032.40453343,1114.0,2.475230156160747e-07,1141.0,BID
459,1712698075.5867703,5750093.40273809,1114.0,1.6092002155674198e-07,1141.0,BID
460,1712698080.3722258,5750093.40273809,1114.0,0.0,1141.0,BID
461,1712698110.3621802,5750093.40273809,1114.0,0.0,1141.0,BID
462,1712698125.1927843,5750183.49282818,1110.0,-1.3657505381985345e-08,1141.0,ASK
463,1712698125.1977785,5750580.99414236,1110.0,-6.026052734891398e-08,1141.0,ASK
464,1712698140.2455406,5750580.99414236,1110.0,-0.0,1141.0,ASK
465,1712698170.245249,5750580.99414236,1110.0,-0.0,1141.0,ASK
466,1712698172.8726163,5750585.47844729,1115.0,6.79757274341458e-10,1141.0,BID
467,1712698200.302673,5750585.47844729,1115.0,0.0,1141.0,BID
468,1712698230.2428665,5750585.47844729,1115.0,0.0,1141.0,BID
469,1712698260.3626726,5750585.47844729,1115.0,0.0,1141.0,BID
470,1712698261.362832,5750598.87130443,1112.0,-2.032236929223153e-09,1141.0,ASK
471,1712698261.52287,5750612.26416157,1112.0,-2.032236929223153e-09,1141.0,ASK
472,1712698290.3548927,5750612.26416157,1112.0,-0.0,1141.0,ASK
473,1712698320.244689,5750612.26416157,1112.0,-0.0,1141.0,ASK
474,1712698350.2530084,5750612.26416157,1112.0,-0.0,1141.0,ASK
475,1712698380.2633092,5750612.26416157,1112.0,-0.0,1141.0,ASK
476,1712698401.1131537,5750621.21671304,1117.0,1.3584572200441507e-09,1141.0,BID
477,1712698410.2563243,5750621.21671304,1117.0,0.0,1141.0,BID
478,1712698440.3957531,5750621.21671304,1117.0,0.0,1141.0,BID
479,1712698470.3732162,5750621.21671304,1117.0,0.0,1141.0,BID
480,1712698500.2780335,5750621.21671304,1117.0,0.0,1141.0,BID
481,1712698530.2531838,5750621.21671304,1117.0,0.0,1141.0,BID
482,1712698560.363501,5750621.21671304,1117.0,0.0,1141.0,BID
483,1712698590.3635707,5750621.21671304,1117.0,0.0,1141.0,BID
484,1712698620.2537072,5750621.21671304,1117.0,0.0,1141.0,BID
485,1712698650.256871,5750621.21671304,1117.0,0.0,1141.0,BID
486,1712698680.3846014,5750621.21671304,1117.0,0.0,1141.0,BID
487,1712698710.3637016,5750621.21671304,1117.0,0.0,1141.0,BID
488,1712698740.2339664,5750621.21671304,1117.0,0.0,1141.0,BID
489,1712698770.2576597,5750621.21671304,1117.0,0.0,1141.0,BID
490,1712698800.2557924,5750621.21671304,1117.0,0.0,1141.0,BID
491,1712698830.2570078,5750621.21671304,1117.0,0.0,1141.0,BID
492,1712698860.3720872,5750621.21671304,1117.0,0.0,1141.0,BID
493,1712698890.3613698,5750621.21671304,1117.0,0.0,1141.0,BID
494,1712698909.2808783,5750710.66215132,1118.0,1.3584485940267042e-08,1141.0,BID
495,1712698920.2504995,5750710.66215132,1118.0,0.0,1141.0,BID
496,1712698950.2622206,5750710.66215132,1118.0,0.0,1141.0,BID
497,1712698980.369421,5750710.66215132,1118.0,0.0,1141.0,BID
498,1712698992.8193312,5751020.1228056,1115.0,-4.6998484695891145e-08,1141.0,ASK
499,1712699010.3591435,5751020.1228056,1115.0,-0.0,1141.0,ASK
500,1712699040.2282555,5751020.1228056,1115.0,-0.0,1141.0,ASK
501,1712699070.228042,5751020.1228056,1115.0,-0.0,1141.0,ASK
502,1712699100.2770047,5751020.1228056,1115.0,-0.0,1141.0,ASK
503,1712699113.347571,5751037.1228056,1116.0,-2.581957244202831e-09,1141.0,ASK
504,1712699130.2373433,5751037.1228056,1116.0,-0.0,1141.0,ASK
505,1712699160.3565805,5751037.1228056,1116.0,-0.0,1141.0,ASK
506,1712699190.3766353,5751037.1228056,1116.0,-0.0,1141.0,ASK
507,1712699220.2628071,5751037.1228056,1116.0,-0.0,1141.0,ASK
508,1712699250.248784,5751037.1228056,1116.0,-0.0,1141.0,ASK
509,1712699269.4855375,5751046.07535707,1117.0,1.359708148074349e-09,1141.0,BID
510,1712699273.98551,5751068.45673576,1117.0,3.3992703723783277e-09,1141.0,BID
511,1712699280.365533,5751068.45673576,1117.0,0.0,1141.0,BID
512,1712699310.3649116,5751068.45673576,1117.0,0.0,1141.0,BID
513,1712699340.244545,5751068.45673576,1117.0,0.0,1141.0,BID
514,1712699370.2579055,5751068.45673576,1117.0,0.0,1141.0,BID
515,1712699400.3140492,5751068.45673576,1117.0,0.0,1141.0,BID
516,1712699427.1442058,5751231.30722815,1117.0,2.4734059076599063e-08,1141.0,BID
517,1712699430.2439334,5751231.30722815,1117.0,0.0,1141.0,BID
518,1712699448.6338558,5752165.36947322,1117.0,1.4186332590602733e-07,1141.0,BID
519,1712699448.7637565,5753021.81752358,1117.0,-1.3007545217794818e-07,1141.0,ASK
520,1712699460.354751,5753021.81752358,1117.0,-0.0,1141.0,ASK
521,1712699468.4035869,5753038.81752358,1117.0,-2.5811386931526262e-09,1141.0,ASK
522,1712699468.5838835,5753039.72262653,1117.0,-1.3742330849835329e-10,1141.0,ASK
523,1712699481.6136622,5754983.20205407,1118.0,2.95081761751256e-07,1141.0,BID
524,1712699490.3551693,5754983.20205407,1118.0,0.0,1141.0,BID
525,1712699520.2429605,5754983.20205407,1118.0,0.0,1141.0,BID
526,1712699550.2517376,5754983.20205407,1118.0,0.0,1141.0,BID
527,1712699580.3549623,5754983.20205407,1118.0,0.0,1141.0,BID
528,1712699610.352429,5754983.20205407,1118.0,0.0,1141.0,BID
529,1712699620.1724854,5754992.14659789,1118.0,1.35761318398621e-09,1141.0,BID
530,1712699640.2323313,5754992.14659789,1118.0,0.0,1141.0,BID
531,1712699652.1322613,5755140.33908368,1117.0,2.2492792384082307e-08,1141.0,BID
532,1712699652.1363702,5756099.91166691,1117.0,1.456448130755688e-07,1141.0,BID
533,1712699652.372389,5756334.91166691,1117.0,-3.5668517078241004e-08,1141.0,ASK
534,1712699670.2341063,5756334.91166691,1117.0,-0.0,1141.0,ASK
535,1712699700.268076,5756334.91166691,1117.0,-0.0,1141.0,ASK
536,1712699721.241955,5757229.36604973,1118.0,1.360074205143093e-07,1141.0,BID
537,1712699730.2619872,5757229.36604973,1118.0,0.0,1141.0,BID
538,1712699760.3113484,5757229.36604973,1118.0,0.0,1141.0,BID
539,1712699790.2557428,5757229.36604973,1118.0,0.0,1141.0,BID
540,1712699820.3510554,5757229.36604973,1118.0,0.0,1141.0,BID
541,1712699850.352713,5757229.36604973,1118.0,0.0,1141.0,BID
542,1712699880.244161,5757229.36604973,1118.0,0.0,1141.0,BID
543,1712699910.261114,5757229.36604973,1118.0,0.0,1141.0,BID
544,1712699932.581038,5757238.31059355,1118.0,-1.3598674274728124e-09,1141.0,ASK
545,1712699940.3505924,5757238.31059355,1118.0,-0.0,1141.0,ASK
546,1712699968.6407535,5757283.03331269,1118.0,6.799326806361454e-09,1141.0,BID
547,1712699970.374425,5757283.03331269,1118.0,0.0,1141.0,BID
548,1712700000.3210316,5757283.03331269,1118.0,0.0,1141.0,BID
549,1712700030.2732997,5757283.03331269,1118.0,0.0,1141.0,BID
550,1712700038.7085967,5757413.78042552,1118.0,1.987943179361253e-08,1141.0,BID
551,1712700041.321027,5758130.18365246,1117.0,-1.08925457537844e-07,1141.0,ASK
552,1712700041.3262355,5758130.30220027,1117.0,-1.8024590042439583e-11,1141.0,ASK
553,1712700060.3503647,5758130.30220027,1117.0,-0.0,1141.0,ASK
554,1712700061.9910345,5758817.90220027,1118.0,1.0453103016556049e-07,1141.0,BID
555,1712700079.075895,5759502.77821209,1118.0,1.0411692124945165e-07,1141.0,BID
556,1712700090.36019,5759502.77821209,1118.0,0.0,1141.0,BID
557,1712700120.2303176,5759502.77821209,1118.0,0.0,1141.0,BID
558,1712700139.7801545,5759547.50093123,1118.0,6.797297336531407e-09,1141.0,BID
559,1712700150.238507,5759547.50093123,1118.0,0.0,1141.0,BID
560,1712700180.3500614,5759547.50093123,1118.0,0.0,1141.0,BID
561,1712700210.349751,5759547.50093123,1118.0,0.0,1141.0,BID
562,1712700240.2397516,5759547.50093123,1118.0,0.0,1141.0,BID
563,1712700270.2218988,5759547.50093123,1118.0,0.0,1141.0,BID
564,1712700300.3495798,5759547.50093123,1118.0,0.0,1141.0,BID
565,1712700330.348232,5759547.50093123,1118.0,0.0,1141.0,BID
566,1712700360.2493832,5759547.50093123,1118.0,0.0,1141.0,BID
567,1712700390.2297316,5759547.50093123,1118.0,0.0,1141.0,BID
568,1712700397.1992853,5759559.50093123,1117.0,-1.8239769227886687e-09,1141.0,ASK
569,1712700420.3521912,5759559.50093123,1117.0,-0.0,1141.0,ASK
570,1712700450.359286,5759559.50093123,1117.0,-0.0,1141.0,ASK
571,1712700479.7105274,5759568.44547505,1118.0,1.3595506894358575e-09,1141.0,BID
572,1712700480.2271483,5759568.44547505,1118.0,0.0,1141.0,BID
573,1712700498.4491763,5759573.49023203,1117.0,-7.66790631582071e-10,1141.0,ASK
574,1712700502.3393493,5759577.96250394,1118.0,6.79774311476154e-10,1141.0,BID
575,1712700510.2492132,5759577.96250394,1118.0,0.0,1141.0,BID
576,1712700540.3590014,5759577.96250394,1118.0,0.0,1141.0,BID
577,1712700552.618861,5759586.90704776,1118.0,1.359546425255279e-09,1141.0,BID
578,1712700570.368986,5759586.90704776,1118.0,0.0,1141.0,BID
579,1712700576.589064,5759676.35248604,1118.0,1.3595443600304056e-08,1141.0,BID
580,1712700600.2597818,5759676.35248604,1118.0,0.0,1141.0,BID
581,1712700603.8589566,5759721.07520518,1118.0,6.810986817599594e-09,1141.0,BID
582,1712700623.333431,5760314.36681857,1118.0,9.035455436402948e-08,1141.0,BID
583,1712700630.2287197,5760314.36681857,1118.0,0.0,1141.0,BID
584,1712700651.7770476,5760437.36238102,1118.0,1.8729410418766932e-08,1141.0,BID
585,1712700660.3604145,5760437.36238102,1118.0,0.0,1141.0,BID
586,1712700661.9961443,5760571.83472774,1118.0,2.0476633341191228e-08,1141.0,BID
587,1712700662.094233,5760954.63434844,1118.0,5.829040443926395e-08,1141.0,BID
588,1712700671.6221578,5761087.33633596,1118.0,2.0207053779939723e-08,1141.0,BID
589,1712700690.3588076,5761087.33633596,1118.0,0.0,1141.0,BID
590,1712700697.2691712,5761249.13288918,1118.0,2.4634671875898688e-08,1141.0,BID
591,1712700720.248808,5761249.13288918,1118.0,0.0,1141.0,BID
592,1712700738.8584628,5761263.75933764,1118.0,2.226919102458873e-09,1141.0,BID
593,1712700740.978701,5761274.73722872,1118.0,1.671415683576991e-09,1141.0,BID
594,1712700744.549611,5761478.86647392,1118.0,3.1079268268732885e-08,1141.0,BID
595,1712700750.2386818,5761478.86647392,1118.0,0.0,1141.0,BID
596,1712700780.3584354,5761478.86647392,1118.0,0.0,1141.0,BID
597,1712700810.3688488,5761478.86647392,1118.0,0.0,1141.0,BID
598,1712700811.949732,5761505.7001054,1118.0,4.0853382841183715e-09,1141.0,BID
599,1712700813.0622635,5761510.4001054,1118.0,7.155606184108131e-10,1141.0,BID
600,1712700840.2585473,5761510.4001054,1118.0,0.0,1141.0,BID
601,1712700870.2284002,5761510.4001054,1118.0,0.0,1141.0,BID
602,1712700900.2608984,5761510.4001054,1118.0,0.0,1141.0,BID
603,1712700908.0794675,5761589.68718816,1117.0,-1.207672121636222e-08,1141.0,ASK
604,1712700920.220386,5761639.68718816,1117.0,-7.615818867349056e-09,1141.0,ASK
605,1712700930.2293687,5761639.68718816,1117.0,-0.0,1141.0,ASK
606,1712700930.252288,5762119.83573831,1117.0,-7.313287907495648e-08,1141.0,ASK
607,1712700930.256281,5764066.27109493,1117.0,-2.96467460994094e-07,1141.0,ASK
608,1712700930.3766353,5764155.87682969,1116.0,-1.3648120696343729e-08,1141.0,ASK
609,1712700930.3790298,5764245.48256445,1116.0,-1.3648120696343729e-08,1141.0,ASK
610,1712700930.571463,5764250.97811445,1115.0,-8.37043855454293e-10,1141.0,ASK
611,1712700930.5744376,5765148.48256445,1115.0,-1.367016195104082e-07,1141.0,ASK
612,1712700930.7290037,5765238.08829921,1115.0,-1.3648120696343729e-08,1141.0,ASK
613,1712700930.7387602,5765352.27109493,1115.0,-1.7391527245548376e-08,1141.0,ASK
614,1712700960.350198,5765352.27109493,1115.0,-0.0,1141.0,ASK
615,1712700990.3589227,5765352.27109493,1115.0,-0.0,1141.0,ASK
616,1712701000.4392753,5765369.74079846,1115.0,-2.65918475891993e-09,1141.0,ASK
617,1712701000.4443777,5765396.99381407,1115.0,-4.148370555858999e-09,1141.0,ASK
618,1712701009.04925,5765721.52783376,1117.0,4.939957437918774e-08,1141.0,BID
619,1712701020.249344,5765721.52783376,1117.0,0.0,1141.0,BID
620,1712701050.232891,5765721.52783376,1117.0,0.0,1141.0,BID
621,1712701080.379394,5765721.52783376,1117.0,0.0,1141.0,BID
622,1712701110.3598204,5765721.52783376,1117.0,0.0,1141.0,BID
623,1712701140.259791,5765721.52783376,1117.0,0.0,1141.0,BID
624,1712701170.2414875,5765721.52783376,1117.0,0.0,1141.0,BID
625,1712701173.94565,5765886.52783376,1118.0,2.5114218166250272e-08,1141.0,BID
626,1712701200.281173,5765886.52783376,1118.0,0.0,1141.0,BID
627,1712701230.2330306,5765886.52783376,1118.0,0.0,1141.0,BID
628,1712701239.689821,5766002.02783375,1118.0,1.7580897357422993e-08,1141.0,BID
629,1712701239.794068,5766019.91692141,1118.0,2.7229975238137228e-09,1141.0,BID
630,1712701260.349729,5766019.91692141,1118.0,0.0,1141.0,BID
631,1712701261.9301798,5766221.52783376,1118.0,3.0687621636413015e-08,1141.0,BID
632,1712701261.9349473,5766271.52783376,1118.0,7.610605318609391e-09,1141.0,BID
633,1712701272.8501987,5766293.52783376,1119.0,3.348666340188132e-09,1141.0,BID
634,1712701290.3601038,5766293.52783376,1119.0,0.0,1141.0,BID
635,1712701298.9300444,5766315.52783376,1119.0,3.348510418222384e-09,1141.0,BID
636,1712701319.670092,5766321.52783376,1119.0,9.132301140606499e-10,1141.0,BID
637,1712701320.241008,5766321.52783376,1119.0,0.0,1141.0,BID
638,1712701320.5500174,5766357.52783376,1120.0,5.479354553937608e-09,1141.0,BID
639,1712701327.210155,5766379.52783376,1120.0,3.348494449628538e-09,1141.0,BID
640,1712701350.232293,5766379.52783376,1120.0,0.0,1141.0,BID
641,1712701380.3803444,5766379.52783376,1120.0,0.0,1141.0,BID
642,1712701410.3704336,5766379.52783376,1120.0,0.0,1141.0,BID
643,1712701440.2741702,5766379.52783376,1120.0,0.0,1141.0,BID
644,1712701470.240272,5766379.52783376,1120.0,0.0,1141.0,BID
645,1712701500.3502514,5766379.52783376,1120.0,0.0,1141.0,BID
646,1712701530.3608954,5766379.52783376,1120.0,0.0,1141.0,BID
647,1712701542.0204482,5766498.84001758,1120.0,1.816466313419645e-08,1141.0,BID
648,1712701542.0469997,5766627.87749378,1120.0,1.964528861844983e-08,1141.0,BID
649,1712701543.760555,5766677.87749378,1120.0,7.612241496435394e-09,1141.0,BID
650,1712701543.7660615,5766894.83650914,1120.0,3.3030888394998665e-08,1141.0,BID
651,1712701560.2432723,5766894.83650914,1120.0,0.0,1141.0,BID
652,1712701590.240405,5766894.83650914,1120.0,0.0,1141.0,BID
653,1712701620.3505628,5766894.83650914,1120.0,0.0,1141.0,BID
654,1712701650.3604102,5766894.83650914,1120.0,0.0,1141.0,BID
655,1712701680.250414,5766894.83650914,1120.0,0.0,1141.0,BID
656,1712701710.240662,5766894.83650914,1120.0,0.0,1141.0,BID
657,1712701740.36051,5766894.83650914,1120.0,0.0,1141.0,BID
658,1712701770.36036,5766894.83650914,1120.0,0.0,1141.0,BID
659,1712701800.320725,5766894.83650914,1120.0,0.0,1141.0,BID
660,1712701830.241124,5766894.83650914,1120.0,0.0,1141.0,BID
661,1712701858.2311,5766939.47936629,1120.0,-6.806226361060009e-09,1141.0,ASK
662,1712701860.4005892,5766939.47936629,1120.0,-0.0,1141.0,ASK
663,1712701890.3406515,5766939.47936629,1120.0,-0.0,1141.0,ASK
664,1712701890.991468,5767251.97936629,1120.0,-4.764322133659581e-08,1141.0,ASK
665,1712701898.550927,5767256.43966959,1121.0,6.800102955299934e-10,1141.0,BID
666,1712701905.125022,5767270.67249742,1121.0,2.169912852838705e-09,1141.0,BID
667,1712701920.2505853,5767270.67249742,1121.0,0.0,1141.0,BID
668,1712701926.673772,5767301.97936629,1121.0,4.772722343354804e-09,1141.0,BID
669,1712701926.676442,5767389.24772794,1121.0,1.3304034371245052e-08,1141.0,BID
670,1712701928.800552,5767526.58986353,1121.0,2.093776550836848e-08,1141.0,BID
671,1712701931.4306438,5767629.74207531,1121.0,1.5725522343362306e-08,1141.0,BID
672,1712701931.4376647,5767836.59777517,1121.0,3.153508658582746e-08,1141.0,BID
673,1712701939.2304072,5768136.59777517,1121.0,4.573490593767186e-08,1141.0,BID
674,1712701944.4507935,5768257.42675722,1121.0,1.84203404287522e-08,1141.0,BID
675,1712701950.010606,5768274.92987943,1121.0,2.668345492901062e-09,1141.0,BID
676,1712701950.244125,5768274.92987943,1121.0,0.0,1141.0,BID
677,1712701956.2506518,5768378.04844506,1121.0,1.5717695469854375e-08,1141.0,BID
678,1712701956.471285,5768555.3476479,1121.0,2.702456982653507e-08,1141.0,BID
679,1712701956.4910736,5768708.54879739,1121.0,2.3351459541844127e-08,1141.0,BID
680,1712701956.5107017,5768805.9842787,1121.0,1.4851459713666884e-08,1141.0,BID
681,1712701957.5206609,5768917.11473528,1121.0,1.6938896146136222e-08,1141.0,BID
682,1712701957.6006737,5769005.98189432,1121.0,1.3545445812996233e-08,1141.0,BID
683,1712701957.6604722,5769128.41430745,1121.0,1.8661580225227848e-08,1141.0,BID
684,1712701958.0206068,5769173.0571646,1120.0,-6.804621741027947e-09,1141.0,ASK
685,1712701971.7206635,5769248.500844,1121.0,1.1499391702014612e-08,1141.0,BID
686,1712701971.731299,5769293.10387701,1121.0,6.798551605111094e-09,1141.0,BID
687,1712701972.020708,5769349.8895913,1122.0,8.655478853838024e-09,1141.0,BID
688,1712701972.030419,5769413.10387701,1122.0,9.635344383046998e-09,1141.0,BID
689,1712701980.230512,5769413.10387701,1122.0,0.0,1141.0,BID
690,1712701982.171036,5769457.70691002,1121.0,-6.797229628199252e-09,1141.0,ASK
691,1712701997.211015,5769502.30994303,1121.0,-6.797229628199252e-09,1141.0,ASK
692,1712701999.0006049,5769546.91297604,1121.0,-6.797229628199252e-09,1141.0,ASK
693,1712702010.2353728,5769546.91297604,1121.0,-0.0,1141.0,ASK
694,1712702040.3555589,5769546.91297604,1121.0,-0.0,1141.0,ASK
695,1712702070.3718245,5769546.91297604,1121.0,-0.0,1141.0,ASK
696,1712702093.6809385,5770137.10387701,1121.0,-8.993943027669593e-08,1141.0,ASK
697,1712702093.6907823,5770534.0733569,1121.0,-6.049433971261984e-08,1141.0,ASK
698,1712702093.8105664,5770560.8351767,1121.0,4.078244550994393e-09,1141.0,BID
699,1712702093.935549,5770683.00128037,1121.0,1.8616941984659663e-08,1141.0,BID
700,1712702100.2604167,5770683.00128037,1121.0,0.0,1141.0,BID
701,1712702107.1510222,5770726.63229641,1122.0,6.6579985875519115e-09,1141.0,BID
702,1712702107.1569612,5770740.00128037,1122.0,2.040078008707384e-09,1141.0,BID
703,1712702125.2906432,5770740.93354419,1122.0,1.4226144052524988e-10,1141.0,BID
704,1712702125.3004315,5770787.9867381,1123.0,7.180215521547962e-09,1141.0,BID
705,1712702130.236703,5770787.9867381,1123.0,0.0,1141.0,BID
706,1712702156.700694,5770790.9467717,1123.0,4.5168659664863207e-10,1141.0,BID
707,1712702156.7204645,5770983.36463571,1123.0,2.936202147250609e-08,1141.0,BID
708,1712702156.7231572,5771179.0197275,1123.0,2.9856006540362374e-08,1141.0,BID
709,1712702160.3760202,5771179.0197275,1123.0,0.0,1141.0,BID
710,1712702160.585473,5771340.10241347,1123.0,2.457878012568109e-08,1141.0,BID
711,1712702160.6603897,5771452.11034799,1123.0,1.7090715729783254e-08,1141.0,BID
712,1712702179.1610603,5771496.713381,1121.0,-6.805747834965781e-09,1141.0,ASK
713,1712702190.3504384,5771496.713381,1121.0,-0.0,1141.0,ASK
714,1712702199.1708744,5771987.713381,1123.0,7.491509224014867e-08,1141.0,BID
715,1712702199.1755624,5774442.713381,1123.0,3.745754612007433e-07,1141.0,BID
716,1712702199.1907122,5776887.713381,1123.0,3.73049695574671e-07,1141.0,BID
717,1712702211.72061,5777326.113381,1123.0,6.688956504706534e-08,1141.0,BID
718,1712702215.8105989,5777545.313381,1123.0,3.3444782523532664e-08,1141.0,BID
719,1712702220.250497,5777545.313381,1123.0,0.0,1141.0,BID
720,1712702223.7406404,5778492.47915697,1123.0,1.4436567943404926e-07,1141.0,BID
721,1712702250.241164,5778492.47915697,1123.0,0.0,1141.0,BID
722,1712702280.3605163,5778492.47915697,1123.0,0.0,1141.0,BID
723,1712702291.310758,5778630.18915697,1123.0,2.0986162767142512e-08,1141.0,BID
724,1712702293.3410845,5779175.694766,1123.0,8.313172247109045e-08,1141.0,BID
725,1712702293.3471394,5779220.21815697,1123.0,6.785092802598525e-09,1141.0,BID
726,1712702310.3605428,5779220.21815697,1123.0,0.0,1141.0,BID
727,1712702340.2504208,5779220.21815697,1123.0,0.0,1141.0,BID
728,1712702370.2504706,5779220.21815697,1123.0,0.0,1141.0,BID
729,1712702400.280822,5779220.21815697,1123.0,0.0,1141.0,BID
730,1712702403.9108212,5779220.21836351,1123.0,3.1474895500883754e-14,1141.0,BID
731,1712702404.3305514,5779976.31836351,1124.0,1.1522285979855864e-07,1141.0,BID
732,1712702406.0404923,5780095.08296316,1124.0,1.809865998482988e-08,1141.0,BID
733,1712702406.0460205,5780213.07392102,1124.0,1.7980763913498224e-08,1141.0,BID
734,1712702408.6706972,5780450.4176621,1124.0,3.616905779991509e-08,1141.0,BID
735,1712702408.710479,5780601.0871692,1124.0,2.2960681778254504e-08,1141.0,BID
736,1712702408.7904153,5780614.43236492,1124.0,2.033688156893857e-09,1141.0,BID
737,1712702408.9107344,5780627.77756064,1124.0,2.033688156893857e-09,1141.0,BID
738,1712702410.6506224,5780870.74756064,1124.0,3.7026449206770984e-08,1141.0,BID
739,1712702416.2713208,5782955.17383952,1124.0,3.176478731542447e-07,1141.0,BID
740,1712702416.2760804,5783005.88023529,1124.0,7.727200014215801e-09,1141.0,BID
741,1712702427.8708887,5783050.36422106,1124.0,-6.778960528514606e-09,1141.0,ASK
742,1712702430.2361422,5783050.36422106,1124.0,-0.0,1141.0,ASK
743,1712702430.296111,5783094.84820683,1124.0,-6.7745160652323075e-09,1141.0,ASK
744,1712702437.8710773,5783119.54131322,1124.0,-3.760540856206859e-09,1141.0,ASK
745,1712702460.3604486,5783119.54131322,1124.0,-0.0,1141.0,ASK
746,1712702462.4306624,5783139.3321926,1124.0,3.013939519608194e-09,1141.0,BID
747,1712702490.3504338,5783139.3321926,1124.0,0.0,1141.0,BID
748,1712702504.9627333,5784939.35293765,1124.0,-2.741230026674797e-07,1141.0,ASK
749,1712702520.2431529,5784939.35293765,1124.0,-0.0,1141.0,ASK
750,1712702550.240543,5784939.35293765,1124.0,-0.0,1141.0,ASK
751,1712702555.7620475,5785062.16131966,1124.0,1.8696580677157188e-08,1141.0,BID
752,1712702555.764886,5785183.60420718,1124.0,1.8488695209793663e-08,1141.0,BID
753,1712702568.920498,5785582.54959189,1124.0,6.073620097349493e-08,1141.0,BID
754,1712702568.9808972,5785845.0155071,1124.0,3.995830804394752e-08,1141.0,BID
755,1712702569.0004609,5786040.22463052,1124.0,2.97190066768558e-08,1141.0,BID
756,1712702569.0051048,5786237.02288505,1124.0,2.996093900692068e-08,1141.0,BID
757,1712702569.660753,5786384.62157595,1124.0,2.247070425558042e-08,1141.0,BID
758,1712702569.9407194,5786511.39359702,1124.0,1.930001259481729e-08,1141.0,BID
759,1712702570.350629,5786612.11495546,1124.0,1.5334010375851207e-08,1141.0,BID
760,1712702570.4706414,5786926.34878477,1124.0,4.783955333526783e-08,1141.0,BID
761,1712702570.5708375,5787161.40239274,1124.0,3.5785006470616225e-08,1141.0,BID
762,1712702570.6303346,5787293.18612239,1124.0,2.0063004601241417e-08,1141.0,BID
763,1712702570.850309,5787438.61195624,1124.0,2.21399043827625e-08,1141.0,BID
764,1712702572.3505473,5787577.06200316,1124.0,2.1077897368499045e-08,1141.0,BID
765,1712702579.6810343,5788466.74171846,1124.0,1.3544652491692296e-07,1141.0,BID
766,1712702580.3606746,5788466.74171846,1124.0,0.0,1141.0,BID
767,1712702610.3606052,5788466.74171846,1124.0,0.0,1141.0,BID
768,1712702637.8383508,5788869.44183097,1124.0,6.127084437311118e-08,1141.0,BID
769,1712702637.8547068,5789032.10218934,1124.0,2.4748782515087524e-08,1141.0,BID
770,1712702637.8707426,5789438.28874059,1124.0,6.180130622008201e-08,1141.0,BID
771,1712702637.8907216,5789835.13391299,1124.0,6.038001491168542e-08,1141.0,BID
772,1712702637.9522855,5789955.73949627,1124.0,1.835014616119561e-08,1141.0,BID
773,1712702637.9706445,5790099.69618246,1124.0,2.190301775927623e-08,1141.0,BID
774,1712702637.9982457,5790242.41723895,1124.0,2.1715016632258732e-08,1141.0,BID
775,1712702638.114614,5790360.65396517,1124.0,1.7989724428520062e-08,1141.0,BID
776,1712702638.119436,5790385.7078317,1124.0,3.811947177222353e-09,1141.0,BID
777,1712702640.2222228,5790385.7078317,1124.0,0.0,1141.0,BID
778,1712702670.2649488,5790385.7078317,1124.0,0.0,1141.0,BID
779,1712702692.300521,5790405.69901021,1124.0,3.040661045562533e-09,1141.0,BID
780,1712702700.2806337,5790405.69901021,1124.0,0.0,1141.0,BID
781,1712702701.2506857,5790474.67580323,1124.0,-1.0491785236454248e-08,1141.0,ASK
782,1712702702.191388,5791315.60482242,1124.0,1.2791036350262573e-07,1141.0,BID
783,1712702730.2544155,5791315.60482242,1124.0,0.0,1141.0,BID
784,1712702760.3603418,5791315.60482242,1124.0,0.0,1141.0,BID
785,1712702761.0807197,5791360.04926687,1125.0,6.7592159225522684e-09,1141.0,BID
786,1712702761.0857103,5791711.51312242,1125.0,5.345145198690202e-08,1141.0,BID
787,1712702764.530594,5792032.27269202,1125.0,4.8781871771737953e-08,1141.0,BID
788,1712702789.6205137,5792352.94842462,1125.0,4.876912164297114e-08,1141.0,BID
789,1712702790.3613744,5792352.94842462,1125.0,0.0,1141.0,BID
790,1712702790.5690289,5792673.62415722,1125.0,4.876046754420025e-08,1141.0,BID
791,1712702790.986977,5792994.29988982,1125.0,4.876046754405861e-08,1141.0,BID
792,1712702808.650611,5793314.97562242,1125.0,4.876046754420025e-08,1141.0,BID
793,1712702820.2307825,5793314.97562242,1125.0,0.0,1141.0,BID
794,1712702850.23098,5793314.97562242,1125.0,0.0,1141.0,BID
795,1712702873.450668,5793332.75340019,1125.0,2.702761812984485e-09,1141.0,BID
796,1712702880.3607123,5793332.75340019,1125.0,0.0,1141.0,BID
797,1712702906.1211138,5793466.28858793,1125.0,2.0301339874798012e-08,1141.0,BID
798,1712702906.3580036,5793589.85299246,1125.0,1.8785482802377242e-08,1141.0,BID
799,1712702910.361199,5793589.85299246,1125.0,0.0,1141.0,BID
800,1712702940.27214,5793589.85299246,1125.0,0.0,1141.0,BID
801,1712702970.2643323,5793589.85299246,1125.0,0.0,1141.0,BID
802,1712703000.364298,5793589.85299246,1125.0,0.0,1141.0,BID
803,1712703030.258918,5793589.85299246,1125.0,0.0,1141.0,BID
804,1712703060.3439243,5793589.85299246,1125.0,0.0,1141.0,BID
805,1712703090.3646815,5793589.85299246,1125.0,0.0,1141.0,BID
806,1712703120.2448714,5793589.85299246,1125.0,0.0,1141.0,BID
807,1712703150.23534,5793589.85299246,1125.0,0.0,1141.0,BID
808,1712703180.3618703,5793589.85299246,1125.0,0.0,1141.0,BID
809,1712703182.025935,5794529.82922656,1125.0,1.4291092207265974e-07,1141.0,BID
810,1712703210.3660614,5794529.82922656,1125.0,0.0,1141.0,BID
811,1712703240.247001,5794529.82922656,1125.0,0.0,1141.0,BID
812,1712703270.2609725,5794529.82922656,1125.0,0.0,1141.0,BID
813,1712703300.3481195,5794529.82922656,1125.0,0.0,1141.0,BID
814,1712703302.3473313,5795472.42183564,1123.0,-1.434331601430385e-07,1141.0,ASK
815,1712703330.3773274,5795472.42183564,1123.0,-0.0,1141.0,ASK
816,1712703339.978015,5795918.05463422,1122.0,-6.780047488422224e-08,1141.0,ASK
817,1712703360.2507398,5795918.05463422,1122.0,-0.0,1141.0,ASK
818,1712703388.438846,5797287.62424812,1120.0,-2.0835631303823325e-07,1141.0,ASK
819,1712703388.4454489,5798080.85062957,1122.0,-1.2067566523539714e-07,1141.0,ASK
820,1712703388.4499743,5815429.96446413,1120.0,-2.6393674015268785e-06,1141.0,ASK
821,1712703390.2507043,5815429.96446413,1120.0,-0.0,1141.0,ASK
822,1712703420.2384658,5815429.96446413,1120.0,-0.0,1141.0,ASK
823,1712703450.2313552,5815429.96446413,1120.0,-0.0,1141.0,ASK
824,1712703480.348915,5815429.96446413,1120.0,-0.0,1141.0,ASK
825,1712703510.3694458,5815429.96446413,1120.0,-0.0,1141.0,ASK
826,1712703540.269596,5815429.96446413,1120.0,-0.0,1141.0,ASK
827,1712703570.232257,5815429.96446413,1120.0,-0.0,1141.0,ASK
828,1712703600.3829412,5815429.96446413,1120.0,-0.0,1141.0,ASK
829,1712703630.2449508,5815429.96446413,1120.0,-0.0,1141.0,ASK
830,1712703660.340257,5815429.96446413,1120.0,-0.0,1141.0,ASK
831,1712703690.3708043,5815429.96446413,1120.0,-0.0,1141.0,ASK
832,1712703720.2511868,5815429.96446413,1120.0,-0.0,1141.0,ASK
833,1712703750.251023,5815429.96446413,1120.0,-0.0,1141.0,ASK
834,1712703780.3610947,5815429.96446413,1120.0,-0.0,1141.0,ASK
835,1712703810.3713925,5815429.96446413,1120.0,-0.0,1141.0,ASK
836,1712703837.3215072,5815444.80513024,1121.0,2.255138649440373e-09,1141.0,BID
837,1712703840.2959404,5815444.80513024,1121.0,0.0,1141.0,BID
838,1712703870.2515984,5815444.80513024,1121.0,0.0,1141.0,BID
839,1712703900.3819396,5815444.80513024,1121.0,0.0,1141.0,BID
840,1712703930.3617744,5815444.80513024,1121.0,0.0,1141.0,BID
841,1712703960.2532103,5815444.80513024,1121.0,0.0,1141.0,BID
842,1712703973.3910625,5817232.11522854,1119.0,-2.719862612249477e-07,1141.0,ASK
843,1712703973.3941264,5819916.01692624,1119.0,-4.084262652276918e-07,1141.0,ASK
844,1712703973.5421064,5819916.01692648,1119.0,-3.656511082696957e-17,1141.0,ASK
845,1712703990.2358036,5819916.01692648,1119.0,-0.0,1141.0,ASK
846,1712704020.34227,5819916.01692648,1119.0,-0.0,1141.0,ASK
847,1712704030.86244,5821704.01692648,1120.0,2.718842402594647e-07,1141.0,BID
848,1712704030.8678942,5821816.97626517,1120.0,1.7176657706784642e-08,1141.0,BID
849,1712704050.3624327,5821816.97626517,1120.0,0.0,1141.0,BID
850,1712704080.2527986,5821816.97626517,1120.0,0.0,1141.0,BID
851,1712704083.8336885,5821825.92881664,1117.0,-1.360889199150981e-09,1141.0,ASK
852,1712704083.8404422,5821833.60548664,1117.0,-1.1669407680296494e-09,1141.0,ASK
853,1712704083.8471136,5821853.60548664,1115.0,-3.040226473291605e-09,1141.0,ASK
854,1712704083.8512292,5821862.55003046,1118.0,-1.359671945634967e-09,1141.0,ASK
855,1712704083.8542438,5822507.57065826,1115.0,-9.805043942289361e-08,1141.0,ASK
856,1712704083.8573031,5822516.53123173,1116.0,-1.362108634001859e-09,1141.0,ASK
857,1712704083.8603582,5823251.61634787,1115.0,-1.1174126151051429e-07,1141.0,ASK
858,1712704090.152676,5826061.32999605,1115.0,-4.2710829077835113e-07,1141.0,ASK
859,1712704110.2626631,5826061.32999605,1115.0,-0.0,1141.0,ASK
860,1712704140.2828429,5826061.32999605,1115.0,-0.0,1141.0,ASK
861,1712704143.6629264,5826077.40116972,1115.0,-2.441244158281012e-09,1141.0,ASK
862,1712704170.243579,5826077.40116972,1115.0,-0.0,1141.0,ASK
863,1712704200.2830348,5826077.40116972,1115.0,-0.0,1141.0,ASK
864,1712704230.2734356,5826077.40116972,1115.0,-0.0,1141.0,ASK
865,1712704260.3631055,5826077.40116972,1115.0,-0.0,1141.0,ASK
866,1712704290.3735633,5826077.40116972,1115.0,-0.0,1141.0,ASK
867,1712704320.2459233,5826077.40116972,1115.0,-0.0,1141.0,ASK
868,1712704350.280028,5826077.40116972,1115.0,-0.0,1141.0,ASK
869,1712704380.3737931,5826077.40116972,1115.0,-0.0,1141.0,ASK
870,1712704397.024304,5826167.00690448,1114.0,-1.3619764601631885e-08,1141.0,ASK
871,1712704397.031174,5826236.00690448,1115.0,-1.048776353466968e-08,1141.0,ASK
872,1712704397.036008,5826325.7735113,1114.0,-1.3644216603418785e-08,1141.0,ASK
873,1712704397.0390089,5828105.70922297,1113.0,-2.705441282740026e-07,1141.0,ASK
874,1712704397.042172,5828110.40922297,1114.0,-7.143838929695796e-10,1141.0,ASK
875,1712704397.045242,5828379.70947703,1113.0,-4.0932715716047566e-08,1141.0,ASK
876,1712704399.31406,5828452.69651478,1113.0,-1.1093779608950732e-08,1141.0,ASK
877,1712704399.3205795,5829530.86363068,1113.0,-1.6387770670178228e-07,1141.0,ASK
878,1712704410.3737197,5829530.86363068,1113.0,-0.0,1141.0,ASK
879,1712704440.2638676,5829530.86363068,1113.0,-0.0,1141.0,ASK
880,1712704470.2487824,5829530.86363068,1113.0,-0.0,1141.0,ASK
881,1712704500.2869363,5829530.86363068,1113.0,-0.0,1141.0,ASK
882,1712704506.9846764,5829536.36385068,1114.0,-8.35564352162045e-10,1141.0,ASK
883,1712704506.9918048,5829567.6883873,1113.0,-4.7586580442808765e-09,1141.0,ASK
884,1712704512.212433,5829581.03358302,1113.0,-2.0273316006658547e-09,1141.0,ASK
885,1712704512.3440046,5829594.37877874,1113.0,-2.0273316006658547e-09,1141.0,ASK
886,1712704528.8441644,5835748.40702777,1113.0,-9.348874458226994e-07,1141.0,ASK
887,1712704530.2591045,5835748.40702777,1113.0,-0.0,1141.0,ASK
888,1712704555.924151,5836472.40702777,1115.0,1.098707496584053e-07,1141.0,BID
889,1712704555.9296863,5838598.52096878,1116.0,3.226488018756419e-07,1141.0,BID
890,1712704560.3741767,5838598.52096878,1116.0,0.0,1141.0,BID
891,1712704589.964568,5838637.17260739,1113.0,-5.862757078543141e-09,1141.0,ASK
892,1712704590.3739898,5838637.17260739,1113.0,-0.0,1141.0,ASK
893,1712704620.2543998,5838637.17260739,1113.0,-0.0,1141.0,ASK
894,1712704650.2708614,5838637.17260739,1113.0,-0.0,1141.0,ASK
895,1712704680.3643565,5838637.17260739,1113.0,-0.0,1141.0,ASK
896,1712704690.235777,5839535.64520397,1113.0,-1.3628121324664817e-07,1141.0,ASK
897,1712704690.2446656,5840193.28339339,1113.0,-9.975121185944546e-08,1141.0,ASK
898,1712704690.334339,5840193.28339375,1113.0,-5.46691410833137e-17,1141.0,ASK
899,1712704692.4346676,5840836.9693884,1114.0,9.763492913941436e-08,1141.0,BID
900,1712704710.3849702,5840836.9693884,1114.0,0.0,1141.0,BID
901,1712704740.2294626,5840836.9693884,1114.0,0.0,1141.0,BID
1102,1712704751.414853,5840842.4745584,1113.0,-8.347195648060453e-10,1141.0,ASK
902,1712704751.414853,5840842.4745584,1113.0,-8.347195648060452e-10,1141.0,ASK
903,1712704751.4204416,5840886.3654611,1113.0,-6.654943480770485e-09,1141.0,ASK
904,1712704751.5347192,5840927.3654611,1113.0,6.216611323243417e-09,1141.0,BID
905,1712704751.5948453,5840927.8784793,1113.0,7.778621346906059e-11,1141.0,BID
906,1712704751.7746596,5841143.60554954,1115.0,3.2709545063073194e-08,1141.0,BID
907,1712704770.2552376,5841143.60554954,1115.0,0.0,1141.0,BID
908,1712704773.8147347,5841150.77400832,1116.0,1.086858857964419e-09,1141.0,BID
909,1712704800.2747505,5841150.77400832,1116.0,0.0,1141.0,BID
910,1712704830.2646165,5841150.77400832,1116.0,0.0,1141.0,BID
911,1712704860.3911028,5841150.77400832,1116.0,0.0,1141.0,BID
912,1712704890.3762093,5841150.77400832,1116.0,0.0,1141.0,BID
913,1712704920.257036,5841150.77400832,1116.0,0.0,1141.0,BID
914,1712704921.275563,5841886.16901986,1114.0,1.1157397336566497e-07,1141.0,BID
915,1712704921.2829976,5842046.83135599,1114.0,2.437565516612544e-08,1141.0,BID
916,1712704950.2545347,5842046.83135599,1114.0,0.0,1141.0,BID
917,1712704980.3955882,5842046.83135599,1114.0,0.0,1141.0,BID
918,1712705010.373046,5842046.83135599,1114.0,0.0,1141.0,BID
919,1712705040.2626352,5842046.83135599,1114.0,0.0,1141.0,BID
920,1712705051.971966,5842316.13117645,1113.0,4.085192404213698e-08,1141.0,BID
921,1712705070.2438304,5842316.13117645,1113.0,0.0,1141.0,BID
922,1712705081.5566783,5842406.059234,1112.0,-1.3641179335119985e-08,1141.0,ASK
923,1712705081.5616772,5842413.58721773,1112.0,-1.1419192061668826e-09,1141.0,ASK
924,1712705082.1713357,5842503.51527528,1112.0,-1.3641179335261256e-08,1141.0,ASK
925,1712705082.1819525,5843064.78664673,1112.0,-8.513920618607536e-08,1141.0,ASK
926,1712705100.3810296,5843064.78664673,1112.0,-0.0,1141.0,ASK
927,1712705106.641045,5843109.7506755,1112.0,-6.823611792438681e-09,1141.0,ASK
928,1712705106.6507156,5843109.75067592,1112.0,-6.374201174402054e-17,1141.0,ASK
929,1712705130.380838,5843109.75067592,1112.0,-0.0,1141.0,ASK
930,1712705135.7798393,5843199.35641068,1111.0,-1.3598205624775922e-08,1141.0,ASK
931,1712705135.7859745,5843789.36541102,1111.0,-8.953739097815354e-08,1141.0,ASK
932,1712705135.7892542,5843879.37441192,1111.0,-1.3659403670988628e-08,1141.0,ASK
933,1712705135.8073592,5843879.37441248,1111.0,-8.494159285489647e-17,1141.0,ASK
934,1712705150.184024,5844093.83176401,1112.0,3.2545184431131965e-08,1141.0,BID
935,1712705159.275756,5844129.84978201,1110.0,-5.465949431369388e-09,1141.0,ASK
936,1712705159.282923,5845509.83176401,1110.0,-2.094205108634765e-07,1141.0,ASK
937,1712705160.1148646,5845842.76960182,1110.0,-5.052530611953767e-08,1141.0,ASK
938,1712705160.1219456,5847920.71257479,1110.0,-3.153402614096849e-07,1141.0,ASK
939,1712705160.1272268,5848303.75043685,1109.0,-5.8128284136232935e-08,1141.0,ASK
940,1712705160.1304686,5848708.1462617,1110.0,-6.13694825989734e-08,1141.0,ASK
941,1712705160.13378,5861877.89630227,1109.0,-1.998588255074752e-06,1141.0,ASK
942,1712705160.1553738,5862006.55651581,1109.0,1.952495612179084e-08,1141.0,BID
943,1712705160.2058094,5862409.0627933,1109.0,6.108273249729414e-08,1141.0,BID
944,1712705160.2209446,5862458.56249956,1109.0,7.511876175163007e-09,1141.0,BID
945,1712705160.2271092,5863039.22749956,1109.0,8.811938309824483e-08,1141.0,BID
946,1712705160.2499142,5863039.22749956,1109.0,0.0,1141.0,BID
947,1712705160.3736813,5864200.55849956,1110.0,-1.7564960439542614e-07,1141.0,ASK
948,1712705160.3770552,5864468.70086475,1110.0,-4.055613805826306e-08,1141.0,ASK
949,1712705170.1698296,5864473.30375283,1108.0,-6.961800471873204e-10,1141.0,ASK
950,1712705170.1771903,5864516.68632248,1108.0,-6.5615498051090545e-09,1141.0,ASK
951,1712705175.4695258,5864547.38261248,1111.0,4.642768680769692e-09,1141.0,BID
952,1712705190.2605002,5864547.38261248,1111.0,0.0,1141.0,BID
953,1712705220.3715448,5864547.38261248,1111.0,0.0,1141.0,BID
954,1712705243.9085865,5864565.41687758,1109.0,-2.726965616757912e-09,1141.0,ASK
955,1712705250.3696744,5864565.41687758,1109.0,-0.0,1141.0,ASK
956,1712705252.9787774,5865289.41687758,1110.0,1.0947588520202781e-07,1141.0,BID
957,1712705252.9863262,5865642.4865092,1111.0,5.33875835077173e-08,1141.0,BID
958,1712705255.088931,5865689.35664713,1108.0,-7.087223535108749e-09,1141.0,ASK
959,1712705255.096443,5865763.31505556,1108.0,-1.1183235125733847e-08,1141.0,ASK
960,1712705264.7841637,5865822.19105913,1108.0,-8.902627911567826e-09,1141.0,ASK
961,1712705264.7916973,5865853.93646533,1108.0,-4.800216084064122e-09,1141.0,ASK
962,1712705280.237847,5865853.93646533,1108.0,-0.0,1141.0,ASK
963,1712705304.4804094,5865894.57344344,1108.0,-6.1433802146528755e-09,1141.0,ASK
1164,1712705304.4854257,5865984.82615102,1108.0,-1.3644141957953761e-08,1141.0,ASK
964,1712705304.4854257,5865984.82615102,1108.0,-1.364414195795376e-08,1141.0,ASK
965,1712705310.2618232,5865984.82615102,1108.0,-0.0,1141.0,ASK
966,1712705318.2474363,5866137.24152482,1108.0,2.3041207955109296e-08,1141.0,BID
967,1712705318.2510092,5866265.72220802,1108.0,1.942291034043225e-08,1141.0,BID
1167,1712705318.2510092,5866265.72220802,1108.0,1.9422910340432252e-08,1141.0,BID
968,1712705319.9173594,5866489.08412202,1108.0,3.37664645067702e-08,1141.0,BID
969,1712705340.3570745,5866489.08412202,1108.0,0.0,1141.0,BID
970,1712705340.9107842,5866649.16412202,1108.0,2.419785462317704e-08,1141.0,BID
1171,1712705360.9167123,5866716.62858473,1108.0,1.019799638243218e-08,1141.0,BID
971,1712705360.9167123,5866716.62858473,1108.0,1.0197996382432181e-08,1141.0,BID
972,1712705365.500727,5866849.72858473,1108.0,2.011953054931503e-08,1141.0,BID
973,1712705370.356563,5866849.72858473,1108.0,0.0,1141.0,BID
974,1712705398.0463886,5867070.30538641,1108.0,3.3340598447097154e-08,1141.0,BID
975,1712705398.17453,5868008.93354545,1108.0,1.4187541166307793e-07,1141.0,BID
976,1712705400.3481944,5868008.93354545,1108.0,0.0,1141.0,BID
977,1712705407.6362774,5868274.16632745,1108.0,4.0114979582846536e-08,1141.0,BID
978,1712705412.9968712,5868363.68284297,1108.0,1.3538873910322116e-08,1141.0,BID
979,1712705413.0044794,5868523.16632745,1108.0,2.4120987894028053e-08,1141.0,BID
980,1712705430.11638,5868523.90251952,1108.0,1.1134494624774943e-10,1141.0,BID
981,1712705430.266132,5868523.90251952,1108.0,0.0,1141.0,BID
982,1712705460.375953,5868523.90251952,1108.0,0.0,1141.0,BID
983,1712705490.170066,5868613.41903503,1108.0,-1.3537705633280749e-08,1141.0,ASK
984,1712705490.2724147,5868706.05188199,1108.0,1.4008992720441497e-08,1141.0,BID
985,1712705490.3613632,5868706.05188199,1108.0,0.0,1141.0,BID
986,1712705520.2676268,5868706.05188199,1108.0,0.0,1141.0,BID
987,1712705550.26589,5868706.05188199,1108.0,0.0,1141.0,BID
988,1712705558.7757251,5868796.38611866,1107.0,-1.3660953771746221e-08,1141.0,ASK
989,1712705558.7833483,5868983.32514009,1107.0,-2.8270182203872813e-08,1141.0,ASK
990,1712705559.1197908,5869260.32514009,1106.0,-4.188981203908765e-08,1141.0,ASK
991,1712705564.23571,5869349.93087485,1106.0,-1.3550784789596749e-08,1141.0,ASK
992,1712705564.243591,5870117.41387609,1106.0,-1.1606396630021889e-07,1141.0,ASK
993,1712705580.3670833,5870117.41387609,1106.0,-0.0,1141.0,ASK
994,1712705586.3397405,5870225.42277896,1109.0,1.6329980706610487e-08,1141.0,BID
995,1712705610.364292,5870225.42277896,1109.0,0.0,1141.0,BID
996,1712705640.244675,5870225.42277896,1109.0,0.0,1141.0,BID
997,1712705670.2560964,5870225.42277896,1109.0,0.0,1141.0,BID
998,1712705700.3542209,5870225.42277896,1109.0,0.0,1141.0,BID
999,1712705730.373294,5870225.42277896,1109.0,0.0,1141.0,BID
1000,1712705738.709566,5870315.59410447,1109.0,1.3686579755806986e-08,1141.0,BID
1201,1712705760.233842,5870315.59410447,1109.0,0.0,1141.0,BID
1202,1712705790.2284243,5870315.59410447,1109.0,0.0,1141.0,BID
1203,1712705790.812893,5870320.10673984,1108.0,6.849362156438764e-10,1141.0,BID
1204,1712705804.0402932,5870324.61937521,1108.0,6.849362157852342e-10,1141.0,BID
1205,1712705820.3628488,5870324.61937521,1108.0,0.0,1141.0,BID
1206,1712705850.3732395,5870324.61937521,1108.0,0.0,1141.0,BID
1207,1712705866.172807,5870324.61937577,1106.0,-8.495595569567392e-17,1141.0,ASK
1208,1712705866.175534,5870415.03528897,1106.0,-1.3723475164600934e-08,1141.0,ASK
1209,1712705880.2426293,5870415.03528897,1106.0,-0.0,1141.0,ASK
1210,1712705910.2426076,5870415.03528897,1106.0,-0.0,1141.0,ASK
1211,1712705940.3848617,5870415.03528897,1106.0,-0.0,1141.0,ASK
1212,1712705954.4424205,5870775.0005246,1106.0,5.4635282859623764e-08,1141.0,BID
1213,1712705954.4441144,5870782.20335371,1106.0,1.0932405877987942e-09,1141.0,BID
1214,1712705963.5325336,5871631.00529457,1106.0,1.288305912361964e-07,1141.0,BID
1215,1712705970.3519232,5871631.00529457,1106.0,0.0,1141.0,BID
1216,1712705972.0220203,5871758.00529457,1106.0,1.9272041257005392e-08,1141.0,BID
1217,1712706000.295562,5871758.00529457,1106.0,0.0,1141.0,BID
1218,1712706003.0126362,5872722.83017541,1106.0,1.465143468289133e-07,1141.0,BID
1219,1712706003.0148654,5874008.83017541,1106.0,1.9528668234373426e-07,1141.0,BID
1220,1712706003.0318315,5874336.83017541,1106.0,4.9808733910377e-08,1141.0,BID
1221,1712706003.034363,5875234.57499268,1106.0,1.363278436671334e-07,1141.0,BID
1222,1712706030.239196,5875234.57499268,1106.0,0.0,1141.0,BID
1223,1712706055.0316634,5875323.54296421,1106.0,-1.3502426984511458e-08,1141.0,ASK
1224,1712706060.3648815,5875323.54296421,1106.0,-0.0,1141.0,ASK
1225,1712706090.3717144,5875323.54296421,1106.0,-0.0,1141.0,ASK
1226,1712706120.2313848,5875323.54296421,1106.0,-0.0,1141.0,ASK
1227,1712706139.8512664,5875593.57273206,1106.0,-4.0981071200087685e-08,1141.0,ASK
1228,1712706150.2832522,5875593.57273206,1106.0,-0.0,1141.0,ASK
1229,1712706177.0414326,5875896.83604395,1106.0,-4.6022674459124346e-08,1141.0,ASK
1230,1712706177.0436194,5876620.83604395,1107.0,-1.098728893407888e-07,1141.0,ASK
1231,1712706179.9715345,5876683.03397931,1111.0,9.439042636720506e-09,1141.0,BID
1232,1712706180.3612,5876683.03397931,1111.0,0.0,1141.0,BID
1233,1712706198.1913362,5880145.3290948,1106.0,-5.253353022712963e-07,1141.0,ASK
1234,1712706198.1935318,5880369.4393092,1106.0,-3.4004324673891083e-08,1141.0,ASK
1235,1712706210.3423324,5880369.4393092,1106.0,-0.0,1141.0,ASK
1236,1712706233.062435,5880396.62573213,1107.0,-4.122455606236729e-09,1141.0,ASK
1237,1712706240.25413,5880396.62573213,1107.0,-0.0,1141.0,ASK
1238,1712706270.2424004,5880396.62573213,1107.0,-0.0,1141.0,ASK
1239,1712706277.261026,5881120.62573213,1108.0,-1.0978436721856597e-07,1141.0,ASK
1240,1712706277.2639332,5881292.6830798,1107.0,-2.6090064971236453e-08,1141.0,ASK
1241,1712706300.260765,5881292.6830798,1107.0,-0.0,1141.0,ASK
1242,1712706317.7610028,5881695.7085694,1109.0,-6.116685047031247e-08,1141.0,ASK
1243,1712706317.764124,5881745.01990698,1108.0,-7.483941562197663e-09,1141.0,ASK
1244,1712706330.2405,5881745.01990698,1108.0,-0.0,1141.0,ASK
1245,1712706346.8304646,5881800.96143164,1112.0,8.489553380189964e-09,1141.0,BID
1246,1712706360.3705838,5881800.96143164,1112.0,0.0,1141.0,BID
1247,1712706361.263814,5881805.46098042,1111.0,6.828344270842894e-10,1141.0,BID
1248,1712706367.7707756,5882251.59160172,1111.0,6.770308804468654e-08,1141.0,BID
1249,1712706367.77371,5883912.66463312,1111.0,2.52078132108102e-07,1141.0,BID
1250,1712706367.8505535,5884358.7952445,1111.0,-6.770308653919706e-08,1141.0,ASK
1251,1712706367.8604853,5886593.61270276,1111.0,-3.3914740642427184e-07,1141.0,ASK
1252,1712706367.870425,5886936.31353876,1111.0,-5.20069768021857e-08,1141.0,ASK
1253,1712706371.860598,5888328.70394928,1111.0,2.1130387840518613e-07,1141.0,BID
1254,1712706371.9404364,5891945.00299228,1111.0,-5.487958028764076e-07,1141.0,ASK
1255,1712706371.9808395,5894659.01920932,1111.0,-4.118687893727119e-07,1141.0,ASK
1256,1712706375.611256,5896006.08491495,1112.0,2.0442557339927962e-07,1141.0,BID
1257,1712706375.613769,5896996.18392485,1111.0,1.502536639267195e-07,1141.0,BID
1258,1712706375.6166763,5898171.96500684,1113.0,1.7843206970033338e-07,1141.0,BID
1259,1712706375.6195323,5901713.09837057,1112.0,5.373889449773626e-07,1141.0,BID
1260,1712706375.6217008,5902353.22955477,1113.0,9.714387637803362e-08,1141.0,BID
1261,1712706390.3603485,5902353.22955477,1113.0,0.0,1141.0,BID
1262,1712706420.2506814,5902353.22955477,1113.0,0.0,1141.0,BID
1263,1712706450.250164,5902353.22955477,1113.0,0.0,1141.0,BID
1264,1712706480.371129,5902353.22955477,1113.0,0.0,1141.0,BID
1265,1712706510.3401768,5902353.22955477,1113.0,0.0,1141.0,BID
1266,1712706540.260427,5902353.22955477,1113.0,0.0,1141.0,BID
1267,1712706570.230853,5902353.22955477,1113.0,0.0,1141.0,BID
1268,1712706600.2802842,5902353.22955477,1113.0,0.0,1141.0,BID
1269,1712706605.6212373,5903881.11934037,1106.0,-2.311195018591649e-07,1141.0,ASK
1270,1712706605.6242392,5904242.06147433,1106.0,-5.4598680472146894e-08,1141.0,ASK
1271,1712706605.6271615,5904550.91243033,1108.0,-4.671899751687028e-08,1141.0,ASK
1272,1712706605.6294975,5908559.60645001,1106.0,-6.063836368733254e-07,1141.0,ASK
1273,1712706630.2454593,5908559.60645001,1106.0,-0.0,1141.0,ASK
1274,1712706660.3497205,5908559.60645001,1106.0,-0.0,1141.0,ASK
1275,1712706690.3696785,5908559.60645001,1106.0,-0.0,1141.0,ASK
1276,1712706720.2795424,5908559.60645001,1106.0,-0.0,1141.0,ASK
1277,1712706750.2396734,5908559.60645001,1106.0,-0.0,1141.0,ASK
1278,1712706752.819971,5908859.25946245,1110.0,4.528063026689975e-08,1141.0,BID
1279,1712706752.8231373,5909251.01152855,1110.0,5.919773779996268e-08,1141.0,BID
1280,1712706780.3854914,5909251.01152855,1110.0,0.0,1141.0,BID
1281,1712706810.349393,5909251.01152855,1110.0,0.0,1141.0,BID
1282,1712706840.2394817,5909251.01152855,1110.0,0.0,1141.0,BID
1283,1712706870.2319064,5909251.01152855,1110.0,0.0,1141.0,BID
1284,1712706900.359471,5909251.01152855,1110.0,0.0,1141.0,BID
1285,1712706930.3781412,5909251.01152855,1110.0,0.0,1141.0,BID
1286,1712706937.4762824,5911596.89634355,1110.0,-3.548583419522537e-07,1141.0,ASK
1287,1712706937.5699322,5911978.47459056,1110.0,-5.772074706884849e-08,1141.0,ASK
1288,1712706937.6293595,5913755.51603305,1110.0,-2.6881029103817173e-07,1141.0,ASK
1289,1712706960.2592168,5913755.51603305,1110.0,-0.0,1141.0,ASK
1290,1712706990.2548182,5913755.51603305,1110.0,-0.0,1141.0,ASK
1291,1712707020.3982828,5913755.51603305,1110.0,-0.0,1141.0,ASK
1292,1712707050.3592658,5913755.51603305,1110.0,-0.0,1141.0,ASK
1293,1712707080.2410464,5913755.51603305,1110.0,-0.0,1141.0,ASK
1294,1712707089.859729,5913762.51974305,1108.0,-1.058639608828422e-09,1141.0,ASK
1295,1712707089.862846,5913763.52548204,1108.0,-1.5202159002256656e-10,1141.0,ASK
1296,1712707103.5530772,5913804.52548204,1108.0,-6.19731884346407e-09,1141.0,ASK
1297,1712707103.5562685,5913898.77245063,1108.0,-1.4245817423913592e-08,1141.0,ASK
1298,1712707107.7533412,5914297.80865212,1108.0,6.031596513948429e-08,1141.0,BID
1299,1712707110.2687416,5914297.80865212,1108.0,0.0,1141.0,BID
1300,1712707112.645251,5914953.59952199,1109.0,9.91164886080976e-08,1141.0,BID
1301,1712707112.6485655,5915871.25774018,1110.0,1.3869522207188252e-07,1141.0,BID
1302,1712707112.6500237,5916595.25774018,1111.0,1.0942564321833817e-07,1141.0,BID
1303,1712707112.6514344,5924844.76948207,1110.0,1.2468344317589878e-06,1141.0,BID
1304,1712707112.6529832,5925689.33031236,1110.0,1.2764725427008834e-07,1141.0,BID
1305,1712707112.6543777,5927303.33031236,1111.0,2.439405913734776e-07,1141.0,BID
1306,1712707112.8159835,5927996.39961929,1111.0,-1.0475076616803709e-07,1141.0,ASK
1307,1712707112.822957,5928041.44466434,1111.0,-6.808125729806723e-09,1141.0,ASK
1308,1712707112.8594234,5929365.84259194,1111.0,-2.001700208629302e-07,1141.0,ASK
1309,1712707140.3496752,5929365.84259194,1111.0,-0.0,1141.0,ASK
1310,1712707150.099464,5929568.2602337,1111.0,-3.0516322037195245e-08,1141.0,ASK
1311,1712707170.3300078,5929568.2602337,1111.0,-0.0,1141.0,ASK
1312,1712707200.3706176,5929568.2602337,1111.0,-0.0,1141.0,ASK
1313,1712707220.375012,9.00090009,1111.0,1.3632612603675887e-09,1111.0,BID
1314,1712707222.4099605,99.00990099,1111.0,1.3632612603675889e-08,1111.0,BID
1315,1712707230.0203528,1224.17208736,1108.0,-1.70415181256469e-07,1111.0,ASK
1316,1712707230.3062332,1224.17208736,1108.0,-0.0,1111.0,ASK
1317,1712707245.221187,1236.93648149,1111.0,1.9328765993508363e-09,1111.0,BID
1318,1712707245.224012,1237.18018817,1111.0,3.6903822780783735e-11,1111.0,BID
1319,1712707251.7114637,2425.4191012,1108.0,-1.799317042424916e-07,1111.0,ASK
1320,1712707251.7130513,3351.18627661,1108.0,-1.401863411277403e-07,1111.0,ASK
1321,1712707251.820865,3451.18627661,1106.0,-1.514272106976089e-08,1111.0,ASK
1322,1712707251.823302,3541.52051328,1107.0,-1.3679061489435813e-08,1111.0,ASK
1323,1712707251.8253348,3636.56449205,1106.0,-1.4392244598743818e-08,1111.0,ASK
1324,1712707254.9646428,3689.56449205,1108.0,8.025642166973272e-09,1111.0,BID
1325,1712707257.2665622,3716.28582362,1107.0,-4.0463367057710705e-09,1111.0,ASK
1326,1712707260.4009354,3716.28582362,1107.0,-0.0,1111.0,ASK
1327,1712707260.7276278,3716.28582362,1107.0,-0.0,1111.0,ASK
1328,1712707266.4834025,3721.37979844,1108.0,7.710440562028593e-10,1111.0,BID
1329,1712707276.7231147,3811.87753599,1105.0,-1.3698093356051573e-08,1111.0,ASK
1330,1712707276.732967,4543.62553599,1106.0,-1.1076025421702925e-07,1111.0,ASK
1331,1712707276.734521,5238.95934345,1105.0,-1.0524845886830517e-07,1111.0,ASK
1332,1712707276.7360663,6173.457081,1105.0,-1.414492516225212e-07,1111.0,ASK
1333,1712707276.7375834,6263.8729942,1104.0,-1.3685708100735364e-08,1111.0,ASK
1334,1712707276.7391086,7949.8729942,1105.0,-2.5519958866974884e-07,1111.0,ASK
1335,1712707276.7406487,7965.7302315,1103.0,-2.4002137819682848e-09,1111.0,ASK
1336,1712707276.742159,8150.5406764,1104.0,-2.79736355399486e-08,1111.0,ASK
1337,1712707276.7437065,8195.87159208,1103.0,-6.861465620141878e-09,1111.0,ASK
1338,1712707276.745224,8286.45130222,1104.0,-1.3710501049557032e-08,1111.0,ASK
1339,1712707276.746745,8376.05703698,1103.0,-1.3563076306763105e-08,1111.0,ASK
1340,1712707276.748294,9100.05703698,1104.0,-1.0958748647502857e-07,1111.0,ASK
1341,1712707276.7498188,10249.27973518,1103.0,-1.7395086587816057e-07,1111.0,ASK
1342,1712707284.147221,10339.53244276,1108.0,1.3661004656433764e-08,1111.0,BID
1343,1712707284.9500148,10992.53244276,1108.0,9.88406473317592e-08,1111.0,BID
1344,1712707286.1190307,11592.53244276,1108.0,9.0818358957206e-08,1111.0,BID
1345,1712707290.413797,11592.53244276,1108.0,0.0,1111.0,BID
1346,1712707292.3684344,11597.64419831,1109.0,7.727173444949701e-10,1111.0,BID
1347,1712707320.3343909,11597.64419831,1109.0,0.0,1111.0,BID
1348,1712707320.6517794,11597.64419831,1109.0,0.0,1111.0,BID
1349,1712707323.1133049,11768.64419831,1106.0,-2.5849153267281066e-08,1111.0,ASK
1350,1712707328.875079,12029.69411968,1104.0,-3.946151712225036e-08,1111.0,ASK
1351,1712707328.9096675,12038.19548968,1104.0,-1.2851065269699642e-09,1111.0,ASK
1352,1712707334.9834027,12111.19548968,1106.0,-1.1035018646266184e-08,1111.0,ASK
1353,1712707340.903783,12810.19548968,1106.0,-1.0566408265397348e-07,1111.0,ASK
1354,1712707340.906576,12900.61140288,1106.0,-1.3667688877824514e-08,1111.0,ASK
1355,1712707350.3350868,12900.61140288,1106.0,-0.0,1111.0,ASK
1356,1712707360.2940736,12910.61140288,1106.0,1.5113172867982831e-09,1111.0,BID
1357,1712707380.369391,12910.61140288,1106.0,0.0,1111.0,BID
1358,1712707380.7236886,12910.61140288,1106.0,0.0,1111.0,BID
1359,1712707410.4020095,12910.61140288,1106.0,0.0,1111.0,BID
1360,1712707440.3760352,12910.61140288,1106.0,0.0,1111.0,BID
1361,1712707440.503199,12910.61140288,1106.0,0.0,1111.0,BID
1362,1712707470.316367,12910.61140288,1106.0,0.0,1111.0,BID
1363,1712707486.065352,12915.15433936,1106.0,6.86580695873836e-10,1111.0,BID
1364,1712707498.1463976,13401.93434516,1106.0,7.356778079354044e-08,1111.0,BID
1365,1712707498.1481135,13573.72233225,1106.0,2.5962572058461216e-08,1111.0,BID
1366,1712707498.1497464,13666.87165114,1106.0,1.4077794057923388e-08,1111.0,BID
1367,1712707498.3648262,14852.52561755,1106.0,-1.791896340411334e-07,1111.0,ASK
1368,1712707500.3944569,14852.52561755,1106.0,-0.0,1111.0,ASK
1369,1712707501.0375724,14852.52561755,1106.0,-0.0,1111.0,ASK
1370,1712707530.380074,14852.52561755,1106.0,-0.0,1111.0,ASK
1371,1712707537.3192277,14867.59642683,1106.0,-2.3002557045097034e-09,1111.0,ASK
1372,1712707560.5031326,14867.59642683,1106.0,-0.0,1111.0,ASK
1373,1712707560.5173614,14867.59642683,1106.0,-0.0,1111.0,ASK
1374,1712707565.5217712,15853.85160956,1107.0,1.5053162019617366e-07,1111.0,BID
1375,1712707566.7081215,16847.52821326,1107.0,1.516643478536136e-07,1111.0,BID
1376,1712707566.8506143,17605.9502695,1107.0,1.1575756753166309e-07,1111.0,BID
1377,1712707567.497347,17957.04011115,1107.0,5.358666156937263e-08,1111.0,BID
1378,1712707568.0049534,18303.30533238,1107.0,5.2850282241414783e-08,1111.0,BID
1379,1712707568.4461825,18734.30533238,1107.0,6.578330785037026e-08,1111.0,BID
1380,1712707568.5368483,19089.9144358,1107.0,5.4276434163972187e-08,1111.0,BID
1381,1712707570.7900977,20051.9144358,1107.0,1.46829564157903e-07,1111.0,BID
1382,1712707570.902501,20319.5927986,1107.0,4.085561054514e-08,1111.0,BID
1383,1712707573.242469,21013.5927986,1107.0,1.0592486229270757e-07,1111.0,BID
1384,1712707573.261533,21569.5927986,1107.0,8.486199342182337e-08,1111.0,BID
1385,1712707573.2636845,22066.5927986,1107.0,7.585685383209749e-08,1111.0,BID
1386,1712707573.289724,22548.5927986,1107.0,7.356741156352314e-08,1111.0,BID
1387,1712707573.2914388,23270.5927986,1107.0,1.1019848786071308e-07,1111.0,BID
1388,1712707573.304534,23900.5927986,1107.0,9.61565752801236e-08,1111.0,BID
1389,1712707573.3402374,23901.0200944,1107.0,6.521793771364113e-11,1111.0,BID
1390,1712707581.311658,24396.37912844,1111.0,7.560639404342319e-08,1111.0,BID
1391,1712707581.3154664,24801.1101034,1111.0,6.177388009831581e-08,1111.0,BID
1392,1712707590.2681963,24801.1101034,1111.0,0.0,1111.0,BID
1393,1712707617.170529,24846.15514844,1110.0,6.8636784102828554e-09,1111.0,BID
1394,1712707620.3559506,24846.15514844,1110.0,0.0,1111.0,BID
1395,1712707620.4676323,24846.15514844,1110.0,0.0,1111.0,BID
1396,1712707631.1211593,24851.1101034,1110.0,7.549988738869302e-10,1111.0,BID
1397,1712707631.12302,24903.65483591,1110.0,8.006372246370437e-09,1111.0,BID
1398,1712707642.541211,24908.45741591,1111.0,7.317811203178222e-10,1111.0,BID
1399,1712707642.543285,25206.08686518,1112.0,4.535054321352192e-08,1112.0,BID
1400,1712707642.5456991,25654.04571073,1111.0,6.825660912527945e-08,1112.0,BID
1401,1712707642.548669,32455.83402359,1112.0,1.0364054886643844e-06,1112.0,BID
1402,1712707650.3073394,32455.83402359,1112.0,0.0,1112.0,BID
1403,1712707662.5920424,33356.73492449,1110.0,-1.370957670156358e-07,1112.0,ASK
1404,1712707680.4563265,33356.73492449,1110.0,-0.0,1112.0,ASK
1405,1712707680.682994,33356.73492449,1110.0,-0.0,1112.0,ASK
1406,1712707699.0937262,33627.00519476,1110.0,4.1122472238960906e-08,1112.0,BID
1407,1712707706.598219,33652.00519476,1108.0,-3.803828682107728e-09,1112.0,ASK
1408,1712707706.6000936,33721.15159767,1108.0,-1.0520842826145793e-08,1112.0,ASK
1409,1712707708.5009942,33742.25790234,1108.0,-3.2113906830820263e-09,1112.0,ASK
1410,1712707708.502889,34466.25790234,1107.0,-1.101588786338398e-07,1112.0,ASK
1411,1712707708.5052838,34556.67381554,1106.0,-1.3757065757964698e-08,1112.0,ASK
1412,1712707708.5082872,36678.00805221,1107.0,-3.227676805512982e-07,1112.0,ASK
1413,1712707708.5112748,39175.13282617,1106.0,-3.799453935196319e-07,1112.0,ASK
1414,1712707708.5142677,41448.22706041,1105.0,-3.458584418134328e-07,1112.0,ASK
1415,1712707708.5169404,41818.01636635,1106.0,-5.6264606730851455e-08,1112.0,ASK
1416,1712707710.3752277,41818.01636635,1106.0,-0.0,1112.0,ASK
1417,1712707723.091215,41827.02537535,1110.0,1.368799679739476e-09,1112.0,BID
1418,1712707731.8338685,41844.19678615,1108.0,-2.6089686006211948e-09,1112.0,ASK
1419,1712707737.635362,41988.19678615,1110.0,2.1878894102831665e-08,1112.0,BID
1420,1712707737.7022707,41989.00571723,1110.0,1.229063710818155e-10,1112.0,BID
1421,1712707740.0294433,42021.00571723,1111.0,4.8619764672959255e-09,1112.0,BID
1422,1712707740.5468166,42021.00571723,1111.0,0.0,1112.0,BID
1423,1712707740.673192,42021.00571723,1111.0,0.0,1112.0,BID
1424,1712707770.3852608,42021.00571723,1111.0,0.0,1112.0,BID
1425,1712707770.3987238,42021.41273706,1111.0,6.183915911307369e-11,1112.0,BID
1426,1712707770.465441,42384.24398902,1111.0,-5.5125519365898734e-08,1112.0,ASK
1427,1712707787.7201698,42630.64686671,1112.0,3.743637443725784e-08,1112.0,BID
1428,1712707798.159788,42675.65136716,1111.0,-6.8376041140539964e-09,1112.0,ASK
1429,1712707800.280245,42675.65136716,1111.0,-0.0,1112.0,ASK
1430,1712707800.5544076,42675.65136716,1111.0,-0.0,1112.0,ASK
1431,1712707805.1399624,42765.66036806,1111.0,-1.3681047088791409e-08,1112.0,ASK
1432,1712707805.315711,43137.52579549,1111.0,5.6522218583620264e-08,1112.0,BID
1433,1712707805.3188603,43506.52579549,1111.0,5.60866838347913e-08,1112.0,BID
1434,1712707805.4998243,43956.57079999,1111.0,6.840523544395261e-08,1112.0,BID
1435,1712707805.5504358,44177.57079999,1111.0,3.3591211727612145e-08,1112.0,BID
1436,1712707808.6341069,44612.57079999,1111.0,6.611844842312797e-08,1112.0,BID
1437,1712707813.3400712,44613.02264535,1111.0,6.867888305883257e-11,1112.0,BID
1438,1712707819.6596394,44633.53698226,1112.0,3.1181060388926486e-09,1112.0,BID
1439,1712707830.267336,44633.53698226,1112.0,0.0,1112.0,BID
1440,1712707834.5836444,46440.95153899,1111.0,-2.74629765727666e-07,1112.0,ASK
1441,1712707842.5305166,46465.40123086,1112.0,3.7150376627045406e-09,1112.0,BID
1442,1712707853.1100836,46510.36525964,1112.0,-6.8321131109867015e-09,1112.0,ASK
1443,1712707855.464648,46530.87959654,1112.0,-3.117075446763128e-09,1112.0,ASK
1444,1712707858.4772117,46555.32928842,1112.0,3.7150376642235726e-09,1112.0,BID
1445,1712707860.366953,46555.32928842,1112.0,0.0,1112.0,BID
1446,1712707860.657667,46555.32928842,1112.0,0.0,1112.0,BID
1447,1712707865.8802989,46595.32928842,1113.0,6.075876569308977e-09,1113.0,BID
1448,1712707865.882435,46640.25291825,1113.0,6.82376074731048e-09,1113.0,BID
1449,1712707865.884319,46685.13622167,1114.0,6.817635290069046e-09,1114.0,BID
1450,1712707890.3698857,46685.13622167,1114.0,0.0,1114.0,BID
1451,1712707898.434029,46729.979271,1115.0,6.8113712938221485e-09,1115.0,BID
1452,1712707898.4388232,46755.13622167,1115.0,3.821179295207717e-09,1115.0,BID
1453,1712707911.3606558,48103.84278768,1112.0,-2.048598684694007e-07,1115.0,ASK
1454,1712707911.3634727,48818.72619178,1112.0,-1.08586199419302e-07,1115.0,ASK
1455,1712707911.3718326,49937.03197592,1112.0,-1.6986346891247526e-07,1115.0,ASK
1456,1712707920.3493023,49937.03197592,1112.0,-0.0,1115.0,ASK
1457,1712707920.388652,49937.03197592,1112.0,-0.0,1115.0,ASK
1458,1712707926.2600453,50635.87502525,1115.0,1.0609149692960333e-07,1115.0,BID
1459,1712707926.2642872,50898.03197592,1115.0,3.979809680262919e-08,1115.0,BID
1460,1712707932.2835095,52455.73534792,1115.0,2.3647524671842785e-07,1115.0,BID
1461,1712707950.2701836,52455.73534792,1115.0,0.0,1115.0,BID
1462,1712707968.5742202,52465.99674188,1116.0,1.5571203212382227e-09,1116.0,BID
1463,1712707968.5772562,52465.99674202,1115.0,2.124386881877929e-17,1116.0,BID
1464,1712707971.0000749,52471.13883317,1116.0,7.802891746035346e-10,1116.0,BID
1465,1712707977.5468006,52493.13883317,1114.0,-3.33840092299197e-09,1116.0,ASK
1466,1712707977.5489028,61439.74869865,1114.0,-1.3576077560257957e-06,1116.0,ASK
1467,1712707980.4090452,61439.74869865,1114.0,-0.0,1116.0,ASK
1468,1712707980.7812648,61439.74869865,1114.0,-0.0,1116.0,ASK
1469,1712707992.8323393,61469.14808093,1116.0,4.454458862747373e-09,1116.0,BID
1470,1712707992.834435,61475.78804093,1116.0,1.006056126914423e-09,1116.0,BID
1471,1712708010.369923,61475.78804093,1116.0,0.0,1116.0,BID
1472,1712708023.6811533,61571.9369648,1116.0,-1.4567952892114613e-08,1116.0,ASK
1473,1712708023.6832943,63498.70118125,1116.0,-2.919326520742607e-07,1116.0,ASK
1474,1712708023.685306,63523.04031164,1114.0,-3.6877303529256205e-09,1116.0,ASK
1475,1712708023.6873062,63528.69160785,1116.0,-8.562531295515214e-10,1116.0,ASK
1476,1712708023.6893015,65490.45821467,1114.0,-2.972360205728096e-07,1116.0,ASK
1477,1712708023.7706144,68993.7176961,1114.0,5.307944908809228e-07,1116.0,BID
1478,1712708023.7726629,70533.75905542,1114.0,2.3333854474352386e-07,1116.0,BID
1479,1712708040.4010403,70533.75905542,1114.0,0.0,1116.0,BID
1480,1712708040.5945804,70533.75905542,1114.0,0.0,1116.0,BID
1481,1712708041.9999912,70538.90469688,1116.0,7.78448495796688e-10,1116.0,BID
1482,1712708070.2867615,70538.90469688,1116.0,0.0,1116.0,BID
1483,1712708090.1748009,70793.00505652,1115.0,-3.844105199305772e-08,1116.0,ASK
1484,1712708090.1770244,75915.24878291,1115.0,-7.749081413589081e-07,1116.0,ASK
1485,1712708090.596129,76104.97823706,1115.0,-2.8702831518724944e-08,1116.0,ASK
1486,1712708100.2720976,76104.97823706,1115.0,-0.0,1116.0,ASK
1487,1712708100.5925162,76104.97823706,1115.0,-0.0,1116.0,ASK
1488,1712708130.2712212,76104.97823706,1115.0,-0.0,1116.0,ASK
1489,1712708160.3803463,76104.97823706,1115.0,-0.0,1116.0,ASK
1490,1712708165.9520054,77784.76588074,1115.0,2.544311181828472e-07,1116.0,BID
1491,1712708190.3492754,77784.76588074,1115.0,0.0,1116.0,BID
1492,1712708220.2628295,77784.76588074,1115.0,0.0,1116.0,BID
1493,1712708224.9338243,77785.2519815,1112.0,-7.360697270560669e-11,1116.0,ASK
1494,1712708224.9397714,77875.01858832,1114.0,-1.3592754263764262e-08,1116.0,ASK
1495,1712708250.2607532,77875.01858832,1114.0,-0.0,1116.0,ASK
1496,1712708273.4497845,77880.45889161,1114.0,-8.237760406650651e-10,1116.0,ASK
1497,1712708280.13092,77972.45889161,1113.0,-1.3930729906268456e-08,1116.0,ASK
1498,1712708280.133113,78062.01858832,1114.0,-1.3561216797329536e-08,1116.0,ASK
1499,1712708280.3693118,78062.01858832,1114.0,-0.0,1116.0,ASK
1500,1712708281.0098913,83062.01858832,1112.0,-7.570810156090412e-07,1116.0,ASK
1501,1712708281.0121984,86651.46054511,1112.0,-5.434996724232562e-07,1116.0,ASK
1502,1712708281.1294975,86705.58677823,1112.0,8.195588708315929e-09,1116.0,BID
1503,1712708289.6321805,86940.58677823,1112.0,3.558280773362494e-08,1116.0,BID
1504,1712708292.2539215,86950.58677823,1112.0,1.514162031218082e-09,1116.0,BID
1505,1712708297.294427,87040.59577913,1111.0,-1.3628821163065084e-08,1116.0,ASK
1506,1712708298.5198698,87075.59577913,1111.0,5.2995671092632884e-09,1116.0,BID
1507,1712708298.5993204,87273.61558111,1111.0,2.9983406558744074e-08,1116.0,BID
1508,1712708299.2062862,87870.61558111,1111.0,9.039547326371953e-08,1116.0,BID
1509,1712708299.2221737,88334.61558111,1111.0,7.025711824851904e-08,1116.0,BID
1510,1712708299.346102,88599.0172024,1111.0,4.003468959498242e-08,1116.0,BID
1511,1712708299.6983802,88687.10969472,1112.0,1.3338630710630355e-08,1116.0,BID
1512,1712708300.7653036,88794.47472946,1111.0,1.6256805908371264e-08,1116.0,BID
1513,1712708301.3699312,88814.47472946,1111.0,3.028324062436164e-09,1116.0,BID
1514,1712708304.2595277,88834.47472946,1111.0,3.028324062436164e-09,1116.0,BID
1515,1712708304.6617055,88850.47472946,1111.0,2.422659249948932e-09,1116.0,BID
1516,1712708307.2094116,88923.47472946,1111.0,1.1053382827892002e-08,1116.0,BID
1517,1712708310.388408,88923.47472946,1111.0,0.0,1116.0,BID
1518,1712708312.656506,90227.47472946,1111.0,1.9708635443958562e-07,1116.0,BID
1519,1712708312.678827,93272.98061585,1111.0,4.6029727958044843e-07,1116.0,BID
1520,1712708312.7776396,93274.17463002,1111.0,1.8046311343187808e-10,1116.0,BID
1521,1712708313.0933695,93301.12880792,1113.0,4.073850198793624e-09,1116.0,BID
1522,1712708314.0301075,104802.72796997,1110.0,-1.7383498842590695e-06,1116.0,ASK
1523,1712708314.0328977,104902.72796997,1110.0,-1.5113984236164542e-08,1116.0,ASK
1524,1712708314.0355546,108645.95567613,1111.0,-5.657508454327663e-07,1116.0,ASK
1525,1712708314.0381792,108736.04576622,1110.0,-1.3616202014549252e-08,1116.0,ASK
1526,1712708324.6298437,108896.04576622,1113.0,-2.4182374777863265e-08,1116.0,ASK
1527,1712708337.5809026,109068.04576622,1112.0,-2.5996052886203013e-08,1116.0,ASK
1528,1712708337.583259,110275.54016872,1110.0,-1.825005136464193e-07,1116.0,ASK
1529,1712708337.5853257,110999.54016872,1109.0,-1.0942524586983125e-07,1116.0,ASK
1530,1712708337.5874064,113020.62883211,1110.0,-3.054670219836722e-07,1116.0,ASK
1531,1712708337.5903616,114400.62883211,1109.0,-2.085729824590707e-07,1116.0,ASK
1532,1712708337.5940042,115175.62883211,1110.0,-1.1713337783027517e-07,1116.0,ASK
1533,1712708337.5972705,115265.80015762,1109.0,-1.3628479923122612e-08,1116.0,ASK
1534,1712708337.5993865,116687.80015762,1108.0,-2.149208558382597e-07,1116.0,ASK
1535,1712708337.6014693,117866.99476209,1108.0,-1.7822328663329885e-07,1116.0,ASK
1536,1712708340.2529342,117866.99476209,1108.0,-0.0,1116.0,ASK
1537,1712708370.2450306,117866.99476209,1108.0,-0.0,1116.0,ASK
1538,1712708400.2994578,117866.99476209,1108.0,-0.0,1116.0,ASK
1539,1712708412.4397037,118128.99476209,1111.0,-3.996489825723175e-08,1116.0,ASK
1540,1712708412.441949,118866.99476209,1111.0,-1.125728813505231e-07,1116.0,ASK
1541,1712708414.7595055,119461.17504719,1114.0,9.063494137585602e-08,1116.0,BID
1542,1712708414.7729504,119859.75866636,1113.0,6.07990602562136e-08,1116.0,BID
1543,1712708430.2622783,119859.75866636,1113.0,0.0,1116.0,BID
1544,1712708438.009344,120011.75866636,1113.0,-2.3177905907803085e-08,1116.0,ASK
1545,1712708460.3840463,120011.75866636,1113.0,-0.0,1116.0,ASK
1546,1712708466.0897677,120041.73566636,1115.0,4.5709615920600225e-09,1116.0,BID
1547,1712708466.0990868,120198.75866636,1115.0,2.3943226542685093e-08,1116.0,BID
1548,1712708490.349748,120198.75866636,1115.0,0.0,1116.0,BID
1549,1712708512.1994934,120243.64196977,1114.0,6.843691280194972e-09,1116.0,BID
1550,1712708520.2494788,120243.64196977,1114.0,0.0,1116.0,BID
1551,1712708527.2897408,120470.64774939,1114.0,3.4612996648540026e-08,1116.0,BID
1552,1712708539.1984525,120922.75866636,1114.0,6.893619043553243e-08,1116.0,BID
1553,1712708539.5590985,121103.7894027,1114.0,-2.7602893110071986e-08,1116.0,ASK
1554,1712708539.61976,121368.31381761,1114.0,-4.033369856073201e-08,1116.0,ASK
1555,1712708543.7377872,121786.01561438,1114.0,6.368961581458906e-08,1116.0,BID
1556,1712708543.7401128,122265.97988583,1114.0,7.318316629174736e-08,1116.0,BID
1557,1712708546.4595027,122471.24888508,1114.0,3.129865325448001e-08,1116.0,BID
1558,1712708546.8595011,122475.75112229,1114.0,6.864843781588071e-10,1116.0,BID
1559,1712708547.2995658,122510.01561438,1114.0,5.224522264852098e-09,1116.0,BID
1560,1712708550.2395065,122510.01561438,1114.0,0.0,1116.0,BID
1561,1712708580.3419333,122510.01561438,1114.0,0.0,1116.0,BID
1562,1712708610.3602338,122510.01561438,1114.0,0.0,1116.0,BID
1563,1712708634.409841,122690.7476831,1116.0,2.7546748903594503e-08,1116.0,BID
1564,1712708634.4147146,122901.01561438,1117.0,3.20485343108764e-08,1117.0,BID
1565,1712708640.2394962,122901.01561438,1117.0,0.0,1117.0,BID
1566,1712708646.9995694,123313.01561438,1114.0,-6.279187470568884e-08,1117.0,ASK
1567,1712708647.0036025,124176.41719051,1114.0,-1.3158884366274024e-07,1117.0,ASK
1568,1712708647.0791557,124288.61968468,1114.0,1.7100497465021575e-08,1117.0,BID
1569,1712708667.909442,125456.78844591,1114.0,-1.7803763711226697e-07,1117.0,ASK
1570,1712708670.259058,125456.78844591,1114.0,-0.0,1117.0,ASK
1571,1712708687.3694112,125592.78844591,1116.0,-2.0718424729614865e-08,1117.0,ASK
1572,1712708694.591053,127661.73363908,1113.0,-3.151859209881704e-07,1117.0,ASK
1573,1712708694.5934412,128211.73363908,1114.0,-8.37877470682954e-08,1117.0,ASK
