,time,acc_trade_volume,trade_price,dev,high,ask_bid
0,1712689619.1555274,291422.12705411,6191.0,0.0,6368.0,ASK
1,1712689620.1419077,291422.12705411,6191.0,-0.0,6368.0,ASK
2,1712689650.1421428,291422.12705411,6191.0,-0.0,6368.0,ASK
3,1712689680.1719594,291422.12705411,6191.0,-0.0,6368.0,ASK
4,1712689710.1421883,291422.12705411,6191.0,-0.0,6368.0,ASK
5,1712689740.212613,291422.12705411,6191.0,-0.0,6368.0,ASK
6,1712689770.2118344,291422.12705411,6191.0,-0.0,6368.0,ASK
7,1712689800.1522896,291422.12705411,6191.0,-0.0,6368.0,ASK
8,1712689830.1520455,291422.12705411,6191.0,-0.0,6368.0,ASK
9,1712689860.2119358,291422.12705411,6191.0,-0.0,6368.0,ASK
10,1712689890.2223103,291422.12705411,6191.0,-0.0,6368.0,ASK
11,1712689920.1424837,291422.12705411,6191.0,-0.0,6368.0,ASK
12,1712689923.2922394,291429.90405411,6191.0,-3.1418783767036982e-09,6368.0,ASK
13,1712689928.0321772,291437.68105411,6191.0,-3.1418783767036982e-09,6368.0,ASK
14,1712689950.1524005,291437.68105411,6191.0,-0.0,6368.0,ASK
15,1712689957.982596,291439.7460541,6191.0,-8.342196767547301e-10,6368.0,ASK
16,1712689980.2121413,291439.7460541,6191.0,-0.0,6368.0,ASK
17,1712690010.2122197,291439.7460541,6191.0,-0.0,6368.0,ASK
18,1712690040.141994,291439.7460541,6191.0,-0.0,6368.0,ASK
19,1712690070.1420128,291439.7460541,6191.0,-0.0,6368.0,ASK
20,1712690100.182475,291439.7460541,6191.0,-0.0,6368.0,ASK
21,1712690130.1320455,291439.7460541,6191.0,-0.0,6368.0,ASK
22,1712690160.2119262,291439.7460541,6191.0,-0.0,6368.0,ASK
23,1712690173.4824977,291443.9350541,6191.0,-1.713897018867421e-09,6368.0,ASK
24,1712690190.2522178,291443.9350541,6191.0,-0.0,6368.0,ASK
25,1712690220.1522346,291443.9350541,6191.0,-0.0,6368.0,ASK
26,1712690250.1519754,291443.9350541,6191.0,-0.0,6368.0,ASK
27,1712690280.2119436,291443.9350541,6191.0,-0.0,6368.0,ASK
28,1712690310.2219598,291443.9350541,6191.0,-0.0,6368.0,ASK
29,1712690340.1421185,291443.9350541,6191.0,-0.0,6368.0,ASK
30,1712690370.1424077,291443.9350541,6191.0,-0.0,6368.0,ASK
31,1712690400.1621284,291443.9350541,6191.0,-0.0,6368.0,ASK
32,1712690430.153708,291443.9350541,6191.0,-0.0,6368.0,ASK
33,1712690460.2119994,291443.9350541,6191.0,-0.0,6368.0,ASK
34,1712690490.2222033,291443.9350541,6191.0,-0.0,6368.0,ASK
35,1712690520.1422226,291443.9350541,6191.0,-0.0,6368.0,ASK
36,1712690550.1624396,291443.9350541,6191.0,-0.0,6368.0,ASK
37,1712690580.2122636,291443.9350541,6191.0,-0.0,6368.0,ASK
38,1712690610.2122817,291443.9350541,6191.0,-0.0,6368.0,ASK
39,1712690640.1323464,291443.9350541,6191.0,-0.0,6368.0,ASK
40,1712690670.1423595,291443.9350541,6191.0,-0.0,6368.0,ASK
41,1712690700.2119462,291443.9350541,6191.0,-0.0,6368.0,ASK
42,1712690730.222031,291443.9350541,6191.0,-0.0,6368.0,ASK
43,1712690760.1319313,291443.9350541,6191.0,-0.0,6368.0,ASK
44,1712690790.1419609,291443.9350541,6191.0,-0.0,6368.0,ASK
45,1712690820.232151,291443.9350541,6191.0,-0.0,6368.0,ASK
46,1712690850.231821,291443.9350541,6191.0,-0.0,6368.0,ASK
47,1712690880.1724577,291443.9350541,6191.0,-0.0,6368.0,ASK
48,1712690910.1550896,291443.9350541,6191.0,-0.0,6368.0,ASK
49,1712690940.2118263,291443.9350541,6191.0,-0.0,6368.0,ASK
50,1712690970.213885,291443.9350541,6191.0,-0.0,6368.0,ASK
51,1712691000.1801038,291443.9350541,6191.0,-0.0,6368.0,ASK
52,1712691030.1415086,291443.9350541,6191.0,-0.0,6368.0,ASK
53,1712691060.2115538,291443.9350541,6191.0,-0.0,6368.0,ASK
54,1712691090.2018802,291443.9350541,6191.0,-0.0,6368.0,ASK
55,1712691120.161456,291443.9350541,6191.0,-0.0,6368.0,ASK
56,1712691150.141329,291443.9350541,6191.0,-0.0,6368.0,ASK
57,1712691180.2017393,291443.9350541,6191.0,-0.0,6368.0,ASK
58,1712691198.4316094,291450.36282205,6223.0,2.6376433345268846e-09,6368.0,BID
59,1712691210.2115192,291450.36282205,6223.0,0.0,6368.0,BID
60,1712691240.1415262,291450.36282205,6223.0,0.0,6368.0,BID
61,1712691270.1418588,291450.36282205,6223.0,0.0,6368.0,BID
62,1712691300.2281797,291450.36282205,6223.0,0.0,6368.0,BID
63,1712691330.2038672,291450.36282205,6223.0,0.0,6368.0,BID
64,1712691360.161367,291450.36282205,6223.0,0.0,6368.0,BID
65,1712691390.17179,291450.36282205,6223.0,0.0,6368.0,BID
66,1712691420.2114012,291450.36282205,6223.0,0.0,6368.0,BID
67,1712691450.221466,291450.36282205,6223.0,0.0,6368.0,BID
68,1712691480.1415503,291450.36282205,6223.0,0.0,6368.0,BID
69,1712691510.1413748,291450.36282205,6223.0,0.0,6368.0,BID
70,1712691540.2114224,291450.36282205,6223.0,0.0,6368.0,BID
71,1712691570.2115643,291450.36282205,6223.0,0.0,6368.0,BID
72,1712691600.161341,291450.36282205,6223.0,0.0,6368.0,BID
73,1712691613.0220284,291452.32264815,6223.0,8.043023757170164e-10,6368.0,BID
74,1712691613.024176,291458.39070628,6230.0,2.490299302594625e-09,6368.0,BID
75,1712691630.141458,291458.39070628,6230.0,0.0,6368.0,BID
76,1712691633.5744655,291465.30070628,6191.0,-2.8357696509067247e-09,6368.0,ASK
77,1712691633.5752802,291466.30070628,6192.0,-4.103863460082829e-10,6368.0,ASK
78,1712691660.2113345,291466.30070628,6192.0,-0.0,6368.0,ASK
79,1712691690.2215292,291466.30070628,6192.0,-0.0,6368.0,ASK
80,1712691720.1462593,291466.30070628,6192.0,-0.0,6368.0,ASK
81,1712691750.1316905,291466.30070628,6192.0,-0.0,6368.0,ASK
82,1712691780.2114713,291466.30070628,6192.0,-0.0,6368.0,ASK
83,1712691810.2415264,291466.30070628,6192.0,-0.0,6368.0,ASK
84,1712691840.1413827,291466.30070628,6192.0,-0.0,6368.0,ASK
85,1712691864.8617563,291506.53943137,6190.0,-1.6513091488133533e-08,6368.0,ASK
86,1712691864.8640418,291550.90307515,6191.0,-1.820586777656968e-08,6368.0,ASK
87,1712691870.1413057,291550.90307515,6191.0,-0.0,6368.0,ASK
88,1712691900.1516871,291550.90307515,6191.0,-0.0,6368.0,ASK
89,1712691930.1411822,291550.90307515,6191.0,-0.0,6368.0,ASK
90,1712691960.2118795,291550.90307515,6191.0,-0.0,6368.0,ASK
91,1712691990.211116,291550.90307515,6191.0,-0.0,6368.0,ASK
92,1712692020.1412504,291550.90307515,6191.0,-0.0,6368.0,ASK
93,1712692043.0114276,291557.92687061,6190.0,-2.886315301413981e-09,6368.0,ASK
94,1712692043.0210454,291558.93095938,6195.0,-4.1261406277835376e-10,6368.0,ASK
95,1712692050.1312952,291558.93095938,6195.0,-0.0,6368.0,ASK
96,1712692080.2020578,291558.93095938,6195.0,-0.0,6368.0,ASK
97,1712692110.2111924,291558.93095938,6195.0,-0.0,6368.0,ASK
98,1712692140.1412976,291558.93095938,6195.0,-0.0,6368.0,ASK
99,1712692170.141217,291558.93095938,6195.0,-0.0,6368.0,ASK
100,1712692200.161122,291558.93095938,6195.0,-0.0,6368.0,ASK
101,1712692203.6313596,291560.62695938,6190.0,-6.977647160435333e-10,6368.0,ASK
102,1712692230.1412106,291560.62695938,6190.0,-0.0,6368.0,ASK
103,1712692260.211215,291560.62695938,6190.0,-0.0,6368.0,ASK
104,1712692263.8216777,291562.35395937,6191.0,-7.105155972243465e-10,6368.0,ASK
105,1712692290.2117262,291562.35395937,6191.0,-0.0,6368.0,ASK
106,1712692320.1414511,291562.35395937,6191.0,-0.0,6368.0,ASK
107,1712692350.1411664,291562.35395937,6191.0,-0.0,6368.0,ASK
108,1712692380.2112958,291562.35395937,6191.0,-0.0,6368.0,ASK
109,1712692403.1311936,291569.32521469,6191.0,-2.8680740461998206e-09,6368.0,ASK
110,1712692410.2112465,291569.32521469,6191.0,-0.0,6368.0,ASK
111,1712692440.137062,291569.32521469,6191.0,-0.0,6368.0,ASK
112,1712692470.1413658,291569.32521469,6191.0,-0.0,6368.0,ASK
113,1712692500.2014196,291569.32521469,6191.0,-0.0,6368.0,ASK
114,1712692530.231573,291569.32521469,6191.0,-0.0,6368.0,ASK
115,1712692560.1511378,291569.32521469,6191.0,-0.0,6368.0,ASK
116,1712692590.1414251,291569.32521469,6191.0,-0.0,6368.0,ASK
117,1712692620.2150526,291569.32521469,6191.0,-0.0,6368.0,ASK
118,1712692628.7917747,291573.51821469,6191.0,-1.725439123245352e-09,6368.0,ASK
119,1712692650.2108777,291573.51821469,6191.0,-0.0,6368.0,ASK
120,1712692680.180493,291573.51821469,6191.0,-0.0,6368.0,ASK
121,1712692710.1397884,291573.51821469,6191.0,-0.0,6368.0,ASK
122,1712692740.1991284,291573.51821469,6191.0,-0.0,6368.0,ASK
123,1712692770.198515,291573.51821469,6191.0,-0.0,6368.0,ASK
124,1712692800.180064,291573.51821469,6191.0,-0.0,6368.0,ASK
125,1712692814.0479872,291574.52230346,6205.0,4.1325362414788476e-10,6368.0,BID
126,1712692830.138189,291574.52230346,6205.0,0.0,6368.0,BID
127,1712692860.1970012,291574.52230346,6205.0,0.0,6368.0,BID
128,1712692890.2063684,291574.52230346,6205.0,0.0,6368.0,BID
129,1712692920.1369667,291574.52230346,6205.0,0.0,6368.0,BID
130,1712692950.145493,291574.52230346,6205.0,0.0,6368.0,BID
131,1712692980.214988,291574.52230346,6205.0,0.0,6368.0,BID
132,1712693010.2046454,291574.52230346,6205.0,0.0,6368.0,BID
133,1712693040.1244142,291574.52230346,6205.0,0.0,6368.0,BID
134,1712693070.1375208,291574.52230346,6205.0,0.0,6368.0,BID
135,1712693100.203462,291574.52230346,6205.0,0.0,6368.0,BID
136,1712693108.8238182,291575.32642053,6218.0,3.3096496011049637e-10,6368.0,BID
137,1712693130.2232325,291575.32642053,6218.0,0.0,6368.0,BID
138,1712693160.1331172,291575.32642053,6218.0,0.0,6368.0,BID
139,1712693190.1326363,291575.32642053,6218.0,0.0,6368.0,BID
140,1712693220.2225025,291575.32642053,6218.0,0.0,6368.0,BID
141,1712693239.69287,291576.93465468,6218.0,6.619285621563077e-10,6368.0,BID
142,1712693250.1919746,291576.93465468,6218.0,0.0,6368.0,BID
143,1712693280.1431105,291576.93465468,6218.0,0.0,6368.0,BID
144,1712693310.1420872,291576.93465468,6218.0,0.0,6368.0,BID
145,1712693340.2012656,291576.93465468,6218.0,0.0,6368.0,BID
146,1712693351.4618614,291642.38568013,6218.0,2.693869226173461e-08,6368.0,BID
147,1712693351.4656885,291728.12290844,6218.0,3.5288198969222335e-08,6368.0,BID
148,1712693353.0616028,291746.80622083,6219.0,7.689780250866131e-09,6368.0,BID
149,1712693353.06418,291849.66457744,6219.0,4.233500691876672e-08,6368.0,BID
150,1712693353.1212392,291849.6645782,6219.0,3.1281214435423803e-16,6368.0,BID
151,1712693370.1908357,291849.6645782,6219.0,0.0,6368.0,BID
152,1712693400.152742,291849.6645782,6219.0,0.0,6368.0,BID
153,1712693430.1304998,291849.6645782,6219.0,0.0,6368.0,BID
154,1712693460.2001443,291849.6645782,6219.0,0.0,6368.0,BID
155,1712693490.1999528,291849.6645782,6219.0,0.0,6368.0,BID
156,1712693520.1297872,291849.6645782,6219.0,0.0,6368.0,BID
157,1712693550.138419,291849.6645782,6219.0,0.0,6368.0,BID
158,1712693580.1994576,291849.6645782,6219.0,0.0,6368.0,BID
159,1712693610.1992474,291849.6645782,6219.0,0.0,6368.0,BID
160,1712693640.1494372,291849.6645782,6219.0,0.0,6368.0,BID
161,1712693657.4894445,291852.9815782,6218.0,-1.364538973048805e-09,6368.0,ASK
162,1712693670.1215353,291852.9815782,6218.0,-0.0,6368.0,ASK
163,1712693700.1485891,291852.9815782,6218.0,-0.0,6368.0,ASK
164,1712693730.1386154,291852.9815782,6218.0,-0.0,6368.0,ASK
165,1712693760.1982346,291852.9815782,6218.0,-0.0,6368.0,ASK
166,1712693790.1981287,291852.9815782,6218.0,-0.0,6368.0,ASK
167,1712693820.1282842,291852.9815782,6218.0,-0.0,6368.0,ASK
168,1712693850.1378307,291852.9815782,6218.0,-0.0,6368.0,ASK
169,1712693880.197865,291852.9815782,6218.0,-0.0,6368.0,ASK
170,1712693910.1974664,291852.9815782,6218.0,-0.0,6368.0,ASK
171,1712693940.138,291852.9815782,6218.0,-0.0,6368.0,ASK
172,1712693970.1399293,291852.9815782,6218.0,-0.0,6368.0,ASK
173,1712694000.1572983,291852.9815782,6218.0,-0.0,6368.0,ASK
174,1712694030.1269891,291852.9815782,6218.0,-0.0,6368.0,ASK
175,1712694060.196796,291852.9815782,6218.0,-0.0,6368.0,ASK
176,1712694090.1965468,291852.9815782,6218.0,-0.0,6368.0,ASK
177,1712694120.13644,291852.9815782,6218.0,-0.0,6368.0,ASK
178,1712694150.1462865,291852.9815782,6218.0,-0.0,6368.0,ASK
179,1712694180.206364,291852.9815782,6218.0,-0.0,6368.0,ASK
180,1712694210.206186,291852.9815782,6218.0,-0.0,6368.0,ASK
181,1712694240.126005,291852.9815782,6218.0,-0.0,6368.0,ASK
182,1712694270.1259575,291852.9815782,6218.0,-0.0,6368.0,ASK
183,1712694300.1957078,291852.9815782,6218.0,-0.0,6368.0,ASK
184,1712694330.1855085,291852.9815782,6218.0,-0.0,6368.0,ASK
185,1712694360.1355004,291852.9815782,6218.0,-0.0,6368.0,ASK
186,1712694390.1252086,291852.9815782,6218.0,-0.0,6368.0,ASK
187,1712694420.2054305,291852.9815782,6218.0,-0.0,6368.0,ASK
188,1712694450.205025,291852.9815782,6218.0,-0.0,6368.0,ASK
189,1712694480.1157205,291852.9815782,6218.0,-0.0,6368.0,ASK
190,1712694510.1114433,291852.9815782,6218.0,-0.0,6368.0,ASK
191,1712694540.1448736,291852.9815782,6218.0,-0.0,6368.0,ASK
192,1712694570.125107,291852.9815782,6218.0,-0.0,6368.0,ASK
193,1712694600.294248,291852.9815782,6218.0,-0.0,6368.0,ASK
194,1712694607.5846014,291854.58671463,6230.0,6.626015360063046e-10,6368.0,BID
195,1712694613.1648903,291856.24032618,6230.0,6.82612102310125e-10,6368.0,BID
196,1712694630.1845229,291856.24032618,6230.0,0.0,6368.0,BID
197,1712694634.3152654,291864.26600836,6230.0,3.312979927378209e-09,6368.0,BID
198,1712694660.124209,291864.26600836,6230.0,0.0,6368.0,BID
199,1712694690.124705,291864.26600836,6230.0,0.0,6368.0,BID
200,1712694720.1881342,291864.26600836,6230.0,0.0,6368.0,BID
201,1712694750.1848578,291864.26600836,6230.0,0.0,6368.0,BID
202,1712694780.1551962,291864.26600836,6230.0,0.0,6368.0,BID
203,1712694800.4452207,291870.58417048,6218.0,-2.608066428301704e-09,6368.0,ASK
204,1712694810.1185205,291870.58417048,6218.0,-0.0,6368.0,ASK
205,1712694817.1956737,292070.58417048,6210.0,-8.255641702603323e-08,6368.0,ASK
206,1712694817.1981502,292109.05301415,6210.0,-1.5879249502640673e-08,6368.0,ASK
207,1712694840.2057152,292109.05301415,6210.0,-0.0,6368.0,ASK
208,1712694870.1856754,292109.05301415,6210.0,-0.0,6368.0,ASK
209,1712694900.129544,292109.05301415,6210.0,-0.0,6368.0,ASK
210,1712694930.1283472,292109.05301415,6210.0,-0.0,6368.0,ASK
211,1712694960.196244,292109.05301415,6210.0,-0.0,6368.0,ASK
212,1712694990.1899612,292109.05301415,6210.0,-0.0,6368.0,ASK
213,1712695020.1167767,292109.05301415,6210.0,-0.0,6368.0,ASK
214,1712695050.1268215,292109.05301415,6210.0,-0.0,6368.0,ASK
215,1712695080.2071009,292109.05301415,6210.0,-0.0,6368.0,ASK
216,1712695096.4174187,292111.83134372,6202.0,-1.1468171326961295e-09,6368.0,ASK
217,1712695096.420145,292113.99335984,6200.0,-8.92420090947843e-10,6368.0,ASK
218,1712695096.4228508,292115.60496338,6205.0,-6.65225094513785e-10,6368.0,ASK
219,1712695096.425438,292117.07869633,6198.0,-6.08315951536298e-10,6368.0,ASK
220,1712695110.1969802,292117.07869633,6198.0,-0.0,6368.0,ASK
221,1712695140.1273713,292117.07869633,6198.0,-0.0,6368.0,ASK
222,1712695170.1214242,292117.07869633,6198.0,-0.0,6368.0,ASK
223,1712695200.167233,292117.07869633,6198.0,-0.0,6368.0,ASK
224,1712695230.127463,292117.07869633,6198.0,-0.0,6368.0,ASK
225,1712695260.1975825,292117.07869633,6198.0,-0.0,6368.0,ASK
226,1712695290.18748,292117.07869633,6198.0,-0.0,6368.0,ASK
227,1712695320.1213095,292117.07869633,6198.0,-0.0,6368.0,ASK
228,1712695349.2390475,292617.07869633,6190.0,-2.065223866183168e-07,6368.0,ASK
229,1712695349.241572,292620.47982736,6189.0,-1.4048193950333898e-09,6368.0,ASK
230,1712695349.243923,292660.15469174,6199.0,-1.6387495361023086e-08,6368.0,ASK
231,1712695349.2462711,292683.89407102,6190.0,-9.805426531491806e-09,6368.0,ASK
232,1712695349.2487836,292687.21836918,6198.0,-1.373083979658255e-09,6368.0,ASK
233,1712695349.250928,293494.97281182,6190.0,-3.336387505911214e-07,6368.0,ASK
234,1712695349.2522972,293747.2263838,6189.0,-1.0419201943660685e-07,6368.0,ASK
235,1712695349.2536943,293764.34625799,6190.0,-7.071274552654546e-09,6368.0,ASK
236,1712695349.2551084,293774.34625799,6188.0,-4.130447732366336e-09,6368.0,ASK
237,1712695349.256508,293793.43106457,6191.0,-7.88287960609288e-09,6368.0,ASK
238,1712695349.2579043,294144.65731428,6187.0,-1.4507216666622697e-07,6368.0,ASK
239,1712695349.2593188,294203.93507329,6186.0,-2.4484368528273843e-08,6368.0,ASK
240,1712695349.2607129,294252.42384005,6187.0,-2.0028031670901306e-08,6368.0,ASK
241,1712695349.2621312,294254.03987107,6188.0,-6.67493166202004e-10,6368.0,ASK
242,1712695349.263572,294286.36571557,6187.0,-1.3352021111177344e-08,6368.0,ASK
243,1712695350.1401775,294286.36571557,6187.0,-0.0,6368.0,ASK
244,1712695380.1877203,294286.36571557,6187.0,-0.0,6368.0,ASK
245,1712695410.1979425,294286.36571557,6187.0,-0.0,6368.0,ASK
246,1712695440.1282244,294286.36571557,6187.0,-0.0,6368.0,ASK
247,1712695453.1282706,294332.01871582,6187.0,-1.875273541100896e-08,6368.0,ASK
248,1712695453.131507,294333.49439482,6187.0,-6.061598950235344e-10,6368.0,ASK
249,1712695470.1295269,294333.49439482,6187.0,-0.0,6368.0,ASK
250,1712695500.142882,294333.49439482,6187.0,-0.0,6368.0,ASK
251,1712695530.134512,294333.49439482,6187.0,-0.0,6368.0,ASK
252,1712695560.1981134,294333.49439482,6187.0,-0.0,6368.0,ASK
253,1712695590.1881766,294333.49439482,6187.0,-0.0,6368.0,ASK
254,1712695620.1279426,294333.49439482,6187.0,-0.0,6368.0,ASK
255,1712695650.1285348,294333.49439482,6187.0,-0.0,6368.0,ASK
256,1712695680.245155,294333.49439482,6187.0,-0.0,6368.0,ASK
257,1712695710.188151,294333.49439482,6187.0,-0.0,6368.0,ASK
258,1712695740.1180048,294333.49439482,6187.0,-0.0,6368.0,ASK
259,1712695770.127988,294333.49439482,6187.0,-0.0,6368.0,ASK
260,1712695800.1781156,294333.49439482,6187.0,-0.0,6368.0,ASK
261,1712695830.1284232,294333.49439482,6187.0,-0.0,6368.0,ASK
262,1712695860.198374,294333.49439482,6187.0,-0.0,6368.0,ASK
263,1712695890.1979306,294333.49439482,6187.0,-0.0,6368.0,ASK
264,1712695920.1181982,294333.49439482,6187.0,-0.0,6368.0,ASK
265,1712695950.1282735,294333.49439482,6187.0,-0.0,6368.0,ASK
266,1712695980.1979809,294333.49439482,6187.0,-0.0,6368.0,ASK
267,1712696010.1997416,294333.49439482,6187.0,-0.0,6368.0,ASK
268,1712696040.1680732,294333.49439482,6187.0,-0.0,6368.0,ASK
269,1712696070.1282053,294333.49439482,6187.0,-0.0,6368.0,ASK
270,1712696100.1980288,294333.49439482,6187.0,-0.0,6368.0,ASK
271,1712696130.1999717,294333.49439482,6187.0,-0.0,6368.0,ASK
272,1712696160.1194844,294333.49439482,6187.0,-0.0,6368.0,ASK
273,1712696190.1275067,294333.49439482,6187.0,-0.0,6368.0,ASK
274,1712696220.1975691,294333.49439482,6187.0,-0.0,6368.0,ASK
275,1712696250.197441,294333.49439482,6187.0,-0.0,6368.0,ASK
276,1712696280.1278074,294333.49439482,6187.0,-0.0,6368.0,ASK
277,1712696310.1289732,294333.49439482,6187.0,-0.0,6368.0,ASK
278,1712696340.2074442,294333.49439482,6187.0,-0.0,6368.0,ASK
279,1712696370.197335,294333.49439482,6187.0,-0.0,6368.0,ASK
280,1712696400.207795,294333.49439482,6187.0,-0.0,6368.0,ASK
281,1712696430.1310256,294333.49439482,6187.0,-0.0,6368.0,ASK
282,1712696451.0775578,294344.00418179,6206.0,4.361329726729905e-09,6368.0,BID
283,1712696451.08118,294345.90818178,6206.0,7.901179900140312e-10,6368.0,BID
284,1712696460.1974213,294345.90818178,6206.0,0.0,6368.0,BID
285,1712696490.1974804,294345.90818178,6206.0,0.0,6368.0,BID
286,1712696520.1366627,294345.90818178,6206.0,0.0,6368.0,BID
287,1712696550.1315832,294345.90818178,6206.0,0.0,6368.0,BID
288,1712696550.957106,294362.02162038,6206.0,6.686507759124543e-09,6368.0,BID
289,1712696580.1949215,294362.02162038,6206.0,0.0,6368.0,BID
290,1712696610.187762,294362.02162038,6206.0,0.0,6368.0,BID
291,1712696640.1269405,294362.02162038,6206.0,0.0,6368.0,BID
292,1712696670.1169958,294362.02162038,6206.0,0.0,6368.0,BID
293,1712696700.2017803,294362.02162038,6206.0,0.0,6368.0,BID
294,1712696730.2079906,294362.02162038,6206.0,0.0,6368.0,BID
295,1712696760.1276374,294362.02162038,6206.0,0.0,6368.0,BID
296,1712696790.1351037,294362.02162038,6206.0,0.0,6368.0,BID
297,1712696820.1992545,294362.02162038,6206.0,0.0,6368.0,BID
298,1712696850.190731,294362.02162038,6206.0,0.0,6368.0,BID
299,1712696880.1308594,294362.02162038,6206.0,0.0,6368.0,BID
300,1712696909.171604,294363.23018177,6190.0,-5.025637817388641e-10,6368.0,ASK
301,1712696909.1823206,294377.43962038,6191.0,-5.9088013760250895e-09,6368.0,ASK
302,1712696910.1328423,294377.43962038,6191.0,-0.0,6368.0,ASK
303,1712696940.196768,294377.43962038,6191.0,-0.0,6368.0,ASK
304,1712696970.2025075,294377.43962038,6191.0,-0.0,6368.0,ASK
305,1712697000.1631424,294377.43962038,6191.0,-0.0,6368.0,ASK
306,1712697030.1436465,294377.43962038,6191.0,-0.0,6368.0,ASK
307,1712697060.2143188,294377.43962038,6191.0,-0.0,6368.0,ASK
308,1712697088.4751842,294380.73472617,6191.0,-1.380745486977829e-09,6368.0,ASK
309,1712697088.5546918,294461.52616478,6190.0,-3.3853970511368346e-08,6368.0,ASK
310,1712697088.5580091,294525.10405517,6189.0,-2.6640991464803825e-08,6368.0,ASK
311,1712697088.574799,294537.51784213,6191.0,5.201739007337791e-09,6368.0,BID
312,1712697088.5774758,294742.92496313,6189.0,-8.607157808795436e-08,6368.0,ASK
313,1712697088.5950267,295306.75076313,6189.0,-2.362594643089731e-07,6368.0,ASK
314,1712697088.59775,295398.21474713,6189.0,-3.8326078486291575e-08,6368.0,ASK
315,1712697090.2147217,295398.21474713,6189.0,-0.0,6368.0,ASK
316,1712697120.1451862,295398.21474713,6189.0,-0.0,6368.0,ASK
317,1712697150.141255,295398.21474713,6189.0,-0.0,6368.0,ASK
318,1712697180.2264333,295398.21474713,6189.0,-0.0,6368.0,ASK
319,1712697210.2067542,295398.21474713,6189.0,-0.0,6368.0,ASK
320,1712697240.1407857,295398.21474713,6189.0,-0.0,6368.0,ASK
321,1712697270.1371906,295398.21474713,6189.0,-0.0,6368.0,ASK
322,1712697300.1669872,295398.21474713,6189.0,-0.0,6368.0,ASK
323,1712697330.1375024,295398.21474713,6189.0,-0.0,6368.0,ASK
324,1712697360.2183287,295398.21474713,6189.0,-0.0,6368.0,ASK
325,1712697390.208119,295398.21474713,6189.0,-0.0,6368.0,ASK
326,1712697420.1443083,295398.21474713,6189.0,-0.0,6368.0,ASK
327,1712697450.1487982,295398.21474713,6189.0,-0.0,6368.0,ASK
328,1712697480.2206814,295398.21474713,6189.0,-0.0,6368.0,ASK
329,1712697510.215778,295398.21474713,6189.0,-0.0,6368.0,ASK
330,1712697540.150695,295398.21474713,6189.0,-0.0,6368.0,ASK
331,1712697570.1348112,295398.21474713,6189.0,-0.0,6368.0,ASK
332,1712697600.172089,295398.21474713,6189.0,-0.0,6368.0,ASK
333,1712697630.1404283,295398.21474713,6189.0,-0.0,6368.0,ASK
334,1712697660.170682,295398.21474713,6189.0,-0.0,6368.0,ASK
335,1712697662.6904936,295466.0781238,6205.0,2.8373734505858533e-08,6368.0,BID
336,1712697662.6943667,295479.00324284,6205.0,5.404003073428246e-09,6368.0,BID
337,1712697690.1405768,295479.00324284,6205.0,0.0,6368.0,BID
338,1712697720.2107189,295479.00324284,6205.0,0.0,6368.0,BID
339,1712697750.2111225,295479.00324284,6205.0,0.0,6368.0,BID
340,1712697764.6414444,295487.67624284,6189.0,-3.625428692164249e-09,6368.0,ASK
341,1712697780.1431892,295487.67624284,6189.0,-0.0,6368.0,ASK
342,1712697810.151185,295487.67624284,6189.0,-0.0,6368.0,ASK
343,1712697840.211128,295487.67624284,6189.0,-0.0,6368.0,ASK
344,1712697870.2115202,295487.67624284,6189.0,-0.0,6368.0,ASK
345,1712697900.143796,295487.67624284,6189.0,-0.0,6368.0,ASK
346,1712697919.7818182,295495.45524284,6190.0,-3.267214157318098e-09,6368.0,ASK
347,1712697930.1419086,295495.45524284,6190.0,-0.0,6368.0,ASK
348,1712697960.2118037,295495.45524284,6190.0,-0.0,6368.0,ASK
349,1712697978.2518363,295563.31861951,6204.0,2.8502339754287546e-08,6368.0,BID
350,1712697978.3316123,295609.19355757,6205.0,1.9267285757847185e-08,6368.0,BID
351,1712697980.4419937,295618.48628795,6190.0,-3.902908631034211e-09,6368.0,ASK
352,1712697980.4457335,295631.21607697,6204.0,-5.3464591573735735e-09,6368.0,ASK
353,1712697990.217315,295631.21607697,6204.0,-0.0,6368.0,ASK
354,1712698004.4519882,295638.99507697,6191.0,-3.265992866515522e-09,6368.0,ASK
355,1712698020.1719823,295638.99507697,6191.0,-0.0,6368.0,ASK
356,1712698036.9022486,295640.60668051,6205.0,6.766138630752906e-10,6368.0,BID
357,1712698044.612412,295648.39468051,6191.0,-3.2697053803682033e-09,6368.0,ASK
358,1712698050.1421118,295648.39468051,6191.0,-0.0,6368.0,ASK
359,1712698080.2124186,295648.39468051,6191.0,-0.0,6368.0,ASK
360,1712698103.222397,295784.50583183,6205.0,5.7143359874182666e-08,6368.0,BID
361,1712698103.22605,296138.47196257,6205.0,1.486051201241014e-07,6368.0,BID
362,1712698110.2126231,296138.47196257,6205.0,0.0,6368.0,BID
363,1712698114.3625782,296146.25096256,6191.0,-3.261682914538585e-09,6368.0,ASK
364,1712698134.982635,296154.03096256,6191.0,-3.262102212050988e-09,6368.0,ASK
365,1712698140.142502,296154.03096256,6191.0,-0.0,6368.0,ASK
366,1712698159.5628743,296161.80096256,6191.0,-3.257777701055721e-09,6368.0,ASK
367,1712698170.142446,296161.80096256,6191.0,-0.0,6368.0,ASK
368,1712698184.612733,296169.56996256,6191.0,-3.257292728633805e-09,6368.0,ASK
369,1712698200.1936924,296169.56996256,6191.0,-0.0,6368.0,ASK
370,1712698230.1432133,296169.56996256,6191.0,-0.0,6368.0,ASK
371,1712698260.202831,296169.56996256,6191.0,-0.0,6368.0,ASK
372,1712698289.6328084,296172.71196255,6191.0,-1.3213338335110388e-09,6368.0,ASK
373,1712698290.202785,296172.71196255,6191.0,-0.0,6368.0,ASK
374,1712698320.1429222,296172.71196255,6191.0,-0.0,6368.0,ASK
375,1712698350.1428556,296172.71196255,6191.0,-0.0,6368.0,ASK
376,1712698380.1631317,296172.71196255,6191.0,-0.0,6368.0,ASK
377,1712698410.153317,296172.71196255,6191.0,-0.0,6368.0,ASK
378,1712698419.543497,296175.23596255,6191.0,-1.0614319938468155e-09,6368.0,ASK
379,1712698440.213055,296175.23596255,6191.0,-0.0,6368.0,ASK
380,1712698470.213353,296175.23596255,6191.0,-0.0,6368.0,ASK
381,1712698500.163479,296175.23596255,6191.0,-0.0,6368.0,ASK
382,1712698530.1433442,296175.23596255,6191.0,-0.0,6368.0,ASK
383,1712698560.2136304,296175.23596255,6191.0,-0.0,6368.0,ASK
384,1712698569.793713,296176.98396255,6191.0,-7.352564022218883e-10,6368.0,ASK
385,1712698590.2076416,296176.98396255,6191.0,-0.0,6368.0,ASK
386,1712698620.1435752,296176.98396255,6191.0,-0.0,6368.0,ASK
387,1712698650.1590476,296176.98396255,6191.0,-0.0,6368.0,ASK
388,1712698680.2136283,296176.98396255,6191.0,-0.0,6368.0,ASK
389,1712698710.203792,296176.98396255,6191.0,-0.0,6368.0,ASK
390,1712698740.1492796,296176.98396255,6191.0,-0.0,6368.0,ASK
391,1712698770.1440015,296176.98396255,6191.0,-0.0,6368.0,ASK
392,1712698800.1551316,296176.98396255,6191.0,-0.0,6368.0,ASK
393,1712698830.1525762,296176.98396255,6191.0,-0.0,6368.0,ASK
394,1712698860.2119577,296176.98396255,6191.0,-0.0,6368.0,ASK
395,1712698890.211702,296176.98396255,6191.0,-0.0,6368.0,ASK
396,1712698920.150364,296176.98396255,6191.0,-0.0,6368.0,ASK
397,1712698950.166716,296176.98396255,6191.0,-0.0,6368.0,ASK
398,1712698980.2094102,296176.98396255,6191.0,-0.0,6368.0,ASK
399,1712699010.1988528,296176.98396255,6191.0,-0.0,6368.0,ASK
400,1712699040.1447532,296176.98396255,6191.0,-0.0,6368.0,ASK
401,1712699060.0683496,296204.98396255,6197.0,-1.1778479482302906e-08,6368.0,ASK
402,1712699070.1383076,296204.98396255,6197.0,-0.0,6368.0,ASK
403,1712699100.1574242,296204.98396255,6197.0,-0.0,6368.0,ASK
404,1712699130.140192,296204.98396255,6197.0,-0.0,6368.0,ASK
405,1712699160.2065911,296204.98396255,6197.0,-0.0,6368.0,ASK
406,1712699164.5070674,296207.08396255,6197.0,-8.839420861661443e-10,6368.0,ASK
407,1712699166.8871465,296431.78097088,6205.0,9.458054395273173e-08,6368.0,BID
408,1712699166.8994966,296435.5821092,6205.0,1.59999339829991e-09,6368.0,BID
409,1712699190.208909,296435.5821092,6205.0,0.0,6368.0,BID
410,1712699220.1576097,296435.5821092,6205.0,0.0,6368.0,BID
411,1712699238.015847,296566.95144243,6205.0,5.5263326815086763e-08,6368.0,BID
412,1712699238.019833,296592.1885902,6205.0,1.0616547338710605e-08,6368.0,BID
413,1712699250.145687,296592.1885902,6205.0,0.0,6368.0,BID
414,1712699280.2050598,296592.1885902,6205.0,0.0,6368.0,BID
415,1712699304.3659348,296592.18859063,6205.0,1.8083086824263002e-16,6368.0,BID
416,1712699304.3703716,296593.66232358,6211.0,6.19704039386618e-10,6368.0,BID
417,1712699304.3738945,296596.89281946,6239.0,1.358422057452876e-09,6368.0,BID
418,1712699304.3774111,296598.49281946,6250.0,6.727992768364518e-10,6368.0,BID
419,1712699304.3809302,296680.03931504,6255.0,3.429026453472997e-08,6368.0,BID
420,1712699304.3833687,296712.03931504,6250.0,1.3455985536924845e-08,6368.0,BID
421,1712699304.4852412,296725.82369172,6235.0,5.796324163815298e-09,6368.0,BID
422,1712699310.206736,296725.82369172,6235.0,0.0,6368.0,BID
423,1712699340.1344297,296725.82369172,6235.0,0.0,6368.0,BID
424,1712699370.1443255,296725.82369172,6235.0,0.0,6368.0,BID
425,1712699400.1573396,296725.82369172,6235.0,0.0,6368.0,BID
426,1712699430.1437929,296725.82369172,6235.0,0.0,6368.0,BID
427,1712699460.1956844,296725.82369172,6235.0,0.0,6368.0,BID
428,1712699490.1968436,296725.82369172,6235.0,0.0,6368.0,BID
429,1712699520.1448052,296725.82369172,6235.0,0.0,6368.0,BID
430,1712699550.1364522,296725.82369172,6235.0,0.0,6368.0,BID
431,1712699580.192784,296725.82369172,6235.0,0.0,6368.0,BID
432,1712699610.193188,296725.82369172,6235.0,0.0,6368.0,BID
433,1712699640.1336188,296725.82369172,6235.0,0.0,6368.0,BID
434,1712699670.145617,296725.82369172,6235.0,0.0,6368.0,BID
435,1712699700.164797,296725.82369172,6235.0,0.0,6368.0,BID
436,1712699726.7828646,296727.13974435,6210.0,-5.561865048142323e-10,6368.0,ASK
437,1712699730.1644013,296727.13974435,6210.0,-0.0,6368.0,ASK
438,1712699760.161854,296727.13974435,6210.0,-0.0,6368.0,ASK
439,1712699790.1424446,296727.13974435,6210.0,-0.0,6368.0,ASK
440,1712699820.2034876,296727.13974435,6210.0,-0.0,6368.0,ASK
441,1712699850.20181,296727.13974435,6210.0,-0.0,6368.0,ASK
442,1712699880.1359613,296727.13974435,6210.0,-0.0,6368.0,ASK
443,1712699910.1629565,296727.13974435,6210.0,-0.0,6368.0,ASK
444,1712699940.1933365,296727.13974435,6210.0,-0.0,6368.0,ASK
445,1712699970.200594,296727.13974435,6210.0,-0.0,6368.0,ASK
446,1712700000.177859,296727.13974435,6210.0,-0.0,6368.0,ASK
447,1712700030.1367626,296727.13974435,6210.0,-0.0,6368.0,ASK
448,1712700060.1917186,296727.13974435,6210.0,-0.0,6368.0,ASK
449,1712700090.190316,296727.13974435,6210.0,-0.0,6368.0,ASK
450,1712700120.1244648,296730.62174434,6210.0,-1.478015105709459e-09,6368.0,ASK
451,1712700120.1334372,296730.62174434,6210.0,-0.0,6368.0,ASK
452,1712700150.1288638,296730.62174434,6210.0,-0.0,6368.0,ASK
453,1712700180.2031958,296730.62174434,6210.0,-0.0,6368.0,ASK
454,1712700210.1899152,296730.62174434,6210.0,-0.0,6368.0,ASK
455,1712700240.1402466,296730.62174434,6210.0,-0.0,6368.0,ASK
456,1712700270.123573,296730.62174434,6210.0,-0.0,6368.0,ASK
457,1712700274.679849,296731.42392627,6233.0,3.4050147364075884e-10,6368.0,BID
458,1712700295.3405757,296734.30292626,6210.0,-1.2220466487196596e-09,6368.0,ASK
459,1712700300.2094543,296734.30292626,6210.0,-0.0,6368.0,ASK
460,1712700309.8728542,296737.07092626,6210.0,-1.176392479220056e-09,6368.0,ASK
461,1712700310.2802336,296738.27419916,6233.0,5.113877131301154e-10,6368.0,BID
462,1712700314.999645,296740.68074496,6233.0,1.022775426284969e-09,6368.0,BID
463,1712700315.0995228,296743.08729076,6233.0,1.0227754263097074e-09,6368.0,BID
464,1712700330.1924307,296743.08729076,6233.0,0.0,6368.0,BID
465,1712700339.8895535,296750.80429075,6210.0,-3.279627800546952e-09,6368.0,ASK
466,1712700360.1292987,296750.80429075,6210.0,-0.0,6368.0,ASK
467,1712700390.124916,296750.80429075,6210.0,-0.0,6368.0,ASK
468,1712700391.9095857,296751.80429075,6233.0,4.249787497289015e-10,6368.0,BID
469,1712700405.4996312,296784.07797157,6210.0,-1.3715628524038922e-08,6368.0,ASK
470,1712700420.1898024,296784.07797157,6210.0,-0.0,6368.0,ASK
471,1712700450.209134,296784.07797157,6210.0,-0.0,6368.0,ASK
472,1712700480.134299,296784.07797157,6210.0,-0.0,6368.0,ASK
473,1712700502.7492418,296793.26710773,6211.0,-3.904844661385947e-09,6368.0,ASK
474,1712700502.8692982,296805.68089469,6211.0,5.275132384000752e-09,6368.0,BID
475,1712700510.1391487,296805.68089469,6211.0,0.0,6368.0,BID
476,1712700513.2089653,296807.29094138,6211.0,6.84136535724687e-10,6368.0,BID
477,1712700513.2895546,296826.23199838,6211.0,8.048380956333391e-09,6368.0,BID
478,1712700540.2017076,296826.23199838,6211.0,0.0,6368.0,BID
479,1712700570.2088416,296826.23199838,6211.0,0.0,6368.0,BID
480,1712700600.1528106,296826.23199838,6211.0,0.0,6368.0,BID
481,1712700630.1306894,296826.23199838,6211.0,0.0,6368.0,BID
482,1712700639.0820644,296827.84204486,6211.0,6.96806780805518e-10,6368.0,BID
483,1712700657.0986593,296829.04531776,6233.0,5.207605657945198e-10,6368.0,BID
484,1712700660.1985047,296829.04531776,6233.0,0.0,6368.0,BID
485,1712700675.524685,296835.14886899,6210.0,-2.641516084071183e-09,6368.0,ASK
486,1712700675.5267274,296836.82331776,6211.0,-7.246737499624974e-10,6368.0,ASK
487,1712700690.1984756,296836.82331776,6211.0,-0.0,6368.0,ASK
488,1712700720.1354177,296836.82331776,6211.0,-0.0,6368.0,ASK
489,1712700750.1283095,296836.82331776,6211.0,-0.0,6368.0,ASK
490,1712700780.208827,296836.82331776,6211.0,-0.0,6368.0,ASK
491,1712700810.198337,296836.82331776,6211.0,-0.0,6368.0,ASK
492,1712700840.14839,296836.82331776,6211.0,-0.0,6368.0,ASK
493,1712700860.4289308,296845.57531775,6210.0,-3.7876417502683305e-09,6368.0,ASK
494,1712700870.1285288,296845.57531775,6210.0,-0.0,6368.0,ASK
495,1712700900.1671674,296845.57531775,6210.0,-0.0,6368.0,ASK
496,1712700930.1271982,296845.57531775,6210.0,-0.0,6368.0,ASK
497,1712700960.1996417,296845.57531775,6210.0,-0.0,6368.0,ASK
498,1712700990.1988578,296845.57531775,6210.0,-0.0,6368.0,ASK
499,1712701015.5192356,296854.03231775,6210.0,-3.6714213278849836e-09,6368.0,ASK
500,1712701020.1391606,296854.03231775,6210.0,-0.0,6368.0,ASK
501,1712701040.2699196,296861.74931774,6215.0,-3.350090150282321e-09,6368.0,ASK
502,1712701050.1430583,296861.74931774,6215.0,-0.0,6368.0,ASK
503,1712701060.239662,296868.51340775,6215.0,-2.936353447112568e-09,6368.0,ASK
504,1712701060.24426,296869.46631774,6210.0,-4.1366695737673274e-10,6368.0,ASK
505,1712701080.221831,296869.46631774,6210.0,-0.0,6368.0,ASK
506,1712701110.1994789,296869.46631774,6210.0,-0.0,6368.0,ASK
507,1712701140.1454277,296869.46631774,6210.0,-0.0,6368.0,ASK
508,1712701150.5197475,296877.18331774,6210.0,-3.349950664182984e-09,6368.0,ASK
509,1712701170.1399548,296877.18331774,6210.0,-0.0,6368.0,ASK
510,1712701200.1614733,296877.18331774,6210.0,-0.0,6368.0,ASK
511,1712701230.1229527,296877.18331774,6210.0,-0.0,6368.0,ASK
512,1712701260.1914835,296877.18331774,6210.0,-0.0,6368.0,ASK
513,1712701290.199853,296877.18331774,6210.0,-0.0,6368.0,ASK
514,1712701320.1401708,296877.18331774,6210.0,-0.0,6368.0,ASK
515,1712701350.137859,296877.18331774,6210.0,-0.0,6368.0,ASK
516,1712701380.220093,296877.18331774,6210.0,-0.0,6368.0,ASK
517,1712701410.2000694,296877.18331774,6210.0,-0.0,6368.0,ASK
518,1712701440.1413107,296877.18331774,6210.0,-0.0,6368.0,ASK
519,1712701470.131278,296877.18331774,6210.0,-0.0,6368.0,ASK
520,1712701500.2002397,296877.18331774,6210.0,-0.0,6368.0,ASK
521,1712701527.250336,296898.93531774,6210.0,-9.538992759082376e-09,6368.0,ASK
522,1712701530.1902304,296898.93531774,6210.0,-0.0,6368.0,ASK
523,1712701560.140838,296898.93531774,6210.0,-0.0,6368.0,ASK
524,1712701579.6307914,296900.54536443,6211.0,-7.060184807855703e-10,6368.0,ASK
525,1712701579.6403582,296907.43977523,6210.0,-3.0232548343030242e-09,6368.0,ASK
526,1712701590.1319258,296907.43977523,6210.0,-0.0,6368.0,ASK
527,1712701620.200304,296907.43977523,6210.0,-0.0,6368.0,ASK
528,1712701650.2004187,296907.43977523,6210.0,-0.0,6368.0,ASK
529,1712701669.0404186,296908.60477523,6210.0,-5.108500807521001e-10,6368.0,ASK
530,1712701680.141858,296908.60477523,6210.0,-0.0,6368.0,ASK
531,1712701710.1405196,296908.60477523,6210.0,-0.0,6368.0,ASK
532,1712701728.7710495,296909.70497832,6210.0,-4.824352398152804e-10,6368.0,ASK
533,1712701728.775904,296911.99484919,6210.0,-1.0041004359663515e-09,6368.0,ASK
534,1712701740.20029,296911.99484919,6210.0,-0.0,6368.0,ASK
535,1712701770.2029693,296911.99484919,6210.0,-0.0,6368.0,ASK
536,1712701800.170446,296911.99484919,6210.0,-0.0,6368.0,ASK
537,1712701830.1366146,296911.99484919,6210.0,-0.0,6368.0,ASK
538,1712701860.2505324,296911.99484919,6210.0,-0.0,6368.0,ASK
539,1712701890.1904857,296911.99484919,6210.0,-0.0,6368.0,ASK
540,1712701920.1305106,296911.99484919,6210.0,-0.0,6368.0,ASK
541,1712701950.1404734,296911.99484919,6210.0,-0.0,6368.0,ASK
542,1712701980.1306462,296911.99484919,6210.0,-0.0,6368.0,ASK
543,1712701994.9815252,296914.87725702,6210.0,-1.270026868624171e-09,6368.0,ASK
544,1712701994.9868464,297028.46435876,6210.0,-5.0047973655392643e-08,6368.0,ASK
545,1712701994.991502,298638.2518668,6212.0,-7.092935866748283e-07,6368.0,ASK
546,1712701994.9960558,298654.80903265,6210.0,-7.295305431475033e-09,6368.0,ASK
547,1712702010.1396325,298654.80903265,6210.0,-0.0,6368.0,ASK
548,1712702040.199524,298654.80903265,6210.0,-0.0,6368.0,ASK
549,1712702070.2105742,298654.80903265,6210.0,-0.0,6368.0,ASK
550,1712702100.163336,298654.80903265,6210.0,-0.0,6368.0,ASK
551,1712702130.133025,298654.80903265,6210.0,-0.0,6368.0,ASK
552,1712702150.5907223,298656.42903264,6197.0,-7.13869640307478e-10,6368.0,ASK
553,1712702160.2105138,298656.42903264,6197.0,-0.0,6368.0,ASK
554,1712702190.1904256,298656.42903264,6197.0,-0.0,6368.0,ASK
555,1712702193.7807994,298673.11955386,6197.0,-7.354817126057139e-09,6368.0,ASK
556,1712702193.7913058,298793.64062194,6197.0,-5.3108612000969024e-08,6368.0,ASK
557,1712702220.1487596,298793.64062194,6197.0,-0.0,6368.0,ASK
558,1712702250.130483,298793.64062194,6197.0,-0.0,6368.0,ASK
559,1712702250.4016633,298801.71294999,6194.0,-3.555806226580988e-09,6368.0,ASK
560,1712702250.4041278,298882.46230399,6192.0,-3.5569547467310696e-08,6368.0,ASK
561,1712702250.4062953,299364.70070327,6194.0,-2.124227722460324e-07,6368.0,ASK
562,1712702250.4084675,299413.1738007,6189.0,-2.1352073478200707e-08,6368.0,ASK
563,1712702250.4120278,299513.1738007,6186.0,-4.404932758635282e-08,6368.0,ASK
564,1712702250.4157295,299542.0502007,6194.0,-1.2719860031149235e-08,6368.0,ASK
565,1712702250.4183464,299623.85764968,6192.0,-3.60356311912347e-08,6368.0,ASK
566,1712702250.4207287,299631.03645763,6191.0,-3.16221663068912e-09,6368.0,ASK
567,1712702250.4228485,299663.32576986,6186.0,-1.4223224919579876e-08,6368.0,ASK
568,1712702250.4250154,300056.00545004,6191.0,-1.729727586875216e-07,6368.0,ASK
569,1712702250.4274805,300072.17359878,6185.0,-7.121960803140237e-09,6368.0,ASK
570,1712702250.4296458,300355.39364234,6189.0,-1.2475652477794066e-07,6368.0,ASK
571,1712702250.4318318,300455.39364234,6188.0,-4.404932758635282e-08,6368.0,ASK
572,1712702250.4340017,300496.11588333,6186.0,-1.7937873334201386e-08,6368.0,ASK
573,1712702250.4361827,300499.34637921,6191.0,-1.4230117128486527e-09,6368.0,ASK
574,1712702250.4383905,300683.76532467,6185.0,-8.123530541697197e-08,6368.0,ASK
575,1712702250.4405978,300684.76532467,6186.0,-4.4049327586352807e-10,6368.0,ASK
576,1712702250.5006642,300876.60934567,6197.0,8.450600126510746e-08,6368.0,BID
577,1712702280.2004452,300876.60934567,6197.0,0.0,6368.0,BID
578,1712702310.200607,300876.60934567,6197.0,0.0,6368.0,BID
579,1712702340.1407995,300876.60934567,6197.0,0.0,6368.0,BID
580,1712702370.140596,300876.60934567,6197.0,0.0,6368.0,BID
581,1712702400.1637754,300876.60934567,6197.0,0.0,6368.0,BID
582,1712702409.5510924,300895.15662358,6197.0,8.129788086586007e-09,6368.0,BID
583,1712702409.5553534,300895.15662367,6197.0,3.944470231861551e-17,6368.0,BID
584,1712702430.1406596,300895.15662367,6197.0,0.0,6368.0,BID
585,1712702460.2004445,300895.15662367,6197.0,0.0,6368.0,BID
586,1712702476.340725,300895.15662425,6197.0,2.542090647364228e-16,6368.0,BID
587,1712702490.1936548,300895.15662425,6197.0,0.0,6368.0,BID
588,1712702520.1406388,300895.15662425,6197.0,0.0,6368.0,BID
589,1712702550.1337245,300895.15662425,6197.0,0.0,6368.0,BID
590,1712702580.2016068,300895.15662425,6197.0,0.0,6368.0,BID
591,1712702610.200384,300895.15662425,6197.0,0.0,6368.0,BID
592,1712702640.126012,300895.15662425,6197.0,0.0,6368.0,BID
593,1712702670.150679,300895.15662425,6197.0,0.0,6368.0,BID
594,1712702700.1706164,300895.15662425,6197.0,0.0,6368.0,BID
595,1712702730.1321738,300895.15662425,6197.0,0.0,6368.0,BID
596,1712702760.2003863,300895.15662425,6197.0,0.0,6368.0,BID
597,1712702790.2006545,300895.15662425,6197.0,0.0,6368.0,BID
598,1712702820.1306484,300895.15662425,6197.0,0.0,6368.0,BID
599,1712702850.1324725,300895.15662425,6197.0,0.0,6368.0,BID
600,1712702880.2005868,300895.15662425,6197.0,0.0,6368.0,BID
601,1712702910.1989696,300895.15662425,6197.0,0.0,6368.0,BID
602,1712702940.163284,300895.15662425,6197.0,0.0,6368.0,BID
603,1712702970.152476,300895.15662425,6197.0,0.0,6368.0,BID
604,1712703000.1629174,300895.15662425,6197.0,0.0,6368.0,BID
605,1712703030.1470222,300895.15662425,6197.0,0.0,6368.0,BID
606,1712703060.1951866,300895.15662425,6197.0,0.0,6368.0,BID
607,1712703090.207616,300895.15662425,6197.0,0.0,6368.0,BID
608,1712703098.4545946,300900.15662425,6210.0,2.199982135584604e-09,6368.0,BID
609,1712703120.1427305,300900.15662425,6210.0,0.0,6368.0,BID
610,1712703150.1304111,300900.15662425,6210.0,0.0,6368.0,BID
611,1712703180.2057626,300900.15662425,6210.0,0.0,6368.0,BID
612,1712703210.2060142,300900.15662425,6210.0,0.0,6368.0,BID
613,1712703240.1455345,300900.15662425,6210.0,0.0,6368.0,BID
614,1712703270.157873,300900.15662425,6210.0,0.0,6368.0,BID
615,1712703300.1930077,300900.15662425,6210.0,0.0,6368.0,BID
616,1712703330.2075918,300900.15662425,6210.0,0.0,6368.0,BID
617,1712703360.1516042,300900.15662425,6210.0,0.0,6368.0,BID
618,1712703390.1414547,300900.15662425,6210.0,0.0,6368.0,BID
619,1712703420.1417382,300900.15662425,6210.0,0.0,6368.0,BID
620,1712703450.13659,300900.15662425,6210.0,0.0,6368.0,BID
621,1712703480.1995494,300900.15662425,6210.0,0.0,6368.0,BID
622,1712703510.202994,300900.15662425,6210.0,0.0,6368.0,BID
623,1712703540.1565762,300900.15662425,6210.0,0.0,6368.0,BID
624,1712703570.1441145,300900.15662425,6210.0,0.0,6368.0,BID
625,1712703600.2203226,300900.15662425,6210.0,0.0,6368.0,BID
626,1712703602.7904236,300904.84526221,6209.0,2.0923093563741847e-09,6368.0,BID
627,1712703630.1439595,300904.84526221,6209.0,0.0,6368.0,BID
628,1712703660.1981924,300904.84526221,6209.0,0.0,6368.0,BID
629,1712703690.2104642,300904.84526221,6209.0,0.0,6368.0,BID
630,1712703720.1554468,300904.84526221,6209.0,0.0,6368.0,BID
631,1712703750.150891,300904.84526221,6209.0,0.0,6368.0,BID
632,1712703780.2065544,300904.84526221,6209.0,0.0,6368.0,BID
633,1712703810.2117438,300904.84526221,6209.0,0.0,6368.0,BID
634,1712703840.1432836,300904.84526221,6209.0,0.0,6368.0,BID
635,1712703870.144245,300904.84526221,6209.0,0.0,6368.0,BID
636,1712703870.314039,300922.40452472,6209.0,7.835736577047316e-09,6368.0,BID
637,1712703870.3164475,300930.35965073,6210.0,3.5499367821471396e-09,6368.0,BID
638,1712703870.3187938,300944.84074073,6203.0,6.462116875588284e-09,6368.0,BID
639,1712703870.3211503,300960.94639382,6209.0,7.187070353482698e-09,6368.0,BID
640,1712703870.323497,300990.22776431,6210.0,1.3066670974615053e-08,6368.0,BID
641,1712703870.325829,300990.53912635,6209.0,1.389438152152619e-10,6368.0,BID
642,1712703870.328178,301065.89765253,6210.0,3.36283804428083e-08,6368.0,BID
643,1712703900.2217028,301065.89765253,6210.0,0.0,6368.0,BID
644,1712703919.1318457,301067.19442515,6197.0,-5.894040782015116e-10,6368.0,ASK
645,1712703930.212217,301067.19442515,6197.0,-0.0,6368.0,ASK
646,1712703960.1458004,301067.19442515,6197.0,-0.0,6368.0,ASK
647,1712703976.0520966,301068.19442515,6197.0,-4.5451447408639886e-10,6368.0,ASK
648,1712703990.1450038,301068.19442515,6197.0,-0.0,6368.0,ASK
649,1712704020.2087452,301068.19442515,6197.0,-0.0,6368.0,ASK
650,1712704050.214401,301068.19442515,6197.0,-0.0,6368.0,ASK
651,1712704080.1514866,301068.19442515,6197.0,-0.0,6368.0,ASK
652,1712704110.1525705,301068.19442515,6197.0,-0.0,6368.0,ASK
653,1712704140.17443,301068.19442515,6197.0,-0.0,6368.0,ASK
654,1712704170.0032568,301068.33424044,6199.0,-6.354789400966965e-11,6368.0,ASK
655,1712704170.008628,301069.33424044,6200.0,-4.5451319389263055e-10,6368.0,ASK
656,1712704170.14372,301069.33424044,6200.0,-0.0,6368.0,ASK
657,1712704200.1794236,301069.33424044,6200.0,-0.0,6368.0,ASK
658,1712704221.2832832,301070.29235444,6198.0,-4.3890458947468844e-10,6368.0,ASK
659,1712704221.2873497,301070.63101306,6197.0,-1.5513688617552787e-10,6368.0,ASK
660,1712704230.1529543,301070.63101306,6197.0,-0.0,6368.0,ASK
661,1712704260.2031136,301070.63101306,6197.0,-0.0,6368.0,ASK
662,1712704290.213397,301070.63101306,6197.0,-0.0,6368.0,ASK
663,1712704320.1511724,301070.63101306,6197.0,-0.0,6368.0,ASK
664,1712704350.150216,301070.63101306,6197.0,-0.0,6368.0,ASK
665,1712704380.2136228,301070.63101306,6197.0,-0.0,6368.0,ASK
666,1712704410.223112,301070.63101306,6197.0,-0.0,6368.0,ASK
667,1712704416.014054,301231.99941712,6197.0,-7.392134169601434e-08,6368.0,ASK
668,1712704416.019353,301241.99941712,6197.0,-4.580905545085499e-09,6368.0,ASK
669,1712704416.0236104,301246.99941712,6200.0,-2.290452772542749e-09,6368.0,ASK
670,1712704416.0281658,301249.205038,6197.0,-1.0103740919575299e-09,6368.0,ASK
671,1712704418.8637087,301252.83053106,6187.0,-1.660804126214303e-09,6368.0,ASK
672,1712704431.073918,301301.24105227,6197.0,2.2176402505135293e-08,6368.0,BID
673,1712704437.1537578,301333.56689678,6197.0,1.4808164036539741e-08,6368.0,BID
674,1712704440.1537378,301333.56689678,6197.0,0.0,6368.0,BID
675,1712704455.7140682,301338.02286484,6187.0,-2.039714417720009e-09,6368.0,ASK
676,1712704455.719922,301342.75589678,6187.0,-2.1665401002773515e-09,6368.0,ASK
677,1712704470.1437857,301342.75589678,6187.0,-0.0,6368.0,ASK
678,1712704476.1253886,301391.24466354,6197.0,2.2195101384374453e-08,6368.0,BID
679,1712704500.1823428,301391.24466354,6197.0,0.0,6368.0,BID
680,1712704516.6908247,301392.54143616,6187.0,-6.133551915754439e-10,6368.0,ASK
681,1712704521.7242606,301394.94798196,6187.0,-1.1382622808757624e-09,6368.0,ASK
682,1712704521.844005,301397.35452776,6187.0,-1.138262280848231e-09,6368.0,ASK
683,1712704530.1541753,301397.35452776,6187.0,-0.0,6368.0,ASK
684,1712704560.2350686,301397.35452776,6187.0,-0.0,6368.0,ASK
685,1712704590.2141616,301397.35452776,6187.0,-0.0,6368.0,ASK
686,1712704620.1442914,301397.35452776,6187.0,-0.0,6368.0,ASK
687,1712704645.4744017,301405.07752775,6188.0,-3.6528049496216765e-09,6368.0,ASK
688,1712704650.158691,301405.07752775,6188.0,-0.0,6368.0,ASK
689,1712704680.2049458,301405.07752775,6188.0,-0.0,6368.0,ASK
690,1712704710.224703,301405.07752775,6188.0,-0.0,6368.0,ASK
691,1712704716.054784,301423.73837226,6193.0,8.825959414091901e-09,6368.0,BID
692,1712704716.0591526,301437.40337226,6193.0,6.463090956503143e-09,6368.0,BID
693,1712704740.145916,301437.40337226,6193.0,0.0,6368.0,BID
694,1712704770.1667905,301437.40337226,6193.0,0.0,6368.0,BID
695,1712704800.1648364,301437.40337226,6193.0,0.0,6368.0,BID
696,1712704815.8280368,301438.70014488,6188.0,-6.148830163550226e-10,6368.0,ASK
697,1712704815.9047818,301509.18515088,6188.0,-3.3421459112151565e-08,6368.0,ASK
698,1712704815.9247012,301510.48192365,6188.0,-6.148830874801786e-10,6368.0,ASK
699,1712704817.392736,301631.84093865,6187.0,-5.7544087571071215e-08,6368.0,ASK
700,1712704817.5104687,301668.03250165,6187.0,-1.7160739732473753e-08,6368.0,ASK
701,1712704822.5857491,301824.63898265,6187.0,-7.42571704035593e-08,6368.0,ASK
702,1712704830.1473677,301824.63898265,6187.0,-0.0,6368.0,ASK
703,1712704830.620962,301832.38198265,6187.0,-3.6672863715659904e-09,6368.0,ASK
704,1712704859.4655454,301842.16105001,6187.0,-4.6316208776710514e-09,6368.0,ASK
705,1712704860.234815,301842.16105001,6187.0,-0.0,6368.0,ASK
706,1712704876.324932,301859.77245001,6187.0,-8.340789252460389e-09,6368.0,ASK
707,1712704885.5151353,301866.50645001,6187.0,-3.189233952216132e-09,6368.0,ASK
708,1712704890.2192397,301866.50645001,6187.0,-0.0,6368.0,ASK
709,1712704897.6053517,301870.59104855,6187.0,-1.9343348874835982e-09,6368.0,ASK
710,1712704897.6112597,302184.8351878,6187.0,-1.4881594746436468e-07,6368.0,ASK
711,1712704920.1466134,302184.8351878,6187.0,-0.0,6368.0,ASK
712,1712704926.4456446,302287.07618193,6190.0,4.8372939199028426e-08,6368.0,BID
713,1712704926.4513762,302316.41774019,6190.0,1.3882273209405524e-08,6368.0,BID
714,1712704926.4557538,302317.40564019,6189.0,4.674018190228135e-10,6368.0,BID
715,1712704926.4602065,302326.7160629,6190.0,4.4050091208678445e-09,6368.0,BID
716,1712704950.156193,302326.7160629,6190.0,0.0,6368.0,BID
717,1712704980.235022,302326.7160629,6190.0,0.0,6368.0,BID
718,1712704982.1007204,302342.87115176,6190.0,-7.640228432978438e-09,6368.0,ASK
719,1712705010.212772,302342.87115176,6190.0,-0.0,6368.0,ASK
720,1712705040.1522894,302342.87115176,6190.0,-0.0,6368.0,ASK
721,1712705070.1418736,302342.87115176,6190.0,-0.0,6368.0,ASK
722,1712705100.2123878,302342.87115176,6190.0,-0.0,6368.0,ASK
723,1712705130.2304208,302342.87115176,6190.0,-0.0,6368.0,ASK
724,1712705139.1702137,302387.98393371,6190.0,-2.1562004969739986e-08,6368.0,ASK
725,1712705160.1479597,302387.98393371,6190.0,-0.0,6368.0,ASK
726,1712705185.2896316,302395.85363371,6194.0,3.760882356212669e-09,6368.0,BID
727,1712705185.2950733,302407.79603371,6194.0,5.7072012212589726e-09,6368.0,BID
728,1712705190.1528175,302407.79603371,6194.0,0.0,6368.0,BID
729,1712705220.200316,302407.79603371,6194.0,0.0,6368.0,BID
730,1712705235.9589503,302416.5130337,6194.0,-4.165557641237413e-09,6368.0,ASK
731,1712705241.0598297,302420.29411141,6194.0,-1.806848361248482e-09,6368.0,ASK
732,1712705241.0657632,302421.90962029,6190.0,-7.719967153033167e-10,6368.0,ASK
733,1712705241.0698853,302422.5070337,6187.0,-2.8548353768097804e-10,6368.0,ASK
734,1712705243.7316687,302423.6612337,6195.0,5.515529006532069e-10,6368.0,BID
735,1712705243.734365,302424.8353337,6196.0,5.610624334298038e-10,6368.0,BID
736,1712705243.7369666,302437.49764078,6197.0,6.050885634201447e-09,6368.0,BID
737,1712705246.2285302,302439.54044078,6230.0,9.761846001228343e-10,6368.0,BID
738,1712705246.24033,302507.40381745,6229.0,3.2429598207227594e-08,6368.0,BID
739,1712705246.2450788,302614.31758373,6234.0,5.109045045226311e-08,6368.0,BID
740,1712705246.2495909,302620.52579304,6230.0,2.966691953589072e-09,6368.0,BID
741,1712705250.2087636,302620.52579304,6230.0,0.0,6368.0,BID
742,1712705265.8282173,302628.21979303,6202.0,-3.6743748963968198e-09,6368.0,ASK
743,1712705271.0594895,302631.94979303,6202.0,-1.7813125008180627e-09,6368.0,ASK
744,1712705275.097927,302673.54891966,6233.0,1.986623171300197e-08,6368.0,BID
745,1712705280.1380332,302673.54891966,6233.0,0.0,6368.0,BID
746,1712705283.2079086,302699.8131697,6233.0,1.2540874497156908e-08,6368.0,BID
747,1712705283.2880473,302735.87504842,6233.0,-1.7219128452958205e-08,6368.0,ASK
748,1712705289.0677412,302758.50955246,6233.0,1.0807712919227593e-08,6368.0,BID
749,1712705289.1878698,302798.26355575,6233.0,-1.898207507393527e-08,6368.0,ASK
750,1712705310.1884527,302798.26355575,6233.0,-0.0,6368.0,ASK
751,1712705315.9974797,302805.93255574,6203.0,-3.660499785392066e-09,6368.0,ASK
752,1712705340.2015142,302805.93255574,6203.0,-0.0,6368.0,ASK
753,1712705370.2015967,302805.93255574,6203.0,-0.0,6368.0,ASK
754,1712705400.196865,302805.93255574,6203.0,-0.0,6368.0,ASK
755,1712705430.145977,302805.93255574,6203.0,-0.0,6368.0,ASK
756,1712705451.3962982,302810.94829714,6187.0,-2.434703095042104e-09,6368.0,ASK
757,1712705451.4024034,302814.23702839,6203.0,-1.596390944929583e-09,6368.0,ASK
758,1712705451.4088056,302838.51560177,6202.0,-1.1785120690512802e-08,6368.0,ASK
759,1712705451.4120924,302898.70997845,6203.0,-2.9219097142134163e-08,6368.0,ASK
760,1712705451.4148402,302988.960708,6187.0,-4.3808823669552816e-08,6368.0,ASK
761,1712705460.209407,302988.960708,6187.0,-0.0,6368.0,ASK
762,1712705490.2051816,302988.960708,6187.0,-0.0,6368.0,ASK
763,1712705520.1448483,302988.960708,6187.0,-0.0,6368.0,ASK
764,1712705550.1549127,302988.960708,6187.0,-0.0,6368.0,ASK
765,1712705580.2300146,302988.960708,6187.0,-0.0,6368.0,ASK
766,1712705610.2059977,302988.960708,6187.0,-0.0,6368.0,ASK
767,1712705640.147982,302988.960708,6187.0,-0.0,6368.0,ASK
768,1712705670.1505857,302988.960708,6187.0,-0.0,6368.0,ASK
769,1712705700.203578,302988.960708,6187.0,-0.0,6368.0,ASK
770,1712705730.2015443,302988.960708,6187.0,-0.0,6368.0,ASK
771,1712705730.8847172,302991.780708,6196.0,-1.4047996224064319e-09,6368.0,ASK
772,1712705760.133016,302991.780708,6196.0,-0.0,6368.0,ASK
773,1712705774.893485,303056.82407467,6196.0,-3.240145447601568e-08,6368.0,ASK
774,1712705774.9934623,303073.59287467,6196.0,8.353403854000102e-09,6368.0,BID
775,1712705774.999578,303127.1992483,6196.0,2.6704098568726952e-08,6368.0,BID
776,1712705790.150785,303127.1992483,6196.0,0.0,6368.0,BID
777,1712705820.2193856,303127.1992483,6196.0,0.0,6368.0,BID
778,1712705850.2127776,303127.1992483,6196.0,0.0,6368.0,BID
779,1712705880.1354303,303127.1992483,6196.0,0.0,6368.0,BID
780,1712705910.1345465,303127.1992483,6196.0,0.0,6368.0,BID
781,1712705940.263253,303127.1992483,6196.0,0.0,6368.0,BID
782,1712705970.2051344,303127.1992483,6196.0,0.0,6368.0,BID
783,1712706000.1564963,303127.1992483,6196.0,0.0,6368.0,BID
784,1712706030.1387317,303127.1992483,6196.0,0.0,6368.0,BID
785,1712706055.0416446,303201.4053833,6185.0,-3.7204252002033145e-08,6368.0,ASK
786,1712706055.0467172,303209.49076493,6184.0,-4.053715716294e-09,6368.0,ASK
787,1712706055.0564508,303214.3396416,6187.0,-2.431050068267308e-09,6368.0,ASK
788,1712706055.059368,303230.492121,6191.0,-8.098264571480211e-09,6368.0,ASK
789,1712706055.062227,303238.57358212,6187.0,-4.051750115442289e-09,6368.0,ASK
790,1712706055.0667522,303257.9753606,6185.0,-9.72734472502754e-09,6368.0,ASK
791,1712706055.0709765,303329.35385361,6187.0,-3.5786575348119346e-08,6368.0,ASK
792,1712706055.0737653,303336.79506622,6185.0,-3.730752843318353e-09,6368.0,ASK
793,1712706055.0765612,303664.18094467,6183.0,-1.6413934944547758e-07,6368.0,ASK
794,1712706055.0793831,304664.18094467,6184.0,-5.013635597924653e-07,6368.0,ASK
795,1712706055.0822198,304714.32652862,6182.0,-2.5141168477035454e-08,6368.0,ASK
796,1712706055.085089,304728.86545953,6180.0,-7.289290156613897e-09,6368.0,ASK
797,1712706055.0879464,304772.07024761,6182.0,-2.166130635187247e-08,6368.0,ASK
798,1712706060.2115817,304772.07024761,6182.0,-0.0,6368.0,ASK
799,1712706090.211502,304772.07024761,6182.0,-0.0,6368.0,ASK
800,1712706120.1322932,304772.07024761,6182.0,-0.0,6368.0,ASK
801,1712706150.1417336,304772.07024761,6182.0,-0.0,6368.0,ASK
802,1712706168.0432782,304797.67424761,6194.0,1.2771779595205593e-08,6368.0,BID
803,1712706168.0497267,305949.66436373,6194.0,5.746353639644119e-07,6368.0,BID
804,1712706168.1410732,306017.5277404,6194.0,-3.385158918199647e-08,6368.0,ASK
805,1712706180.201399,306017.5277404,6194.0,-0.0,6368.0,ASK
806,1712706210.1934893,306017.5277404,6194.0,-0.0,6368.0,ASK
807,1712706234.1708329,306019.57646728,6196.0,1.0180278781256523e-09,6368.0,BID
808,1712706239.7410233,306021.62519416,6194.0,-1.0180278781256523e-09,6368.0,ASK
809,1712706240.1473818,306021.62519416,6194.0,-0.0,6368.0,ASK
810,1712706270.1369646,306021.62519416,6194.0,-0.0,6368.0,ASK
811,1712706300.158169,306021.62519416,6194.0,-0.0,6368.0,ASK
812,1712706310.950935,306022.66751155,6196.0,5.210862832619459e-10,6368.0,BID
813,1712706310.9574635,306029.69491656,6196.0,3.5132142979239403e-09,6368.0,BID
814,1712706330.1361363,306029.69491656,6196.0,0.0,6368.0,BID
815,1712706360.210777,306029.69491656,6196.0,0.0,6368.0,BID
816,1712706369.4708574,306229.64069362,6194.0,-9.995649935442149e-08,6368.0,ASK
817,1712706390.21162,306229.64069362,6194.0,-0.0,6368.0,ASK
818,1712706396.6097388,306296.88469362,6194.0,-3.3595688020006546e-08,6368.0,ASK
819,1712706420.1466303,306296.88469362,6194.0,-0.0,6368.0,ASK
820,1712706450.1428106,306296.88469362,6194.0,-0.0,6368.0,ASK
821,1712706470.8205285,306633.91582298,6196.0,1.683486554357984e-07,6368.0,BID
822,1712706480.201074,306633.91582298,6196.0,0.0,6368.0,BID
823,1712706503.6259792,306733.68543813,6194.0,-4.97834697250658e-08,6368.0,ASK
824,1712706510.2005005,306733.68543813,6194.0,-0.0,6368.0,ASK
825,1712706540.1503308,306733.68543813,6194.0,-0.0,6368.0,ASK
826,1712706570.1373086,306733.68543813,6194.0,-0.0,6368.0,ASK
827,1712706585.7809758,306854.34166059,6194.0,-6.018699927379996e-08,6368.0,ASK
828,1712706585.7874532,306868.86013059,6199.0,-7.242255107342039e-09,6368.0,ASK
829,1712706600.1723447,306868.86013059,6199.0,-0.0,6368.0,ASK
830,1712706603.3401723,306874.8142325,6199.0,2.9921463710441836e-09,6368.0,BID
831,1712706630.1399412,306874.8142325,6199.0,0.0,6368.0,BID
832,1712706646.7399018,306942.67760917,6220.0,3.4103109587458075e-08,6368.0,BID
833,1712706646.860134,307123.54831464,6220.0,-9.089222777405438e-08,6368.0,ASK
834,1712706660.2003126,307123.54831464,6220.0,-0.0,6368.0,ASK
835,1712706660.3652616,307191.41169131,6220.0,3.4076616006789576e-08,6368.0,BID
836,1712706690.2197535,307191.41169131,6220.0,0.0,6368.0,BID
837,1712706696.509689,307199.87758017,6220.0,4.2501231717080734e-09,6368.0,BID
838,1712706699.259766,307404.20856337,6220.0,-1.0258011423937864e-07,6368.0,ASK
1039,1712706707.1965733,307418.72703337,6221.0,7.2886954678053874e-09,6368.0,BID
839,1712706707.1965733,307418.72703337,6221.0,7.288695467805387e-09,6368.0,BID
840,1712706707.2025871,307900.55034149,6220.0,2.4188935625964334e-07,6368.0,BID
841,1712706720.1520758,307900.55034149,6220.0,0.0,6368.0,BID
842,1712706740.439709,307940.55034149,6226.0,2.003679780498292e-08,6368.0,BID
843,1712706740.579807,308949.67481948,6226.0,-5.054905781385999e-07,6368.0,ASK
844,1712706750.1298814,308949.67481948,6226.0,-0.0,6368.0,ASK
845,1712706763.3827798,308955.62892139,6230.0,2.97280159307252e-09,6368.0,BID
1045,1712706763.3827798,308955.62892139,6230.0,2.9728015930725204e-09,6368.0,BID
846,1712706763.390638,308957.70016919,6231.0,1.0341456784956459e-09,6368.0,BID
847,1712706776.349828,308960.90216919,6202.0,-1.5987147759433563e-09,6368.0,ASK
848,1712706780.209372,308960.90216919,6202.0,-0.0,6368.0,ASK
849,1712706798.539374,308962.01951213,6202.0,-5.578545797603096e-10,6368.0,ASK
850,1712706810.1999345,308962.01951213,6202.0,-0.0,6368.0,ASK
851,1712706812.569521,309045.79630453,6210.0,4.1827002211926725e-08,6368.0,BID
852,1712706827.34935,309280.8462298,6210.0,1.1735271144354998e-07,6368.0,BID
853,1712706840.1420577,309280.8462298,6210.0,0.0,6368.0,BID
854,1712706847.31537,309310.8462298,6211.0,-1.496322391988097e-08,6368.0,ASK
855,1712706870.132551,309310.8462298,6211.0,-0.0,6368.0,ASK
856,1712706900.199432,309310.8462298,6211.0,-0.0,6368.0,ASK
857,1712706901.1799114,309328.47683778,6215.0,-9.108392381078012e-09,6368.0,ASK
858,1712706901.18676,309343.04716363,6214.0,-7.527377678254312e-09,6368.0,ASK
859,1712706930.2116551,309343.04716363,6214.0,-0.0,6368.0,ASK
860,1712706960.1497335,309343.04716363,6214.0,-0.0,6368.0,ASK
861,1712706990.1453233,309343.04716363,6214.0,-0.0,6368.0,ASK
862,1712706995.5573237,309344.55432263,6214.0,-7.785537789330619e-10,6368.0,ASK
863,1712707011.03951,309360.64701655,6215.0,-8.313009884741158e-09,6368.0,ASK
864,1712707020.2096305,309360.64701655,6215.0,-0.0,6368.0,ASK
865,1712707041.789384,309448.96858425,6215.0,-4.56217327927241e-08,6368.0,ASK
866,1712707050.212473,309448.96858425,6215.0,-0.0,6368.0,ASK
867,1712707052.4675112,309465.05868884,6215.0,-8.308846820421264e-09,6368.0,ASK
868,1712707076.949424,309466.47451554,6215.0,-7.31125587696515e-10,6368.0,ASK
1068,1712707076.949424,309466.47451554,6215.0,-7.311255876965151e-10,6368.0,ASK
869,1712707080.1397598,309466.47451554,6215.0,-0.0,6368.0,ASK
870,1712707081.149385,309473.91951554,6215.0,-3.8443435190980865e-09,6368.0,ASK
871,1712707110.1421676,309473.91951554,6215.0,-0.0,6368.0,ASK
872,1712707117.1495996,309594.575738,6215.0,-6.23012605347461e-08,6368.0,ASK
873,1712707124.8998003,309596.1821637,6225.0,8.29483503010209e-10,6368.0,BID
874,1712707140.2013445,309596.1821637,6225.0,0.0,6368.0,BID
875,1712707145.7595649,309662.43911467,6225.0,3.4198588949444275e-08,6368.0,BID
876,1712707151.5601678,309965.91536506,6225.0,-1.5663955843226348e-07,6368.0,ASK
877,1712707151.6393948,310143.99413728,6225.0,-9.191552950471129e-08,6368.0,ASK
878,1712707155.4899774,310234.08104558,6225.0,-4.649844433791924e-08,6368.0,ASK
879,1712707170.1796265,310234.08104558,6225.0,-0.0,6368.0,ASK
880,1712707183.169896,310587.9762611,6215.0,-1.8228973573063293e-07,6368.0,ASK
881,1712707199.4029198,310594.38651752,6215.0,-3.301892474177057e-09,6368.0,ASK
882,1712707200.1927383,310594.38651752,6215.0,-0.0,6368.0,ASK
883,1712707201.9316664,154.49078943,6215.0,-8.100806262073198e-08,6215.0,ASK
884,1712707209.8679612,287.64369433,6213.0,-6.981943000012263e-08,6215.0,ASK
885,1712707209.8713253,432.49314864,6214.0,-7.595257755246319e-08,6215.0,ASK
886,1712707213.2526352,460.29308455,6213.0,-1.4577043442903806e-08,6215.0,ASK
887,1712707216.3089008,547.3043509,6210.0,-4.5624817759014224e-08,6215.0,ASK
888,1712707222.7419035,1157.40329687,6202.0,-3.199086094538596e-07,6215.0,ASK
889,1712707230.1872437,1157.40329687,6202.0,-0.0,6215.0,ASK
890,1712707231.6444514,1164.3018579,6202.0,-3.603721053367936e-09,6215.0,ASK
891,1712707260.3809495,1164.3018579,6202.0,-0.0,6215.0,ASK
892,1712707260.549862,1164.3018579,6202.0,-0.0,6215.0,ASK
893,1712707290.2339091,1164.3018579,6202.0,-0.0,6215.0,ASK
894,1712707300.6802063,1165.9082836,6202.0,-8.391577178571511e-10,6215.0,ASK
1094,1712707300.6802063,1165.9082836,6202.0,-8.391577178571512e-10,6215.0,ASK
895,1712707311.1816528,1169.6272836,6202.0,-1.9427151549621632e-09,6215.0,ASK
896,1712707320.2021432,1169.6272836,6202.0,-0.0,6215.0,ASK
897,1712707320.392885,1169.6272836,6202.0,-0.0,6215.0,ASK
898,1712707350.2225692,1169.6272836,6202.0,-0.0,6215.0,ASK
899,1712707362.375487,1269.6272836,6202.0,-5.223666677963949e-08,6215.0,ASK
900,1712707362.3828816,1647.3043509,6202.0,-1.972859111486157e-07,6215.0,ASK
901,1712707362.3861034,1965.46124446,6194.0,-1.661945563253895e-07,6215.0,ASK
902,1712707362.3893597,1967.07544946,6195.0,-8.43206886990323e-10,6215.0,ASK
903,1712707372.220102,2034.93882613,6196.0,-3.544956593651949e-08,6215.0,ASK
904,1712707372.3119504,2115.21598976,6196.0,4.1934114465549e-08,6215.0,BID
905,1712707376.244676,2942.98669,6194.0,-4.323998223838573e-07,6215.0,ASK
906,1712707376.2511797,2944.019338,6195.0,-5.394208947665492e-10,6215.0,ASK
907,1712707380.348503,2944.019338,6195.0,-0.0,6215.0,ASK
908,1712707380.5233746,2944.019338,6195.0,-0.0,6215.0,ASK
909,1712707410.2635891,2944.019338,6195.0,-0.0,6215.0,ASK
910,1712707431.2640696,2951.644338,6194.0,-3.960300776109181e-09,6215.0,ASK
911,1712707436.830057,3298.0917442,6194.0,-1.799391385776882e-07,6215.0,ASK
912,1712707440.168091,3298.0917442,6194.0,-0.0,6215.0,ASK
913,1712707440.5287848,3298.0917442,6194.0,-0.0,6215.0,ASK
914,1712707450.0203042,3486.98233326,6184.0,-9.799507106485957e-08,6215.0,ASK
915,1712707456.391453,3499.81333326,6184.0,-6.656629973417197e-09,6215.0,ASK
916,1712707470.1760068,3499.81333326,6184.0,-0.0,6215.0,ASK
917,1712707486.3587348,3502.22733326,6184.0,-1.2515557712911683e-09,6215.0,ASK
918,1712707492.6395128,3507.22733326,6194.0,2.592286187430184e-09,6215.0,BID
919,1712707500.2981532,3507.22733326,6194.0,0.0,6215.0,BID
920,1712707500.7466433,3507.22733326,6194.0,0.0,6215.0,BID
921,1712707530.2290218,3507.22733326,6194.0,0.0,6215.0,BID
922,1712707536.8079188,3540.23304277,6184.0,-1.7266965983991872e-08,6215.0,ASK
923,1712707560.2140095,3540.23304277,6184.0,-0.0,6215.0,ASK
924,1712707560.5577044,3540.23304277,6184.0,-0.0,6215.0,ASK
925,1712707561.6101668,3547.86204276,6184.0,-3.990691938559224e-09,6215.0,ASK
926,1712707571.4556303,3555.88739247,6184.0,-4.198020505150959e-09,6215.0,ASK
927,1712707572.190497,3603.0917442,6184.0,-2.4692361536341325e-08,6215.0,ASK
928,1712707572.1961544,3618.43313555,6184.0,-8.02500548787215e-09,6215.0,ASK
929,1712707587.9185083,3623.28436452,6184.0,-2.537653738112628e-09,6215.0,ASK
930,1712707587.9220865,3633.28436452,6183.0,-5.230950247463846e-09,6215.0,ASK
931,1712707587.925326,3797.75187453,6182.0,-8.603213621865712e-08,6215.0,ASK
932,1712707587.928555,3798.87878848,6184.0,-5.894830805623042e-10,6215.0,ASK
1132,1712707587.928555,3798.87878848,6184.0,-5.894830805623043e-10,6215.0,ASK
933,1712707587.93181,3806.96678589,6182.0,-4.2307912053328e-09,6215.0,ASK
934,1712707590.1765928,3806.96678589,6182.0,-0.0,6215.0,ASK
935,1712707597.931388,3815.01313284,6214.0,4.205376289945254e-09,6215.0,BID
936,1712707616.4002342,3822.63413283,6182.0,-3.983071182833037e-09,6215.0,ASK
937,1712707620.1913671,3822.63413283,6182.0,-0.0,6215.0,ASK
938,1712707620.7476337,3822.63413283,6182.0,-0.0,6215.0,ASK
939,1712707621.2078986,3827.25613283,6182.0,-2.415538732621937e-09,6215.0,ASK
940,1712707634.8613248,4354.0111349,6182.0,-2.752914561017908e-07,6215.0,ASK
941,1712707636.132766,4357.00013489,6182.0,-1.5621041210841763e-09,6215.0,ASK
942,1712707650.1650028,4357.00013489,6182.0,-0.0,6215.0,ASK
943,1712707680.3766468,4357.00013489,6182.0,-0.0,6215.0,ASK
944,1712707680.5080547,4357.00013489,6182.0,-0.0,6215.0,ASK
945,1712707710.210179,4357.00013489,6182.0,-0.0,6215.0,ASK
946,1712707711.530152,4360.96813489,6183.0,-2.070172763669971e-09,6215.0,ASK
1146,1712707711.530152,4360.96813489,6183.0,-2.0701727636699712e-09,6215.0,ASK
947,1712707740.1831408,4360.96813489,6183.0,-0.0,6215.0,ASK
948,1712707740.6965322,4360.96813489,6183.0,-0.0,6215.0,ASK
949,1712707741.595394,4364.18413489,6183.0,-1.677820159176939e-09,6215.0,ASK
950,1712707759.1244974,4379.18413489,6183.0,-7.825653727505743e-09,6215.0,ASK
951,1712707770.2636025,4379.18413489,6183.0,-0.0,6215.0,ASK
952,1712707786.169834,4382.25413489,6183.0,-1.601556355478616e-09,6215.0,ASK
953,1712707800.182833,4382.25413489,6183.0,-0.0,6215.0,ASK
954,1712707800.836908,4382.25413489,6183.0,-0.0,6215.0,ASK
955,1712707816.4497142,4384.11413488,6183.0,-9.848723997635956e-10,6215.0,ASK
956,1712707823.9405577,4622.49158602,6183.0,-1.262211686107637e-07,6215.0,ASK
957,1712707823.9440129,4638.66496463,6184.0,-8.563824886858266e-09,6215.0,ASK
958,1712707830.1675646,4638.66496463,6184.0,-0.0,6215.0,ASK
959,1712707844.8306415,4858.2417655,6183.0,-1.1616867943803797e-07,6215.0,ASK
960,1712707844.835129,4920.43849161,6183.0,-3.290562349455925e-08,6215.0,ASK
961,1712707860.2997053,4920.43849161,6183.0,-0.0,6215.0,ASK
962,1712707860.520457,4920.43849161,6183.0,-0.0,6215.0,ASK
963,1712707872.7805147,4934.98277161,6188.0,-7.687669593772248e-09,6215.0,ASK
964,1712707872.7871344,5020.43849161,6184.0,-4.516932706589197e-08,6215.0,ASK
965,1712707890.210381,5020.43849161,6184.0,-0.0,6215.0,ASK
966,1712707895.7997522,5584.27008349,6201.0,2.9792705380356885e-07,6215.0,BID
967,1712707895.8098936,5652.13346016,6201.0,3.5858820547888246e-08,6215.0,BID
968,1712707917.5316403,5684.78432292,6201.0,1.7252625582394958e-08,6215.0,BID
969,1712707920.1419847,5684.78432292,6201.0,0.0,6215.0,BID
970,1712707920.525966,5684.78432292,6201.0,0.0,6215.0,BID
971,1712707921.144029,5763.66724502,6201.0,4.159098305208317e-08,6215.0,BID
972,1712707936.2922015,5766.95224502,6187.0,-1.7320146831386995e-09,6215.0,ASK
973,1712707936.6840968,5768.56645002,6187.0,-8.510888163153054e-10,6215.0,ASK
1173,1712707936.6840968,5768.56645002,6187.0,-8.510888163153055e-10,6215.0,ASK
974,1712707950.1733348,5768.56645002,6187.0,-0.0,6215.0,ASK
975,1712707980.303116,5768.56645002,6187.0,-0.0,6215.0,ASK
976,1712707980.579496,5768.56645002,6187.0,-0.0,6215.0,ASK
977,1712708010.2101529,5768.56645002,6187.0,-0.0,6215.0,ASK
978,1712708017.6709397,5773.50097505,6192.0,-2.601013583714418e-09,6215.0,ASK
979,1712708028.5734348,5788.04525505,6202.0,7.666364972384006e-09,6215.0,BID
980,1712708040.2334075,5788.04525505,6202.0,0.0,6215.0,BID
981,1712708040.5504465,5788.04525505,6202.0,0.0,6215.0,BID
982,1712708061.579754,5791.72925504,6202.0,-1.9417317922926274e-09,6215.0,ASK
983,1712708067.2398396,5859.59263171,6211.0,3.5768858949560246e-08,6215.0,BID
984,1712708067.3793917,6152.07372452,6211.0,-1.5415847939613061e-07,6215.0,ASK
985,1712708070.1661973,6152.07372452,6211.0,-0.0,6215.0,ASK
986,1712708070.6696658,6422.24351685,6212.0,1.4222933437297906e-07,6215.0,BID
987,1712708074.379769,6624.83708574,6212.0,1.066542199369021e-07,6215.0,BID
988,1712708074.5899076,6683.75520493,6212.0,3.101710521606352e-08,6215.0,BID
989,1712708076.1306562,6755.99035541,6212.0,3.802777979913167e-08,6215.0,BID
990,1712708076.1378436,7122.19006791,6213.0,1.92783733915125e-07,6215.0,BID
991,1712708100.1656034,7122.19006791,6213.0,0.0,6215.0,BID
992,1712708100.7539976,7122.19006791,6213.0,0.0,6215.0,BID
993,1712708130.1520247,7122.19006791,6213.0,0.0,6215.0,BID
994,1712708143.570055,7127.19006791,6215.0,-2.651469764415629e-09,6215.0,ASK
995,1712708146.4250937,7132.19006791,6215.0,-2.651469764415629e-09,6215.0,ASK
996,1712708160.2094493,7132.19006791,6215.0,-0.0,6215.0,ASK
997,1712708169.1095123,7134.56913215,6225.0,1.2615618017297975e-09,6225.0,BID
998,1712708169.1193483,7136.15517497,6225.0,8.410411976182201e-10,6225.0,BID
999,1712708170.4048448,7801.62145663,6225.0,-3.528811148375889e-07,6225.0,ASK
1000,1712708190.2120328,7801.62145663,6225.0,-0.0,6225.0,ASK
1201,1712708190.279059,7816.22700771,6215.0,-7.727903242077489e-09,6225.0,ASK
1202,1712708190.2802274,8208.64033727,6193.0,-2.0762874506622322e-07,6225.0,ASK
1203,1712708190.2837183,8278.22373765,6214.0,-3.6817082932782325e-08,6225.0,ASK
1204,1712708190.2848964,8811.3792555,6189.0,-2.820964599251769e-07,6225.0,ASK
1205,1712708190.3713045,10218.13166708,6189.0,7.443229264478358e-07,6225.0,BID
1206,1712708190.389758,10235.1232715,6189.0,8.990381408149513e-09,6225.0,BID
1207,1712708190.4807243,10751.4744485,6189.0,2.732051610331054e-07,6225.0,BID
1208,1712708190.4837208,11527.60236311,6189.0,4.106549211822829e-07,6225.0,BID
1209,1712708220.1394968,11527.60236311,6189.0,0.0,6225.0,BID
1210,1712708250.1550925,11527.60236311,6189.0,0.0,6225.0,BID
1211,1712708280.2193806,11527.60236311,6189.0,0.0,6225.0,BID
1212,1712708310.220099,11527.60236311,6189.0,0.0,6225.0,BID
1213,1712708340.139696,11527.60236311,6189.0,0.0,6225.0,BID
1214,1712708370.139828,11527.60236311,6189.0,0.0,6225.0,BID
1215,1712708400.1655662,11527.60236311,6189.0,0.0,6225.0,BID
1216,1712708406.3397694,11529.3683631,6192.0,-9.418052077379582e-10,6225.0,ASK
1217,1712708430.1470914,11529.3683631,6192.0,-0.0,6225.0,ASK
1218,1712708460.2197978,11529.3683631,6192.0,-0.0,6225.0,ASK
1219,1712708490.1901708,11529.3683631,6192.0,-0.0,6225.0,ASK
1220,1712708520.1414387,11529.3683631,6192.0,-0.0,6225.0,ASK
1221,1712708550.141596,11529.3683631,6192.0,-0.0,6225.0,ASK
1222,1712708573.3091154,11530.97763249,6214.0,8.582160035222483e-10,6225.0,BID
1223,1712708580.1922662,11530.97763249,6214.0,0.0,6225.0,BID
1224,1712708591.928511,11597.23173977,6214.0,3.53328238815629e-08,6225.0,BID
1225,1712708591.9297817,11608.19373977,6214.0,5.845953274304963e-09,6225.0,BID
1226,1712708610.2026024,11608.19373977,6214.0,0.0,6225.0,BID
1227,1712708640.1409948,11608.19373977,6214.0,0.0,6225.0,BID
1228,1712708670.149955,11608.19373977,6214.0,0.0,6225.0,BID
1229,1712708691.179653,11618.18217955,6214.0,-5.3253981426151375e-09,6225.0,ASK
1230,1712708693.350081,11619.79144894,6214.0,8.579918795354512e-10,6225.0,BID
1231,1712708700.202525,11619.79144894,6214.0,0.0,6225.0,BID
1232,1712708730.200605,11619.79144894,6214.0,0.0,6225.0,BID
1233,1712708742.2591171,11621.40071833,6213.0,9.244004696949175e-10,6225.0,BID
1234,1712708760.1428957,11621.40071833,6213.0,0.0,6225.0,BID
1235,1712708790.1612654,11621.40071833,6213.0,0.0,6225.0,BID
1236,1712708790.8910854,11716.380774,6206.0,-5.4558363168980265e-08,6225.0,ASK
1237,1712708799.5601835,11771.83036373,6198.0,-3.185130638974637e-08,6225.0,ASK
1238,1712708799.562348,11779.89878393,6197.0,-4.634655100656473e-09,6225.0,ASK
1239,1712708799.701325,11787.61581575,6197.0,4.432810884896705e-09,6225.0,BID
1240,1712708820.2193594,11787.61581575,6197.0,0.0,6225.0,BID
1241,1712708821.4073565,11894.46837839,6206.0,-6.13418322644973e-08,6225.0,ASK
1242,1712708821.5107331,11962.33175439,6212.0,3.895895170544176e-08,6225.0,BID
1243,1712708829.954836,11966.71828699,6206.0,-2.518217067742121e-09,6225.0,ASK
1244,1712708829.959289,12006.05688027,6206.0,-2.2583467638797125e-08,6225.0,ASK
1245,1712708829.9605975,12069.18431703,6207.0,-3.6240147557958055e-08,6225.0,ASK
1246,1712708850.2320883,12069.18431703,6207.0,-0.0,6225.0,ASK
1247,1712708880.315801,12069.18431703,6207.0,-0.0,6225.0,ASK
1248,1712708910.1338208,12069.18431703,6207.0,-0.0,6225.0,ASK
1249,1712708913.7998536,12102.07116182,6214.0,1.88607278041636e-08,6225.0,BID
1250,1712708913.8027017,12104.15041943,6213.0,1.1924619727842446e-09,6225.0,BID
1251,1712708913.919309,12176.71055056,6214.0,4.1613505078281656e-08,6225.0,BID
1252,1712708928.8092914,12192.80324447,6214.0,9.229219811458973e-09,6225.0,BID
1253,1712708940.2025807,12192.80324447,6214.0,0.0,6225.0,BID
1254,1712708970.1899805,12192.80324447,6214.0,0.0,6225.0,BID
1255,1712708996.8201804,12229.66586547,6214.0,2.1131540831593872e-08,6225.0,BID
1256,1712709000.1875317,12229.66586547,6214.0,0.0,6225.0,BID
1257,1712709014.942685,12231.27513487,6214.0,-9.312873364432284e-10,6225.0,ASK
1258,1712709019.928997,12233.68554785,6223.0,1.3949106867205402e-09,6225.0,BID
1259,1712709020.0330272,12236.09596083,6223.0,1.3949106867205402e-09,6225.0,BID
1260,1712709030.167962,12236.09596083,6223.0,0.0,6225.0,BID
1261,1712709060.2167556,12236.09596083,6223.0,0.0,6225.0,BID
1262,1712709090.1999283,12236.09596083,6223.0,0.0,6225.0,BID
1263,1712709101.0870435,12237.70264463,6224.0,9.297695223098535e-10,6225.0,BID
1264,1712709120.162213,12237.70264463,6224.0,0.0,6225.0,BID
1265,1712709128.6480553,12246.09596083,6224.0,4.857087893799171e-09,6225.0,BID
1266,1712709128.6494138,12426.31931464,6224.0,1.042925881870748e-07,6225.0,BID
1267,1712709150.1569903,12426.31931464,6224.0,0.0,6225.0,BID
1268,1712709168.1331663,12437.71798533,6229.0,6.5917639697093925e-09,6229.0,BID
1269,1712709168.1362147,12439.32958887,6225.0,9.319779856209475e-10,6229.0,BID
1270,1712709168.2124188,12605.29564763,6229.0,-9.597690082306333e-08,6229.0,ASK
1271,1712709180.1930046,12605.29564763,6229.0,-0.0,6229.0,ASK
1272,1712709192.3880136,12661.72737481,6222.0,-3.26130100120321e-08,6229.0,ASK
1273,1712709193.6745265,12693.38419681,6222.0,-1.829510285130991e-08,6229.0,ASK
1274,1712709206.1735284,12727.1452758,6228.0,1.9511194537885543e-08,6229.0,BID
1275,1712709210.2138598,12727.1452758,6228.0,0.0,6229.0,BID
1276,1712709240.1772976,12727.1452758,6228.0,0.0,6229.0,BID
1277,1712709255.4953158,12727.14527636,6222.0,-3.2349301858305273e-16,6229.0,ASK
1278,1712709267.6254354,12906.12160879,6215.0,-1.0338864666948149e-07,6229.0,ASK
1279,1712709270.1751523,12906.12160879,6215.0,-0.0,6229.0,ASK
1280,1712709291.9475048,13072.1389948,6228.0,9.584111264410758e-08,6229.0,BID
1281,1712709291.950564,13075.5298398,6221.0,1.957520024945601e-09,6229.0,BID
1282,1712709300.2274327,13075.5298398,6221.0,0.0,6229.0,BID
1283,1712709300.8967185,13076.9348048,6226.0,8.171153298861012e-10,6229.0,BID
1284,1712709300.8981886,13083.55961416,6227.0,3.852931059229622e-09,6229.0,BID
1285,1712709330.205778,13083.55961416,6227.0,0.0,6229.0,BID
1286,1712709360.1515665,13083.55961416,6227.0,0.0,6229.0,BID
1287,1712709390.1492524,13083.55961416,6227.0,0.0,6229.0,BID
1288,1712709399.426635,13309.18780841,6228.0,1.3121956440221046e-07,6229.0,BID
1289,1712709420.2089777,13309.18780841,6228.0,0.0,6229.0,BID
1290,1712709450.2179215,13309.18780841,6228.0,0.0,6229.0,BID
1291,1712709453.75765,13310.18780841,6227.0,5.810994283103486e-10,6229.0,BID
1292,1712709480.1784532,13310.18780841,6227.0,0.0,6229.0,BID
1293,1712709510.2106357,13310.18780841,6227.0,0.0,6229.0,BID
1294,1712709540.208569,13310.18780841,6227.0,0.0,6229.0,BID
1295,1712709545.4088745,13380.18160353,6217.0,-4.06732071532533e-08,6229.0,ASK
1296,1712709558.2889664,13471.55621247,6216.0,-5.3097540883338575e-08,6229.0,ASK
1297,1712709570.2409985,13471.55621247,6216.0,-0.0,6229.0,ASK
1298,1712709600.1829774,13471.55621247,6216.0,-0.0,6229.0,ASK
1299,1712709620.039499,13495.50828647,6218.0,-1.3992209747508005e-08,6229.0,ASK
1300,1712709630.1396542,13495.50828647,6218.0,-0.0,6229.0,ASK
1301,1712709660.2334225,13495.50828647,6218.0,-0.0,6229.0,ASK
1302,1712709690.2121136,13495.50828647,6218.0,-0.0,6229.0,ASK
1303,1712709700.991006,13495.50828709,6218.0,-3.6215759023158944e-16,6229.0,ASK
1304,1712709701.0006292,13503.53806083,6217.0,-4.690387313570093e-09,6229.0,ASK
1305,1712709706.4507363,13553.53806083,6217.0,-2.9206223397088485e-08,6229.0,ASK
1306,1712709714.6214902,13670.22722987,6227.0,6.816099878005763e-08,6229.0,BID
1307,1712709714.6312606,13738.09060654,6226.0,3.964065879009485e-08,6229.0,BID
1308,1712709714.6345048,13794.42637424,6228.0,3.2907100333853844e-08,6229.0,BID
1309,1712709720.1407447,13794.42637424,6228.0,0.0,6229.0,BID
1310,1712709721.63065,13797.60937424,6218.0,-1.857249496246749e-09,6229.0,ASK
1311,1712709737.9713285,13799.21502613,6228.0,9.36882238091971e-10,6229.0,BID
1312,1712709750.0112386,14044.62416,6228.0,1.43193839225347e-07,6229.0,BID
1313,1712709750.0145836,14108.85023579,6228.0,3.7475289634574246e-08,6229.0,BID
1314,1712709750.177198,14140.95811828,6229.0,1.8734636688685106e-08,6229.0,BID
1315,1712709750.1877904,14218.88687048,6231.0,4.5470667849999753e-08,6231.0,BID
1316,1712709750.191107,14221.26593472,6230.0,1.388160810957361e-09,6231.0,BID
1317,1712709750.2001894,14221.26593472,6230.0,0.0,6231.0,BID
1318,1712709750.4313617,14326.19980327,6233.0,6.113358452912353e-08,6233.0,BID
1319,1712709750.4530797,14833.7095847,6234.0,2.956709073164949e-07,6234.0,BID
1320,1712709750.4572542,14849.75064983,6234.0,9.345388906488478e-09,6234.0,BID
1321,1712709750.7213926,14856.16604679,6235.0,3.737556022297264e-09,6235.0,BID
1322,1712709750.841364,14914.0551893,6228.0,-3.3725724933768795e-08,6235.0,ASK
1323,1712709750.9282677,15017.3264013,6228.0,6.016493488200095e-08,6235.0,BID
1324,1712709750.9621394,15017.32640134,6228.0,2.3303415326899706e-17,6235.0,BID
1325,1712709770.491583,15017.32640164,6228.0,1.7477773440743916e-16,6235.0,BID
1326,1712709770.4948933,15055.04624964,6228.0,2.1975264497514282e-08,6235.0,BID
1327,1712709780.2252016,15055.04624964,6228.0,0.0,6235.0,BID
1328,1712709798.6916428,15056.64932754,6238.0,9.311127071884747e-10,6238.0,BID
1329,1712709810.2116442,15056.64932754,6238.0,0.0,6238.0,BID
1330,1712709835.3121188,15264.15810327,6225.0,-1.2052623001050037e-07,6238.0,ASK
1331,1712709835.315561,15385.94691665,6218.0,-7.0737955455162e-08,6238.0,ASK
1332,1712709835.318856,15394.95299917,6226.0,-5.230955507690965e-09,6238.0,ASK
1333,1712709840.161768,15394.95299917,6226.0,-0.0,6238.0,ASK
1334,1712709856.551844,15395.95299917,6237.0,5.801154339392534e-10,6238.0,BID
1335,1712709856.5535083,15396.5563341,6237.0,3.50003904727438e-10,6238.0,BID
1336,1712709870.1462476,15396.5563341,6237.0,0.0,6238.0,BID
1337,1712709900.1770089,15396.5563341,6237.0,0.0,6238.0,BID
1338,1712709930.1527462,15396.5563341,6237.0,0.0,6238.0,BID
1339,1712709960.2381868,15396.5563341,6237.0,0.0,6238.0,BID
1340,1712709983.9135842,15476.96804204,6218.0,-4.728057967717132e-08,6238.0,ASK
1341,1712709983.916315,15563.91538233,6218.0,-5.1123409210097584e-08,6238.0,ASK
1342,1712709990.213339,15563.91538233,6218.0,-0.0,6238.0,ASK
1343,1712710001.6232052,15565.51871726,6237.0,9.42154456975512e-10,6238.0,BID
1344,1712710020.1433606,15565.51871726,6237.0,0.0,6238.0,BID
1345,1712710050.1461525,15565.51871726,6237.0,0.0,6238.0,BID
1346,1712710052.52371,15631.17541406,6237.0,3.8581075525563496e-08,6238.0,BID
1347,1712710052.527249,15665.51871726,6237.0,2.0180752903129426e-08,6238.0,BID
1348,1712710080.2137268,15665.51871726,6237.0,0.0,6238.0,BID
1349,1712710087.3067658,15733.38208393,6223.0,-3.9863145344496566e-08,6238.0,ASK
1350,1712710087.313477,15894.07628286,6223.0,-9.439225494239608e-08,6238.0,ASK
1351,1712710087.4280508,15894.07628326,6223.0,2.349608531672172e-16,6238.0,BID
1352,1712710087.4370463,15915.51871726,6223.0,1.2595350113386678e-08,6238.0,BID
1353,1712710110.2140238,15915.51871726,6223.0,0.0,6238.0,BID
1354,1712710140.146158,15915.51871726,6223.0,0.0,6238.0,BID
1355,1712710170.154307,15915.51871726,6223.0,0.0,6238.0,BID
1356,1712710200.1854792,15915.51871726,6223.0,0.0,6238.0,BID
1357,1712710230.155211,15915.51871726,6223.0,0.0,6238.0,BID
1358,1712710260.2488852,15915.51871726,6223.0,0.0,6238.0,BID
1359,1712710290.2602465,15915.51871726,6223.0,0.0,6238.0,BID
1360,1712710320.1750028,15915.51871726,6223.0,0.0,6238.0,BID
1361,1712710350.1554456,15915.51871726,6223.0,0.0,6238.0,BID
1362,1712710357.3069603,16108.75039517,6222.0,-1.1546855371127533e-07,6238.0,ASK
1363,1712710357.3093183,16123.21519517,6222.0,-8.643663160140614e-09,6238.0,ASK
1364,1712710380.1755872,16123.21519517,6222.0,-0.0,6238.0,ASK
1365,1712710408.6679163,16130.91167308,6237.0,4.595599612624903e-09,6238.0,BID
1366,1712710408.6696427,16173.21519517,6222.0,2.5259612514041043e-08,6238.0,BID
1367,1712710410.1559043,16173.21519517,6222.0,0.0,6238.0,BID
1368,1712710427.1558585,16888.69229082,6217.0,-4.271350355713709e-07,6238.0,ASK
1369,1712710436.4117804,16906.29877996,6217.0,-1.0510956130984973e-08,6238.0,ASK
1370,1712710440.2161295,16906.29877996,6217.0,-0.0,6238.0,ASK
1371,1712710445.8462715,16986.60659696,6214.0,-4.7813136901153015e-08,6238.0,ASK
1372,1712710451.635115,16989.80159695,6214.0,-1.902217961187757e-09,6238.0,ASK
1373,1712710463.586345,16992.62292996,6214.0,-1.6797465861998082e-09,6238.0,ASK
1374,1712710470.2135613,16992.62292996,6214.0,-0.0,6238.0,ASK
1375,1712710500.1582527,16992.62292996,6214.0,-0.0,6238.0,ASK
1376,1712710511.0062182,17092.62292996,6217.0,5.983327934202457e-08,6238.0,BID
1377,1712710515.1969433,17192.62292996,6217.0,5.983327934202457e-08,6238.0,BID
1378,1712710530.151621,17192.62292996,6217.0,0.0,6238.0,BID
1379,1712710557.8892858,17292.62292996,6217.0,5.978879844928733e-08,6238.0,BID
1380,1712710557.9881055,17305.0367169,6217.0,7.422054053478461e-09,6238.0,BID
1381,1712710560.182977,17305.0367169,6217.0,0.0,6238.0,BID
1382,1712710588.546673,17458.45813422,6214.0,-9.169050911218214e-08,6238.0,ASK
1383,1712710590.15693,17458.45813422,6214.0,-0.0,6238.0,ASK
1384,1712710600.7973423,17558.45813422,6217.0,5.97297942066413e-08,6238.0,BID
1385,1712710620.2277744,17558.45813422,6217.0,0.0,6238.0,BID
1386,1712710650.2312877,17558.45813422,6217.0,0.0,6238.0,BID
1387,1712710680.1610096,17558.45813422,6217.0,0.0,6238.0,BID
1388,1712710710.1618986,17558.45813422,6217.0,0.0,6238.0,BID
1389,1712710717.6174235,17720.62779853,6214.0,-9.682765076548498e-08,6238.0,ASK
1390,1712710717.727137,18009.05356353,6214.0,1.7221216658500325e-07,6238.0,BID
1391,1712710726.125759,18009.05356389,6214.0,2.1494733952861504e-16,6238.0,BID
1392,1712710740.2176466,18009.05356389,6214.0,0.0,6238.0,BID
1393,1712710770.2094998,18009.05356389,6214.0,0.0,6238.0,BID
1394,1712710800.3079302,18009.05356389,6214.0,0.0,6238.0,BID
1395,1712710819.8884628,18076.80520856,6214.0,-4.109002510807035e-08,6238.0,ASK
1396,1712710819.8923972,18077.8052082,6214.0,-6.064798945591225e-10,6238.0,ASK
1397,1712710830.2210329,18077.8052082,6214.0,-0.0,6238.0,ASK
1398,1712710850.728007,18103.54270018,6236.0,1.5605233693043795e-08,6238.0,BID
1399,1712710860.1983924,18103.54270018,6236.0,0.0,6238.0,BID
1400,1712710890.158538,18103.54270018,6236.0,0.0,6238.0,BID
1401,1712710920.219174,18103.54270018,6236.0,0.0,6238.0,BID
1402,1712710946.7085454,18106.42470018,6215.0,-1.747252891852436e-09,6238.0,ASK
1403,1712710950.2288055,18106.42470018,6215.0,-0.0,6238.0,ASK
1404,1712710957.234704,18116.86640521,6215.0,-6.330361274681604e-09,6238.0,ASK
1405,1712710957.237814,19027.85183342,6214.0,-5.522916860772413e-07,6238.0,ASK
1406,1712710980.2230248,19027.85183342,6214.0,-0.0,6238.0,ASK
1407,1712711010.148795,19027.85183342,6214.0,-0.0,6238.0,ASK
1408,1712711014.4186327,19214.29095188,6208.0,-1.1263909886558154e-07,6238.0,ASK
1409,1712711018.3886833,19215.89480111,6235.0,9.689819039889808e-10,6238.0,BID
1410,1712711021.7787702,19223.55980111,6208.0,-4.630888087952535e-09,6238.0,ASK
1411,1712711040.2505844,19223.55980111,6208.0,-0.0,6238.0,ASK
1412,1712711070.2191072,19223.55980111,6208.0,-0.0,6238.0,ASK
1413,1712711100.1586187,19223.55980111,6208.0,-0.0,6238.0,ASK
1414,1712711120.237119,19304.10103822,6209.0,-5.03762969976596e-08,6238.0,ASK
1415,1712711120.23901,19344.68039269,6208.0,-2.5381254201025773e-08,6238.0,ASK
1416,1712711120.240794,19467.15597539,6207.0,-7.660506034480404e-08,6238.0,ASK
1417,1712711130.157319,19467.15597539,6207.0,-0.0,6238.0,ASK
1418,1712711136.988242,19469.98897538,6207.0,-1.770288052321206e-09,6238.0,ASK
1419,1712711147.040785,19565.63497537,6207.0,-5.976737438481885e-08,6238.0,ASK
1420,1712711160.2250488,19565.63497537,6207.0,-0.0,6238.0,ASK
1421,1712711190.2264378,19565.63497537,6207.0,-0.0,6238.0,ASK
1422,1712711203.4240675,19916.96684346,6207.0,-2.1945680741771305e-07,6238.0,ASK
1423,1712711203.4989293,20103.24811746,6206.0,-1.1635919592489797e-07,6238.0,ASK
1424,1712711203.5020618,20117.26575365,6207.0,8.756010954897612e-09,6238.0,BID
1425,1712711203.507638,20214.992213,6200.0,-6.104409738229091e-08,6238.0,ASK
1426,1712711203.5107412,20214.99221383,6206.0,-5.184517476604884e-16,6238.0,ASK
1427,1712711203.5138664,20379.15946965,6200.0,-1.0254584089011664e-07,6238.0,ASK
1428,1712711203.5795162,20482.43068165,6200.0,-6.450758539749721e-08,6238.0,ASK
1429,1712711220.158095,20482.43068165,6200.0,-0.0,6238.0,ASK
1430,1712711250.1576293,20482.43068165,6200.0,-0.0,6238.0,ASK
1431,1712711257.889924,20778.94410885,6200.0,-1.8455917040274938e-07,6238.0,ASK
1432,1712711257.8919094,20804.08865988,6205.0,-1.5650749856654062e-08,6238.0,ASK
1433,1712711257.893799,20889.99240238,6200.0,5.346915854706991e-08,6238.0,BID
1434,1712711277.4170306,20896.63340238,6198.0,-4.133564750232635e-09,6238.0,ASK
1435,1712711280.2654934,20896.63340238,6198.0,-0.0,6238.0,ASK
1436,1712711309.4592884,20994.86740239,6192.0,-6.104631090970502e-08,6238.0,ASK
1437,1712711309.4629607,21094.86740239,6189.0,-6.21437698795653e-08,6238.0,ASK
1438,1712711309.467022,21330.22640239,6198.0,-1.4626095535084632e-07,6238.0,ASK
1439,1712711309.4701228,21430.22640239,6193.0,-6.21437698795653e-08,6238.0,ASK
1440,1712711309.4718978,21435.07449547,6188.0,-3.012787807182125e-09,6238.0,ASK
1441,1712711309.473663,21441.53966437,6187.0,-4.017699683542482e-09,6238.0,ASK
1442,1712711309.4754322,21845.54742131,6188.0,-2.51065650768386e-07,6238.0,ASK
1443,1712711309.4772158,21864.93666027,6189.0,-1.2049204040701738e-08,6238.0,ASK
1444,1712711309.4790132,21879.75665097,6183.0,-9.209700916782006e-09,6238.0,ASK
1445,1712711309.4807923,21908.0655934,6184.0,-1.759224403903648e-08,6238.0,ASK
1446,1712711309.4826448,21911.0655934,6187.0,-1.864313096386959e-09,6238.0,ASK
1447,1712711309.4846742,21912.03599611,6183.0,-6.030448270084025e-10,6238.0,ASK
1448,1712711309.48647,22073.71748357,6185.0,-1.0047497150499976e-07,6238.0,ASK
1449,1712711309.4882982,22080.18683501,6183.0,-4.020298871575408e-09,6238.0,ASK
1450,1712711309.4901185,22346.62704403,6182.0,-1.6557599036002054e-07,6238.0,ASK
1451,1712711310.2183828,22346.62704403,6182.0,-0.0,6238.0,ASK
1452,1712711316.5971038,22352.87976103,6182.0,-3.86412561705594e-09,6238.0,ASK
1453,1712711316.599137,22354.28104403,6183.0,-8.659809067092981e-10,6238.0,ASK
1454,1712711340.1581256,22354.28104403,6183.0,-0.0,6238.0,ASK
1455,1712711370.1634824,22354.28104403,6183.0,-0.0,6238.0,ASK
1456,1712711400.1955216,22354.28104403,6183.0,-0.0,6238.0,ASK
1457,1712711416.973708,22370.33498527,6229.0,1.0106201006313731e-08,6238.0,BID
1458,1712711421.5070298,22397.9362117,6236.0,1.7375393254045544e-08,6238.0,BID
1459,1712711421.5113473,22399.6913344,6236.0,1.1048765241991336e-09,6238.0,BID
1460,1712711421.5155065,22424.83588543,6210.0,1.5828878598954083e-08,6238.0,BID
1461,1712711421.5196753,22466.83684679,6237.0,2.6440246143731733e-08,6238.0,BID
1462,1712711421.5225503,22531.06005917,6210.0,4.0429492289799e-08,6238.0,BID
1463,1712711422.0262325,22537.10305916,6184.0,-3.8041607146246794e-09,6238.0,ASK
1464,1712711430.1561494,22537.10305916,6184.0,-0.0,6238.0,ASK
1465,1712711460.2255802,22537.10305916,6184.0,-0.0,6238.0,ASK
1466,1712711477.2656815,22604.96642583,6206.0,-4.2690458951973706e-08,6238.0,ASK
1467,1712711477.2691836,22637.10305916,6186.0,-2.021602660387069e-08,6238.0,ASK
1468,1712711490.2073903,22637.10305916,6186.0,-0.0,6238.0,ASK
1469,1712711520.1459053,22637.10305916,6186.0,-0.0,6238.0,ASK
1470,1712711550.1578758,22637.10305916,6186.0,-0.0,6238.0,ASK
1471,1712711569.626005,22637.67225888,6186.0,-3.5792395169298064e-10,6238.0,ASK
1472,1712711569.6294684,22640.90536589,6186.0,-2.033041121776435e-09,6238.0,ASK
1473,1712711580.2350128,22640.90536589,6186.0,-0.0,6238.0,ASK
1474,1712711610.2431986,22640.90536589,6186.0,-0.0,6238.0,ASK
1475,1712711640.155598,22640.90536589,6186.0,-0.0,6238.0,ASK
1476,1712711659.1050825,22647.37157992,6186.0,-4.0660221112988134e-09,6238.0,ASK
1477,1712711659.108594,22656.42289425,6186.0,-5.691559857338652e-09,6238.0,ASK
1478,1712711659.2451124,22682.37206408,6186.0,1.6317105776134625e-08,6238.0,BID
1479,1712711659.247912,22791.41320801,6186.0,6.856619657249116e-08,6238.0,BID
1480,1712711659.3457477,22815.00115428,6186.0,1.4832344034545366e-08,6238.0,BID
1481,1712711670.1593432,22815.00115428,6186.0,0.0,6238.0,BID
1482,1712711673.8346689,22819.8508148,6186.0,3.047452842600923e-09,6238.0,BID
1483,1712711681.1848683,22840.9503238,6186.0,1.3258610250003868e-08,6238.0,BID
1484,1712711700.190489,22840.9503238,6186.0,0.0,6238.0,BID
1485,1712711723.756035,22840.95032411,6186.0,1.993624220989641e-16,6238.0,BID
1486,1712711728.9553478,22843.36073709,6186.0,-1.550150394722268e-09,6238.0,ASK
1487,1712711729.1189604,22845.77115007,6186.0,-1.550150394722268e-09,6238.0,ASK
1488,1712711730.1646478,22845.77115007,6186.0,-0.0,6238.0,ASK
1489,1712711751.4901488,23494.57926816,6186.0,-4.172442151324107e-07,6238.0,ASK
1490,1712711760.218239,23494.57926816,6186.0,-0.0,6238.0,ASK
1491,1712711790.2145925,23494.57926816,6186.0,-0.0,6238.0,ASK
1492,1712711807.2750492,23496.38626816,6184.0,-1.1590780992583835e-09,6238.0,ASK
1493,1712711820.1586738,23496.38626816,6184.0,-0.0,6238.0,ASK
1494,1712711850.3474565,23496.38626816,6184.0,-0.0,6238.0,ASK
1495,1712711875.6256676,23502.85457346,6184.0,-4.1489857633915645e-09,6238.0,ASK
1496,1712711875.629227,23510.94126276,6183.0,-5.187070990396841e-09,6238.0,ASK
1497,1712711875.6327062,23623.08516883,6182.0,-7.193282446570538e-08,6238.0,ASK
1498,1712711875.635943,23639.25593209,6184.0,-1.0372464414892592e-08,6238.0,ASK
1499,1712711875.63792,23642.55530132,6183.0,-2.116324961260405e-09,6238.0,ASK
1500,1712711875.6399226,23657.11134206,6183.0,-9.336727782716649e-09,6238.0,ASK
1501,1712711880.2379572,23657.11134206,6183.0,-0.0,6238.0,ASK
1502,1712711910.2192404,23657.11134206,6183.0,-0.0,6238.0,ASK
1503,1712711940.3956866,23657.11134206,6183.0,-0.0,6238.0,ASK
1504,1712711955.3100815,24048.00682816,6182.0,-2.505736328543192e-07,6238.0,ASK
1505,1712711958.1744158,24057.6671083,6211.0,6.192477465577827e-09,6238.0,BID
1506,1712711970.167231,24057.6671083,6211.0,0.0,6238.0,BID
1507,1712712000.1950195,24057.6671083,6211.0,0.0,6238.0,BID
1508,1712712030.190243,24057.6671083,6211.0,0.0,6238.0,BID
1509,1712712032.0342698,24065.95610829,6182.0,-5.326179112717096e-09,6238.0,ASK
1510,1712712036.8146873,24068.37273467,6207.0,1.552827236569493e-09,6238.0,BID
1511,1712712036.9144914,24070.78936105,6207.0,1.552827236569493e-09,6238.0,BID
1512,1712712052.1648226,24078.39536105,6182.0,-4.887310698540084e-09,6238.0,ASK
1513,1712712060.2278726,24078.39536105,6182.0,-0.0,6238.0,ASK
1514,1712712063.566166,24166.48391079,6182.0,-5.6597506286722674e-08,6238.0,ASK
1515,1712712083.814624,24182.65990561,6182.0,-1.039318925355268e-08,6238.0,ASK
1516,1712712083.818333,24678.98709879,6182.0,-3.188936759566192e-07,6238.0,ASK
1517,1712712083.834531,24678.98709922,6182.0,-2.7627916146066933e-16,6238.0,ASK
1518,1712712090.244589,24678.98709922,6182.0,-0.0,6238.0,ASK
1519,1712712093.9550536,24687.25062233,6180.0,-5.296735551027569e-09,6238.0,ASK
1520,1712712093.9596622,24710.22331665,6180.0,-1.472498897720684e-08,6238.0,ASK
1521,1712712093.9667306,24731.64079222,6180.0,-1.372812815488029e-08,6238.0,ASK
1522,1712712093.9748957,24731.64079236,6180.0,-8.973712057975511e-17,6238.0,ASK
1523,1712712094.0372765,24733.25943917,6178.0,-1.0375168059616708e-09,6238.0,ASK
1524,1712712094.0394564,24734.87834802,6177.0,-1.0376847678068076e-09,6238.0,ASK
1525,1712712094.0462992,24736.63347072,6178.0,-1.1249948330462275e-09,6238.0,ASK
1526,1712712094.0495543,24748.70672312,6177.0,-7.73868776699301e-09,6238.0,ASK
1527,1712712094.0531414,24772.98642528,6178.0,-1.5562752095847018e-08,6238.0,ASK
1528,1712712094.056709,25096.76819636,6177.0,-2.075369542536733e-07,6238.0,ASK
1529,1712712101.404879,25100.00549008,6178.0,-2.075033676021618e-09,6238.0,ASK
1530,1712712104.1390364,25246.64861508,6177.0,-9.399499985198825e-08,6238.0,ASK
1531,1712712104.1411989,25262.77764733,6174.0,-1.0338352950070761e-08,6238.0,ASK
1532,1712712104.143293,25271.95215547,6177.0,-5.880656807207215e-09,6238.0,ASK
1533,1712712104.1453643,25346.45814834,6174.0,-4.775669359738286e-08,6238.0,ASK
1534,1712712104.1474893,25427.45604239,6173.0,-5.191785867384531e-08,6238.0,ASK
1535,1712712111.84252,25433.45604239,6173.0,-3.845867299349495e-09,6238.0,ASK
1536,1712712113.9316697,25454.55555139,6172.0,-1.3524318615904852e-08,6238.0,ASK
1537,1712712114.047398,25473.45604239,6172.0,-1.2114796713091784e-08,6238.0,ASK
1538,1712712114.0521188,25514.07633701,6172.0,-2.603671046149952e-08,6238.0,ASK
1539,1712712114.284491,25597.49784881,6172.0,-5.347134404898589e-08,6238.0,ASK
1540,1712712114.2954826,25712.83080389,6169.0,-7.392587341325325e-08,6238.0,ASK
1541,1712712114.298835,25733.89806431,6170.0,-1.3503647989360178e-08,6238.0,ASK
1542,1712712114.3010163,25792.00179202,6170.0,-3.7243204395032936e-08,6238.0,ASK
1543,1712712114.3032029,25793.37207085,6169.0,-8.783184238811437e-10,6238.0,ASK
1544,1712712114.3053544,25809.57952627,6170.0,-1.0388620467574284e-08,6238.0,ASK
1545,1712712114.3075635,25811.58919401,6169.0,-1.2881525739704171e-09,6238.0,ASK
1546,1712712115.734421,25811.58919597,6169.0,-1.2563150243886618e-15,6238.0,ASK
1547,1712712120.1797984,25811.58919597,6169.0,-0.0,6238.0,ASK
1548,1712712123.1447551,25817.58919597,6166.0,-3.828705144404777e-09,6238.0,ASK
1549,1712712124.3756518,25818.58919597,6165.0,-6.381175240674625e-10,6238.0,ASK
1550,1712712124.3800006,25870.16436897,6165.0,-3.291102169811175e-08,6238.0,ASK
1551,1712712124.604719,25875.68175935,6165.0,-3.520743488600721e-09,6238.0,ASK
1552,1712712124.9093828,25886.50261721,6166.0,6.904979025908376e-09,6238.0,BID
1553,1712712131.4846003,25956.7321727,6166.0,-4.481471006563797e-08,6238.0,ASK
1554,1712712133.054942,25964.61580558,6165.0,-5.030684294041748e-09,6238.0,ASK
1555,1712712133.1748295,25980.83377509,6165.0,1.0348970549121852e-08,6238.0,BID
1556,1712712136.346688,26061.9367759,6165.0,5.175324607132017e-08,6238.0,BID
1557,1712712140.6348145,26068.42501596,6165.0,4.140259682642496e-09,6238.0,BID
1558,1712712150.1636915,26068.42501596,6165.0,0.0,6238.0,BID
1559,1712712156.366398,26072.97918226,6171.0,-2.903159836543895e-09,6238.0,ASK
1560,1712712160.0261014,26130.02554754,6171.0,-3.63655399456614e-08,6238.0,ASK
1561,1712712160.0302231,26131.06034554,6171.0,-6.596561905391618e-10,6238.0,ASK
1562,1712712160.0340853,26133.06034554,6164.0,-1.274946782925333e-09,6238.0,ASK
1563,1712712160.0379202,26137.92889471,6162.0,-3.103570550901378e-09,6238.0,ASK
1564,1712712160.04175,26154.14949487,6165.0,-1.034020099555435e-08,6238.0,ASK
1565,1712712160.044072,26159.14949487,6164.0,-3.187366957313333e-09,6238.0,ASK
1566,1712712160.0462627,26167.26637798,6160.0,-5.1742970042379566e-09,6238.0,ASK
1567,1712712160.0679147,26248.38253631,6164.0,-5.1709392553048884e-08,6238.0,ASK
1568,1712712160.070169,26264.36954929,6160.0,-1.0191295383718366e-08,6238.0,ASK
1569,1712712160.0724037,26272.4824813,6163.0,-5.171778283121242e-09,6238.0,ASK
1570,1712712160.074644,27217.06017435,6160.0,-6.02143145488565e-07,6238.0,ASK
1571,1712712164.4451237,27257.35279205,6170.0,-2.568547165612589e-08,6238.0,ASK
1572,1712712165.117025,27263.23665205,6170.0,3.7508041890926314e-09,6238.0,BID
1573,1712712167.2404811,27265.81665205,6162.0,-1.644681349974793e-09,6238.0,ASK
1574,1712712170.830099,27714.02420859,6162.0,-2.85720391146747e-07,6238.0,ASK
1575,1712712172.6844478,27754.31682629,6160.0,-2.568547165612821e-08,6238.0,ASK
1576,1712712180.2177913,27754.31682629,6160.0,-0.0,6238.0,ASK
1577,1712712181.684346,27755.31682629,6160.0,-6.332799212409573e-10,6238.0,ASK
1578,1712712186.5099845,27795.51771508,6160.0,-2.5458415686748355e-08,6238.0,ASK
1579,1712712186.512745,27840.4702556,6160.0,-2.846754132008668e-08,6238.0,ASK
1580,1712712199.0648534,27877.02215577,6161.0,2.3147584460863486e-08,6238.0,BID
1581,1712712199.1651142,27889.43594271,6161.0,7.861402015665314e-09,6238.0,BID
1582,1712712199.2250276,27918.44764262,6161.0,1.8372527034072863e-08,6238.0,BID
1583,1712712204.564947,27921.44764262,6160.0,-1.899839763722873e-09,6238.0,ASK
1584,1712712204.5700753,27976.4951021,6160.0,-3.4860450804009094e-08,6238.0,ASK
1585,1712712204.740553,28063.94645185,6160.0,5.538118388209383e-08,6238.0,BID
1586,1712712210.2416408,28063.94645185,6160.0,0.0,6238.0,BID
1587,1712712239.034821,28138.81650145,6159.0,-4.735649644958991e-08,6238.0,ASK
1588,1712712240.1679964,28138.81650145,6159.0,-0.0,6238.0,ASK
1589,1712712249.5545094,28463.59727442,6158.0,-2.053691016416293e-07,6238.0,ASK
1590,1712712249.5570216,28824.90026427,6159.0,-2.284632485088116e-07,6238.0,ASK
1591,1712712249.5594535,28826.10026427,6158.0,-7.587977567652026e-10,6238.0,ASK
1592,1712712249.6356063,28827.10026427,6156.0,-6.323314639706191e-10,6238.0,ASK
1593,1712712249.6406138,28829.10026427,6156.0,-1.264662927941238e-09,6238.0,ASK
1594,1712712249.645636,28874.59004402,6155.0,-2.8764619025017245e-08,6238.0,ASK
1595,1712712249.6481786,28898.96839604,6153.0,-1.541519902199854e-08,6238.0,ASK
1596,1712712249.650465,28928.7244936,6150.0,-1.8815716732166763e-08,6238.0,ASK
1597,1712712249.6527498,28933.7244936,6155.0,-3.1616573198530953e-09,6238.0,ASK
1598,1712712249.6550715,28983.88091774,6150.0,-3.1715485103978154e-08,6238.0,ASK
1599,1712712249.657377,28984.71129666,6149.0,-5.250747181338974e-10,6238.0,ASK
1600,1712712249.6597235,29018.19687283,6150.0,-2.1173983401476964e-08,6238.0,ASK
1601,1712712249.7771888,29019.04239083,6147.0,-5.346476347524127e-10,6238.0,ASK
1602,1712712249.7795825,29020.04239083,6145.0,-6.323314639706191e-10,6238.0,ASK
1603,1712712249.7819283,29029.69658066,6144.0,-6.1046479886531245e-09,6238.0,ASK
1604,1712712249.786595,29034.57780422,6146.0,-3.086551239663734e-09,6238.0,ASK
1605,1712712249.788989,29037.83354245,6143.0,-2.0587057212810966e-09,6238.0,ASK
1606,1712712249.791381,29112.80469754,6142.0,-4.7406620253627545e-08,6238.0,ASK
1607,1712712249.8979778,29145.37268321,6141.0,-2.0593762057285737e-08,6238.0,ASK
1608,1712712249.9014845,29161.65932816,6140.0,-1.0298558044403037e-08,6238.0,ASK
1609,1712712249.9045238,29162.65932816,6140.0,-6.323314639706191e-10,6238.0,ASK
1610,1712712249.9075072,29227.7952995,6141.0,-4.118752411457148e-08,6238.0,ASK
1611,1712712249.9104326,29488.70417566,6140.0,-1.6498089162518153e-07,6238.0,ASK
1612,1712712251.6353376,29490.3296633,6152.0,1.0278469790660991e-09,6238.0,BID
1613,1712712261.49499,29495.20612623,6151.0,3.083540943526722e-09,6238.0,BID
