,time,acc_trade_volume,trade_price,dev,high,ask_bid
0,1712689619.1899326,47443375.09536414,135.6,0.0,144.8,ASK
1,1712689620.475264,47443375.09536414,135.6,-0.0,144.8,ASK
2,1712689650.4851997,47443375.09536414,135.6,-0.0,144.8,ASK
3,1712689680.4948902,47443375.09536414,135.6,-0.0,144.8,ASK
4,1712689710.4861925,47443375.09536414,135.6,-0.0,144.8,ASK
5,1712689740.7550037,47443375.09536414,135.6,-0.0,144.8,ASK
6,1712689770.734813,47443375.09536414,135.6,-0.0,144.8,ASK
7,1712689800.4854496,47443375.09536414,135.6,-0.0,144.8,ASK
8,1712689830.4862275,47443375.09536414,135.6,-0.0,144.8,ASK
9,1712689831.5152743,47444095.55645924,135.6,-1.0382401993978265e-07,144.8,ASK
10,1712689860.7348888,47444095.55645924,135.6,-0.0,144.8,ASK
11,1712689890.7156851,47444095.55645924,135.6,-0.0,144.8,ASK
12,1712689920.4657764,47444095.55645924,135.6,-0.0,144.8,ASK
13,1712689950.4948895,47444095.55645924,135.6,-0.0,144.8,ASK
14,1712689980.724918,47444095.55645924,135.6,-0.0,144.8,ASK
15,1712690010.7349825,47444095.55645924,135.6,-0.0,144.8,ASK
16,1712690015.2951035,47445537.5377807,135.6,-2.0779774340282538e-07,144.8,ASK
17,1712690040.4656274,47445537.5377807,135.6,-0.0,144.8,ASK
18,1712690070.4649742,47445537.5377807,135.6,-0.0,144.8,ASK
19,1712690100.515026,47445537.5377807,135.6,-0.0,144.8,ASK
20,1712690130.4550338,47445537.5377807,135.6,-0.0,144.8,ASK
21,1712690160.734935,47445537.5377807,135.6,-0.0,144.8,ASK
22,1712690190.7853124,47445537.5377807,135.6,-0.0,144.8,ASK
23,1712690220.4852688,47445537.5377807,135.6,-0.0,144.8,ASK
24,1712690250.5451,47445537.5377807,135.6,-0.0,144.8,ASK
25,1712690259.915039,47445862.14554412,135.6,-4.67768780811778e-08,144.8,ASK
26,1712690259.924925,47445906.26934412,135.7,-6.358361831666284e-09,144.8,ASK
27,1712690280.715139,47445906.26934412,135.7,-0.0,144.8,ASK
28,1712690310.735036,47445906.26934412,135.7,-0.0,144.8,ASK
29,1712690340.4658644,47445906.26934412,135.7,-0.0,144.8,ASK
30,1712690351.6154082,47445979.74472986,136.1,1.0587930365142258e-08,144.8,BID
31,1712690370.4859583,47445979.74472986,136.1,0.0,144.8,BID
32,1712690400.5356717,47445979.74472986,136.1,0.0,144.8,BID
33,1712690430.4851274,47445979.74472986,136.1,0.0,144.8,BID
34,1712690460.7251737,47445979.74472986,136.1,0.0,144.8,BID
35,1712690466.185177,47446126.69550135,136.1,2.1182490585801668e-08,144.8,BID
36,1712690490.7481666,47446126.69550135,136.1,0.0,144.8,BID
37,1712690520.4752274,47446126.69550135,136.1,0.0,144.8,BID
38,1712690550.487661,47446126.69550135,136.1,0.0,144.8,BID
39,1712690580.72523,47446126.69550135,136.1,0.0,144.8,BID
40,1712690610.7352486,47446126.69550135,136.1,0.0,144.8,BID
41,1712690618.6154745,47446861.4493588,136.1,1.0591214759203657e-07,144.8,BID
42,1712690625.795194,47447596.20321626,136.1,1.0591214759418453e-07,144.8,BID
43,1712690640.4876385,47447596.20321626,136.1,0.0,144.8,BID
44,1712690670.4850962,47447596.20321626,136.1,0.0,144.8,BID
45,1712690700.7351933,47447596.20321626,136.1,0.0,144.8,BID
46,1712690730.7651296,47447596.20321626,136.1,0.0,144.8,BID
47,1712690760.4358091,47447596.20321626,136.1,0.0,144.8,BID
48,1712690790.4667716,47447596.20321626,136.1,0.0,144.8,BID
49,1712690820.7249708,47447596.20321626,136.1,0.0,144.8,BID
50,1712690850.7447505,47447596.20321626,136.1,0.0,144.8,BID
51,1712690880.4649177,47447596.20321626,136.1,0.0,144.8,BID
52,1712690910.4552412,47447596.20321626,136.1,0.0,144.8,BID
53,1712690940.7347023,47447596.20321626,136.1,0.0,144.8,BID
54,1712690970.738014,47447596.20321626,136.1,0.0,144.8,BID
55,1712690994.6346903,47448308.68131252,136.1,1.027002008093389e-07,144.8,BID
56,1712691000.5820596,47448308.68131252,136.1,0.0,144.8,BID
57,1712691030.464672,47448308.68131252,136.1,0.0,144.8,BID
58,1712691060.7246878,47448308.68131252,136.1,0.0,144.8,BID
59,1712691090.7544513,47448308.68131252,136.1,0.0,144.8,BID
60,1712691120.4961908,47448308.68131252,136.1,0.0,144.8,BID
61,1712691150.4644904,47448308.68131252,136.1,0.0,144.8,BID
62,1712691180.704976,47448308.68131252,136.1,0.0,144.8,BID
63,1712691210.725026,47448308.68131252,136.1,0.0,144.8,BID
64,1712691240.4543486,47448308.68131252,136.1,0.0,144.8,BID
65,1712691270.4667473,47448308.68131252,136.1,0.0,144.8,BID
66,1712691300.704619,47448308.68131252,136.1,0.0,144.8,BID
67,1712691330.7643287,47448308.68131252,136.1,0.0,144.8,BID
68,1712691360.4871123,47448308.68131252,136.1,0.0,144.8,BID
69,1712691390.4851704,47448308.68131252,136.1,0.0,144.8,BID
70,1712691420.7144954,47448308.68131252,136.1,0.0,144.8,BID
71,1712691450.7250233,47448308.68131252,136.1,0.0,144.8,BID
72,1712691480.4568489,47448308.68131252,136.1,0.0,144.8,BID
73,1712691510.4591982,47448308.68131252,136.1,0.0,144.8,BID
74,1712691540.7054503,47448308.68131252,136.1,0.0,144.8,BID
75,1712691570.7245317,47448308.68131252,136.1,0.0,144.8,BID
76,1712691600.475111,47448308.68131252,136.1,0.0,144.8,BID
77,1712691630.4755116,47448308.68131252,136.1,0.0,144.8,BID
78,1712691652.6542132,47448674.71352335,136.6,5.2789598140937073e-08,144.8,BID
79,1712691660.7275882,47448674.71352335,136.6,0.0,144.8,BID
80,1712691690.725621,47448674.71352335,136.6,0.0,144.8,BID
81,1712691720.4998088,47448674.71352335,136.6,0.0,144.8,BID
82,1712691750.4778025,47448674.71352335,136.6,0.0,144.8,BID
83,1712691780.7373695,47448674.71352335,136.6,0.0,144.8,BID
84,1712691810.776274,47448674.71352335,136.6,0.0,144.8,BID
85,1712691840.461882,47448674.71352335,136.6,0.0,144.8,BID
86,1712691870.4793472,47448674.71352335,136.6,0.0,144.8,BID
87,1712691900.5060382,47448674.71352335,136.6,0.0,144.8,BID
88,1712691930.4807787,47448674.71352335,136.6,0.0,144.8,BID
89,1712691960.7161288,47448674.71352335,136.6,0.0,144.8,BID
90,1712691990.7262776,47448674.71352335,136.6,0.0,144.8,BID
91,1712692020.4561076,47448674.71352335,136.6,0.0,144.8,BID
92,1712692050.4877353,47448674.71352335,136.6,0.0,144.8,BID
93,1712692080.704371,47448674.71352335,136.6,0.0,144.8,BID
94,1712692110.72406,47448674.71352335,136.6,0.0,144.8,BID
95,1712692140.4867418,47448674.71352335,136.6,0.0,144.8,BID
96,1712692170.46548,47448674.71352335,136.6,0.0,144.8,BID
97,1712692200.529126,47448674.71352335,136.6,0.0,144.8,BID
98,1712692230.4683332,47448674.71352335,136.6,0.0,144.8,BID
99,1712692260.7278273,47448674.71352335,136.6,0.0,144.8,BID
100,1712692290.7161982,47448674.71352335,136.6,0.0,144.8,BID
101,1712692320.4776409,47448674.71352335,136.6,0.0,144.8,BID
102,1712692350.4860697,47448674.71352335,136.6,0.0,144.8,BID
103,1712692359.7342732,47448734.20851373,136.4,-8.583623380349817e-09,144.8,ASK
104,1712692359.7360723,47449387.19161961,136.4,-9.420895808137037e-08,144.8,ASK
105,1712692369.4445748,47449813.20627162,136.5,-6.146314679710075e-08,144.8,ASK
106,1712692380.7152092,47449813.20627162,136.5,-0.0,144.8,ASK
107,1712692410.7465286,47449813.20627162,136.5,-0.0,144.8,ASK
108,1712692440.4348445,47449813.20627162,136.5,-0.0,144.8,ASK
109,1712692462.8542345,47449860.79045902,136.6,6.865041705745882e-09,144.8,BID
110,1712692470.475221,47449860.79045902,136.6,0.0,144.8,BID
111,1712692500.7159567,47449860.79045902,136.6,0.0,144.8,BID
112,1712692530.7353244,47449860.79045902,136.6,0.0,144.8,BID
113,1712692536.0944088,47449898.50517149,136.4,-5.441225926648501e-09,144.8,ASK
114,1712692560.4878356,47449898.50517149,136.4,-0.0,144.8,ASK
115,1712692590.4583075,47449898.50517149,136.4,-0.0,144.8,ASK
116,1712692620.726232,47449898.50517149,136.4,-0.0,144.8,ASK
117,1712692650.7356963,47449898.50517149,136.4,-0.0,144.8,ASK
118,1712692680.5164642,47449898.50517149,136.4,-0.0,144.8,ASK
119,1712692710.493865,47449898.50517149,136.4,-0.0,144.8,ASK
120,1712692740.702031,47449898.50517149,136.4,-0.0,144.8,ASK
121,1712692770.7246208,47449898.50517149,136.4,-0.0,144.8,ASK
122,1712692800.5855613,47449898.50517149,136.4,-0.0,144.8,ASK
123,1712692830.455125,47449898.50517149,136.4,-0.0,144.8,ASK
124,1712692860.7223942,47449898.50517149,136.4,-0.0,144.8,ASK
125,1712692890.70936,47449898.50517149,136.4,-0.0,144.8,ASK
126,1712692920.467291,47449898.50517149,136.4,-0.0,144.8,ASK
127,1712692950.470342,47449898.50517149,136.4,-0.0,144.8,ASK
128,1712692980.7350495,47449898.50517149,136.4,-0.0,144.8,ASK
129,1712693010.7093718,47449898.50517149,136.4,-0.0,144.8,ASK
130,1712693040.441896,47449898.50517149,136.4,-0.0,144.8,ASK
131,1712693053.9714503,47450633.79928913,136.0,-1.060887964931152e-07,144.8,ASK
132,1712693053.9731398,47452633.79928913,136.2,-2.885615264652292e-07,144.8,ASK
133,1712693053.9790282,47452693.38164366,136.2,-8.596587586884489e-09,144.8,ASK
134,1712693053.9806292,47452793.38164366,136.0,-1.4428076323261462e-08,144.8,ASK
135,1712693053.9822285,47466296.09263249,135.6,-1.948181447177379e-06,144.8,ASK
136,1712693053.983857,47466338.53264405,136.4,-6.123277259610078e-09,144.8,ASK
137,1712693053.98547,47466390.00323228,136.0,-7.426215753797829e-09,144.8,ASK
138,1712693053.9871156,47472333.6458898,135.6,-8.575532990086786e-07,144.8,ASK
139,1712693053.9887428,47473439.02540343,135.7,-1.594849998891318e-07,144.8,ASK
140,1712693070.4859884,47473439.02540343,135.7,-0.0,144.8,ASK
141,1712693079.2569373,47473586.40933858,136.6,2.125487223261076e-08,144.8,BID
142,1712693100.7186496,47473586.40933858,136.6,0.0,144.8,BID
143,1712693130.7473934,47473586.40933858,136.6,0.0,144.8,BID
144,1712693141.1963794,47477254.85164028,136.6,5.290578634252846e-07,144.8,BID
145,1712693141.19909,47477291.46218201,136.6,5.2799235735948915e-09,144.8,BID
146,1712693160.4683974,47477291.46218201,136.6,0.0,144.8,BID
147,1712693190.4499197,47477291.46218201,136.6,0.0,144.8,BID
148,1712693220.7368052,47477291.46218201,136.6,0.0,144.8,BID
149,1712693250.7249832,47477291.46218201,136.6,0.0,144.8,BID
150,1712693280.4588642,47477291.46218201,136.6,0.0,144.8,BID
151,1712693310.475474,47477291.46218201,136.6,0.0,144.8,BID
152,1712693340.7200162,47477291.46218201,136.6,0.0,144.8,BID
153,1712693370.7140195,47477291.46218201,136.6,0.0,144.8,BID
154,1712693400.5061631,47477291.46218201,136.6,0.0,144.8,BID
155,1712693430.4661157,47477291.46218201,136.6,0.0,144.8,BID
156,1712693460.714218,47477291.46218201,136.6,0.0,144.8,BID
157,1712693490.72517,47477291.46218201,136.6,0.0,144.8,BID
158,1712693520.4570885,47477291.46218201,136.6,0.0,144.8,BID
159,1712693550.4750378,47477291.46218201,136.6,0.0,144.8,BID
160,1712693580.6946712,47477291.46218201,136.6,0.0,144.8,BID
161,1712693610.7342165,47477291.46218201,136.6,0.0,144.8,BID
162,1712693640.5258904,47477291.46218201,136.6,0.0,144.8,BID
163,1712693670.4446504,47477291.46218201,136.6,0.0,144.8,BID
164,1712693700.4876688,47477291.46218201,136.6,0.0,144.8,BID
165,1712693730.4623067,47477291.46218201,136.6,0.0,144.8,BID
166,1712693760.7001736,47477291.46218201,136.6,0.0,144.8,BID
167,1712693790.7214212,47477291.46218201,136.6,0.0,144.8,BID
168,1712693820.451953,47477291.46218201,136.6,0.0,144.8,BID
169,1712693850.4655006,47477291.46218201,136.6,0.0,144.8,BID
170,1712693868.840688,47477657.49439284,136.6,-5.280033687778874e-08,144.8,ASK
171,1712693880.7005928,47477657.49439284,136.6,-0.0,144.8,ASK
172,1712693893.6209116,47478175.57653978,136.6,-7.473308026526529e-08,144.8,ASK
173,1712693910.720706,47478175.57653978,136.6,-0.0,144.8,ASK
174,1712693940.4771228,47478175.57653978,136.6,-0.0,144.8,ASK
175,1712693970.458943,47478175.57653978,136.6,-0.0,144.8,ASK
176,1712694000.5033748,47478175.57653978,136.6,-0.0,144.8,ASK
177,1712694030.441702,47478175.57653978,136.6,-0.0,144.8,ASK
178,1712694060.734179,47478175.57653978,136.6,-0.0,144.8,ASK
179,1712694090.7171447,47478175.57653978,136.6,-0.0,144.8,ASK
180,1712694120.4420776,47478175.57653978,136.6,-0.0,144.8,ASK
181,1712694150.481168,47478175.57653978,136.6,-0.0,144.8,ASK
182,1712694180.7095296,47478175.57653978,136.6,-0.0,144.8,ASK
183,1712694210.7307703,47478175.57653978,136.6,-0.0,144.8,ASK
184,1712694240.4502006,47478175.57653978,136.6,-0.0,144.8,ASK
185,1712694270.4485035,47478175.57653978,136.6,-0.0,144.8,ASK
186,1712694285.7787442,47478330.0685929,137.0,2.2317863994389808e-08,144.8,BID
187,1712694285.788519,47478904.66472061,137.2,8.300594089387522e-08,144.8,BID
188,1712694300.7014596,47478904.66472061,137.2,0.0,144.8,BID
189,1712694330.7040415,47478904.66472061,137.2,0.0,144.8,BID
190,1712694360.459973,47478904.66472061,137.2,0.0,144.8,BID
191,1712694390.4627814,47478904.66472061,137.2,0.0,144.8,BID
192,1712694420.7312384,47478904.66472061,137.2,0.0,144.8,BID
193,1712694450.735597,47478904.66472061,137.2,0.0,144.8,BID
194,1712694480.4387257,47478904.66472061,137.2,0.0,144.8,BID
195,1712694510.4379113,47478904.66472061,137.2,0.0,144.8,BID
196,1712694540.473488,47478904.66472061,137.2,0.0,144.8,BID
197,1712694570.4899333,47478904.66472061,137.2,0.0,144.8,BID
198,1712694600.811188,47478904.66472061,137.2,0.0,144.8,BID
199,1712694630.707372,47478904.66472061,137.2,0.0,144.8,BID
200,1712694660.43512,47478904.66472061,137.2,0.0,144.8,BID
201,1712694690.4974632,47478904.66472061,137.2,0.0,144.8,BID
202,1712694692.9476666,47478941.13445073,137.1,5.269468161261586e-09,144.8,BID
203,1712694693.2472236,47478979.06297005,137.1,5.4802468858604255e-09,144.8,BID
204,1712694720.708324,47478979.06297005,137.1,0.0,144.8,BID
205,1712694750.699505,47478979.06297005,137.1,0.0,144.8,BID
206,1712694780.4813623,47478979.06297005,137.1,0.0,144.8,BID
207,1712694799.8781943,47484739.82154045,137.1,8.323639640316601e-07,144.8,BID
208,1712694810.4227388,47484739.82154045,137.1,0.0,144.8,BID
209,1712694840.761742,47484739.82154045,137.1,0.0,144.8,BID
210,1712694870.699099,47484739.82154045,137.1,0.0,144.8,BID
211,1712694893.5890548,47485103.98760017,137.3,5.2611841695467466e-08,144.8,BID
212,1712694900.4648273,47485103.98760017,137.3,0.0,144.8,BID
213,1712694930.4674597,47485103.98760017,137.3,0.0,144.8,BID
214,1712694960.691239,47485103.98760017,137.3,0.0,144.8,BID
215,1712694990.7215493,47485103.98760017,137.3,0.0,144.8,BID
216,1712695020.4423776,47485103.98760017,137.3,0.0,144.8,BID
217,1712695050.4754217,47485103.98760017,137.3,0.0,144.8,BID
218,1712695080.722165,47485103.98760017,137.3,0.0,144.8,BID
219,1712695110.7100737,47485103.98760017,137.3,0.0,144.8,BID
220,1712695122.920419,47487827.87637826,137.3,3.9353229223898e-07,144.8,BID
221,1712695122.9236083,47488196.32137826,137.3,5.323088320652868e-08,144.8,BID
222,1712695122.926859,47488284.65173599,137.3,1.2761478527143566e-08,144.8,BID
223,1712695124.7402153,47488371.92446326,137.5,1.2608677963347232e-08,144.8,BID
224,1712695140.4703033,47488371.92446326,137.5,0.0,144.8,BID
225,1712695170.4449751,47488371.92446326,137.5,0.0,144.8,BID
226,1712695200.4953866,47488371.92446326,137.5,0.0,144.8,BID
227,1712695230.4555173,47488371.92446326,137.5,0.0,144.8,BID
228,1712695260.7009196,47488371.92446326,137.5,0.0,144.8,BID
229,1712695290.712461,47488371.92446326,137.5,0.0,144.8,BID
230,1712695320.4475129,47488371.92446326,137.5,0.0,144.8,BID
231,1712695350.4372332,47488371.92446326,137.5,0.0,144.8,BID
232,1712695380.7036762,47488371.92446326,137.5,0.0,144.8,BID
233,1712695410.7141693,47488371.92446326,137.5,0.0,144.8,BID
234,1712695429.7511313,47488505.74264507,137.5,1.933240920844544e-08,144.8,BID
235,1712695440.4550045,47488505.74264507,137.5,0.0,144.8,BID
236,1712695470.4587183,47488505.74264507,137.5,0.0,144.8,BID
237,1712695500.484794,47488505.74264507,137.5,0.0,144.8,BID
238,1712695530.478192,47488505.74264507,137.5,0.0,144.8,BID
239,1712695560.7156758,47488505.74264507,137.5,0.0,144.8,BID
240,1712695590.7047467,47488505.74264507,137.5,0.0,144.8,BID
241,1712695620.5095892,47488505.74264507,137.5,0.0,144.8,BID
242,1712695650.444455,47488505.74264507,137.5,0.0,144.8,BID
243,1712695657.3832822,47495778.4699178,137.5,1.0508472929283794e-06,144.8,BID
244,1712695657.3866177,47498939.20378773,137.5,4.566991867468269e-07,144.8,BID
245,1712695657.4410188,47499076.83468773,137.5,-1.9886495570078405e-08,144.8,ASK
246,1712695657.548887,47499642.74178773,137.5,-8.176876731147663e-08,144.8,ASK
247,1712695657.5608895,47500473.14888773,137.5,-1.1998676979616918e-07,144.8,ASK
248,1712695680.741737,47500473.14888773,137.5,-0.0,144.8,ASK
249,1712695683.9910758,47503613.63627293,137.5,-4.536658765910701e-07,144.8,ASK
250,1712695710.7041984,47503613.63627293,137.5,-0.0,144.8,ASK
251,1712695713.0912256,47503649.97348223,137.6,5.2488424999438764e-09,144.8,BID
252,1712695718.6714191,47503835.45588223,137.5,-2.679258872346436e-08,144.8,ASK
253,1712695737.8811967,47504199.62194195,137.5,-5.2603112020609424e-08,144.8,ASK
254,1712695738.9010773,47505577.38509525,137.6,1.990153325861785e-07,144.8,BID
255,1712695740.4582074,47505577.38509525,137.6,0.0,144.8,BID
256,1712695770.4756656,47505577.38509525,137.6,0.0,144.8,BID
257,1712695800.5565948,47505577.38509525,137.6,0.0,144.8,BID
258,1712695813.1010969,47507395.03721734,137.5,-2.625823947971821e-07,144.8,ASK
259,1712695830.4476447,47507395.03721734,137.5,-0.0,144.8,ASK
260,1712695860.7137835,47507395.03721734,137.5,-0.0,144.8,ASK
261,1712695890.7144046,47507395.03721734,137.5,-0.0,144.8,ASK
262,1712695920.43839,47507395.03721734,137.5,-0.0,144.8,ASK
263,1712695950.45776,47507395.03721734,137.5,-0.0,144.8,ASK
264,1712695972.2411845,47510575.70135316,137.3,-4.5946979749208043e-07,144.8,ASK
265,1712695980.7341807,47510575.70135316,137.3,-0.0,144.8,ASK
266,1712696010.714712,47510575.70135316,137.3,-0.0,144.8,ASK
267,1712696040.4811838,47510575.70135316,137.3,-0.0,144.8,ASK
268,1712696070.4771533,47510575.70135316,137.3,-0.0,144.8,ASK
269,1712696100.7026625,47510575.70135316,137.3,-0.0,144.8,ASK
270,1712696130.6908734,47510575.70135316,137.3,-0.0,144.8,ASK
271,1712696160.440474,47510575.70135316,137.3,-0.0,144.8,ASK
272,1712696190.456158,47510575.70135316,137.3,-0.0,144.8,ASK
273,1712696220.7017431,47510575.70135316,137.3,-0.0,144.8,ASK
274,1712696250.7218778,47510575.70135316,137.3,-0.0,144.8,ASK
275,1712696280.450604,47510575.70135316,137.3,-0.0,144.8,ASK
276,1712696310.440857,47510575.70135316,137.3,-0.0,144.8,ASK
277,1712696340.7348926,47510575.70135316,137.3,-0.0,144.8,ASK
278,1712696370.713238,47510575.70135316,137.3,-0.0,144.8,ASK
279,1712696400.6105173,47510575.70135316,137.3,-0.0,144.8,ASK
280,1712696430.4634404,47510575.70135316,137.3,-0.0,144.8,ASK
281,1712696433.8204813,47510612.06498952,137.5,5.255800980472157e-09,144.8,BID
282,1712696447.7304084,47512853.90915045,137.6,3.2402388536086057e-07,144.8,BID
283,1712696447.7339823,47517883.16183013,137.5,7.26900657115503e-07,144.8,BID
284,1712696460.7142062,47517883.16183013,137.5,0.0,144.8,BID
285,1712696490.70252,47517883.16183013,137.5,0.0,144.8,BID
286,1712696520.4425478,47517883.16183013,137.5,0.0,144.8,BID
287,1712696542.870962,47524257.54794922,137.3,-9.211850737409172e-07,144.8,ASK
288,1712696550.466816,47524257.54794922,137.3,-0.0,144.8,ASK
289,1712696580.6947093,47524257.54794922,137.3,-0.0,144.8,ASK
290,1712696584.2502007,47534554.30101129,137.1,-1.487832008527702e-06,144.8,ASK
291,1712696588.8801205,47570970.90698362,137.1,-5.262026940043115e-06,144.8,ASK
292,1712696610.7435558,47570970.90698362,137.1,-0.0,144.8,ASK
293,1712696619.0502384,47643493.87317024,137.1,-1.0469536270541582e-05,144.8,ASK
294,1712696640.4258096,47643493.87317024,137.1,-0.0,144.8,ASK
295,1712696670.4457135,47643493.87317024,137.1,-0.0,144.8,ASK
296,1712696681.111874,47647129.42159054,137.1,-5.240815764465852e-07,144.8,ASK
297,1712696700.7142477,47647129.42159054,137.1,-0.0,144.8,ASK
298,1712696730.7198255,47647129.42159054,137.1,-0.0,144.8,ASK
299,1712696760.4619818,47647129.42159054,137.1,-0.0,144.8,ASK
300,1712696790.464048,47647129.42159054,137.1,-0.0,144.8,ASK
301,1712696820.715284,47647129.42159054,137.1,-0.0,144.8,ASK
302,1712696850.6866045,47647129.42159054,137.1,-0.0,144.8,ASK
303,1712696880.4498928,47647129.42159054,137.1,-0.0,144.8,ASK
304,1712696910.481832,47647129.42159054,137.1,-0.0,144.8,ASK
305,1712696940.6991756,47647129.42159054,137.1,-0.0,144.8,ASK
306,1712696956.295316,47651962.69067457,137.1,-6.972260606900568e-07,144.8,ASK
307,1712696970.7292778,47651962.69067457,137.1,-0.0,144.8,ASK
308,1712697000.498985,47651962.69067457,137.1,-0.0,144.8,ASK
309,1712697030.4825554,47651962.69067457,137.1,-0.0,144.8,ASK
310,1712697060.7397776,47651962.69067457,137.1,-0.0,144.8,ASK
311,1712697090.720629,47651962.69067457,137.1,-0.0,144.8,ASK
312,1712697120.4876971,47651962.69067457,137.1,-0.0,144.8,ASK
313,1712697150.4587462,47651962.69067457,137.1,-0.0,144.8,ASK
314,1712697180.7449956,47651962.69067457,137.1,-0.0,144.8,ASK
315,1712697193.1904156,47659238.14151961,137.1,-1.0502367566547516e-06,144.8,ASK
316,1712697210.7398517,47659238.14151961,137.1,-0.0,144.8,ASK
317,1712697221.1595802,47659590.00640349,137.1,-5.07856132385285e-08,144.8,ASK
318,1712697240.4436991,47659590.00640349,137.1,-0.0,144.8,ASK
319,1712697269.4338317,47660822.86193699,137.1,-1.779401447278396e-07,144.8,ASK
320,1712697269.437633,47661168.74085748,137.1,-4.992129531736605e-08,144.8,ASK
321,1712697270.4850817,47661168.74085748,137.1,-0.0,144.8,ASK
322,1712697300.4687614,47661168.74085748,137.1,-0.0,144.8,ASK
323,1712697330.475951,47661168.74085748,137.1,-0.0,144.8,ASK
324,1712697360.7408304,47661168.74085748,137.1,-0.0,144.8,ASK
325,1712697390.7241085,47661168.74085748,137.1,-0.0,144.8,ASK
326,1712697417.901589,47663387.92966696,136.8,-3.2029151933499e-07,144.8,ASK
327,1712697420.4858155,47663387.92966696,136.8,-0.0,144.8,ASK
328,1712697447.161993,47668478.68237794,136.8,-7.34706967538341e-07,144.8,ASK
329,1712697447.165386,47668624.88120834,136.8,-2.109968907075566e-08,144.8,ASK
330,1712697450.4644978,47668624.88120834,136.8,-0.0,144.8,ASK
331,1712697480.714012,47668624.88120834,136.8,-0.0,144.8,ASK
332,1712697510.720046,47668624.88120834,136.8,-0.0,144.8,ASK
333,1712697513.092544,47668990.37828436,136.3,-5.27437692734168e-08,144.8,ASK
334,1712697540.4679246,47668990.37828436,136.3,-0.0,144.8,ASK
335,1712697549.7426057,47671877.02567025,136.7,4.165602932329581e-07,144.8,BID
336,1712697567.0226784,47671927.55526617,136.4,-7.291719589926356e-09,144.8,ASK
337,1712697570.4657702,47671927.55526617,136.4,-0.0,144.8,ASK
338,1712697592.2830956,47672000.7081557,136.7,1.0555783096684653e-08,144.8,BID
339,1712697600.507981,47672000.7081557,136.7,0.0,144.8,BID
340,1712697626.913181,47672310.34144421,136.7,4.472200823080304e-08,144.8,BID
341,1712697630.4708138,47672310.34144421,136.7,0.0,144.8,BID
342,1712697660.5175383,47672310.34144421,136.7,0.0,144.8,BID
343,1712697663.4331648,47672404.47406088,136.7,-1.359599912937259e-08,144.8,ASK
344,1712697690.4660108,47672404.47406088,136.7,-0.0,144.8,ASK
345,1712697720.7238424,47672404.47406088,136.7,-0.0,144.8,ASK
346,1712697750.7397425,47672404.47406088,136.7,-0.0,144.8,ASK
347,1712697765.4305718,47673133.86866335,137.1,1.0534956213823764e-07,144.8,BID
348,1712697780.4847426,47673133.86866335,137.1,0.0,144.8,BID
349,1712697810.4722507,47673133.86866335,137.1,0.0,144.8,BID
350,1712697840.7243557,47673133.86866335,137.1,0.0,144.8,BID
351,1712697842.5744736,47678116.96148423,136.7,-7.197188775315303e-07,144.8,ASK
352,1712697870.7177234,47678116.96148423,136.7,-0.0,144.8,ASK
353,1712697875.3446326,47713127.6142383,136.7,-5.056166872398206e-06,144.8,ASK
354,1712697900.4598548,47713127.6142383,136.7,-0.0,144.8,ASK
355,1712697930.4819903,47713127.6142383,136.7,-0.0,144.8,ASK
356,1712697955.1448538,47751728.61043485,136.7,-5.576105143926311e-06,144.8,ASK
357,1712697960.7111433,47751728.61043485,136.7,-0.0,144.8,ASK
358,1712697963.1749363,47752094.91080115,136.7,-5.287359960628508e-08,144.8,ASK
359,1712697990.7287064,47752094.91080115,136.7,-0.0,144.8,ASK
360,1712698020.4984314,47752094.91080115,136.7,-0.0,144.8,ASK
361,1712698048.6151314,47766079.29110393,136.7,-2.018559763126076e-06,144.8,ASK
362,1712698050.4535532,47766079.29110393,136.7,-0.0,144.8,ASK
363,1712698051.9057355,47766115.76083405,137.1,5.262730298545539e-09,144.8,BID
364,1712698080.7552917,47766115.76083405,137.1,0.0,144.8,BID
365,1712698110.7195048,47766115.76083405,137.1,0.0,144.8,BID
366,1712698111.2752378,47766499.07793405,136.7,-5.5314175721316464e-08,144.8,ASK
367,1712698140.478577,47766499.07793405,136.7,-0.0,144.8,ASK
368,1712698145.875618,47769585.00923405,136.7,-4.453087417615262e-07,144.8,ASK
369,1712698170.4757342,47769585.00923405,136.7,-0.0,144.8,ASK
370,1712698200.604546,47769585.00923405,136.7,-0.0,144.8,ASK
371,1712698230.4658532,47769585.00923405,136.7,-0.0,144.8,ASK
372,1712698260.7057648,47769585.00923405,136.7,-0.0,144.8,ASK
373,1712698290.7400668,47769585.00923405,136.7,-0.0,144.8,ASK
374,1712698320.4814446,47769585.00923405,136.7,-0.0,144.8,ASK
375,1712698350.4813318,47769585.00923405,136.7,-0.0,144.8,ASK
376,1712698380.509803,47769585.00923405,136.7,-0.0,144.8,ASK
377,1712698410.481009,47769585.00923405,136.7,-0.0,144.8,ASK
378,1712698440.7434993,47769585.00923405,136.7,-0.0,144.8,ASK
379,1712698470.706367,47769585.00923405,136.7,-0.0,144.8,ASK
380,1712698500.508947,47769585.00923405,136.7,-0.0,144.8,ASK
381,1712698530.4820178,47769585.00923405,136.7,-0.0,144.8,ASK
382,1712698560.706514,47769585.00923405,136.7,-0.0,144.8,ASK
383,1712698590.7266855,47769585.00923405,136.7,-0.0,144.8,ASK
384,1712698620.4903862,47769585.00923405,136.7,-0.0,144.8,ASK
385,1712698650.5050762,47769585.00923405,136.7,-0.0,144.8,ASK
386,1712698658.5368164,47776529.45367849,136.7,-1.0021579005787095e-06,144.8,ASK
387,1712698680.7270603,47776529.45367849,136.7,-0.0,144.8,ASK
388,1712698710.7068946,47776529.45367849,136.7,-0.0,144.8,ASK
389,1712698740.447001,47776529.45367849,136.7,-0.0,144.8,ASK
390,1712698763.097189,47777988.24288344,137.1,2.104901102011139e-07,144.8,BID
391,1712698770.4671166,47777988.24288344,137.1,0.0,144.8,BID
392,1712698800.485466,47777988.24288344,137.1,0.0,144.8,BID
393,1712698830.485926,47777988.24288344,137.1,0.0,144.8,BID
394,1712698860.7350547,47777988.24288344,137.1,0.0,144.8,BID
395,1712698890.729279,47777988.24288344,137.1,0.0,144.8,BID
396,1712698906.584021,47779760.3023268,137.1,2.558115240750934e-07,144.8,BID
397,1712698920.4876032,47779760.3023268,137.1,0.0,144.8,BID
398,1712698950.4776044,47779760.3023268,137.1,0.0,144.8,BID
399,1712698958.8629732,47781950.0833487,137.1,-3.1610202310072906e-07,144.8,ASK
400,1712698980.722587,47781950.0833487,137.1,-0.0,144.8,ASK
401,1712698987.2026684,47782449.45617099,137.1,-7.20829695609395e-08,144.8,ASK
402,1712699010.7120256,47782449.45617099,137.1,-0.0,144.8,ASK
403,1712699040.4498856,47782449.45617099,137.1,-0.0,144.8,ASK
404,1712699070.4973867,47782449.45617099,137.1,-0.0,144.8,ASK
405,1712699100.49115,47782449.45617099,137.1,-0.0,144.8,ASK
406,1712699109.4908884,47783178.85077346,137.5,1.052859459916206e-07,144.8,BID
407,1712699129.1205149,47783469.75986436,137.5,4.1991863840412586e-08,144.8,BID
408,1712699130.4624765,47783469.75986436,137.5,0.0,144.8,BID
409,1712699160.7200754,47783469.75986436,137.5,0.0,144.8,BID
410,1712699190.7394075,47783469.75986436,137.5,0.0,144.8,BID
411,1712699220.4733455,47783469.75986436,137.5,0.0,144.8,BID
412,1712699250.4530385,47783469.75986436,137.5,0.0,144.8,BID
413,1712699280.7182388,47783469.75986436,137.5,0.0,144.8,BID
414,1712699310.7379944,47783469.75986436,137.5,0.0,144.8,BID
415,1712699340.4708114,47783469.75986436,137.5,0.0,144.8,BID
416,1712699370.4821007,47783469.75986436,137.5,0.0,144.8,BID
417,1712699400.5302854,47783469.75986436,137.5,0.0,144.8,BID
418,1712699430.4601612,47783469.75986436,137.5,0.0,144.8,BID
419,1712699460.71675,47783469.75986436,137.5,0.0,144.8,BID
420,1712699490.7164068,47783469.75986436,137.5,0.0,144.8,BID
421,1712699520.4894717,47783469.75986436,137.5,0.0,144.8,BID
422,1712699550.456983,47783469.75986436,137.5,0.0,144.8,BID
423,1712699572.7957125,47783542.48713708,137.5,1.0498161108046849e-08,144.8,BID
424,1712699580.6858325,47783542.48713708,137.5,0.0,144.8,BID
425,1712699610.704172,47783542.48713708,137.5,0.0,144.8,BID
426,1712699640.4612212,47783542.48713708,137.5,0.0,144.8,BID
427,1712699670.4656374,47783542.48713708,137.5,0.0,144.8,BID
428,1712699700.4780064,47783542.48713708,137.5,0.0,144.8,BID
429,1712699714.2349975,47783607.56213708,137.5,9.394788577615521e-09,144.8,BID
430,1712699714.239587,47788709.47276531,137.5,7.365558462068305e-07,144.8,BID
431,1712699714.3348324,47790606.16257208,137.5,-2.738225083530779e-07,144.8,ASK
432,1712699730.4959228,47790606.16257208,137.5,-0.0,144.8,ASK
433,1712699760.5343966,47790606.16257208,137.5,-0.0,144.8,ASK
434,1712699790.458913,47790606.16257208,137.5,-0.0,144.8,ASK
435,1712699820.6951263,47790606.16257208,137.5,-0.0,144.8,ASK
436,1712699850.7041805,47790606.16257208,137.5,-0.0,144.8,ASK
437,1712699864.1241696,47791317.40012542,137.2,-1.026659952580156e-07,144.8,ASK
438,1712699880.479658,47791317.40012542,137.2,-0.0,144.8,ASK
439,1712699910.4677312,47791317.40012542,137.2,-0.0,144.8,ASK
440,1712699940.7173045,47791317.40012542,137.2,-0.0,144.8,ASK
441,1712699970.7239742,47791317.40012542,137.2,-0.0,144.8,ASK
442,1712700000.5497167,47791317.40012542,137.2,-0.0,144.8,ASK
443,1712700030.5251255,47791317.40012542,137.2,-0.0,144.8,ASK
444,1712700034.2137537,47791390.23333736,137.2,-1.0515102903277298e-08,144.8,ASK
445,1712700060.6999345,47791390.23333736,137.2,-0.0,144.8,ASK
446,1712700090.7142444,47791390.23333736,137.2,-0.0,144.8,ASK
447,1712700120.4442964,47791390.23333736,137.2,-0.0,144.8,ASK
448,1712700135.5035238,47791390.28642279,137.2,-7.664058117113974e-12,144.8,ASK
449,1712700135.5086985,47791608.94531491,137.2,-3.1568255376862865e-08,144.8,ASK
450,1712700150.454393,47791608.94531491,137.2,-0.0,144.8,ASK
451,1712700180.70324,47791608.94531491,137.2,-0.0,144.8,ASK
452,1712700188.3062265,47792338.33991738,137.1,-1.0530381411139693e-07,144.8,ASK
453,1712700188.308263,47797444.10213473,137.1,-7.371266987883837e-07,144.8,ASK
454,1712700188.310162,47807570.78089676,137.1,-1.462004098072181e-06,144.8,ASK
455,1712700207.225166,47822958.28570045,137.0,-2.2215175982908948e-06,144.8,ASK
456,1712700210.7536604,47822958.28570045,137.0,-0.0,144.8,ASK
457,1712700240.474102,47822958.28570045,137.0,-0.0,144.8,ASK
458,1712700270.452633,47822958.28570045,137.0,-0.0,144.8,ASK
459,1712700300.6935306,47822958.28570045,137.0,-0.0,144.8,ASK
460,1712700330.7027886,47822958.28570045,137.0,-0.0,144.8,ASK
461,1712700358.8025036,47823140.10388226,137.5,2.6236502356485e-08,144.8,BID
462,1712700360.479908,47823140.10388226,137.5,0.0,144.8,BID
463,1712700390.469869,47823140.10388226,137.5,0.0,144.8,BID
464,1712700420.0675623,47823921.44499014,137.5,1.1274771126382773e-07,144.8,BID
465,1712700420.0708945,47824140.10388226,137.5,3.155253113526341e-08,144.8,BID
466,1712700420.6928492,47824140.10388226,137.5,0.0,144.8,BID
467,1712700450.743873,47824140.10388226,137.5,0.0,144.8,BID
468,1712700480.4554346,47824140.10388226,137.5,0.0,144.8,BID
469,1712700510.4808428,47824140.10388226,137.5,0.0,144.8,BID
470,1712700540.7292826,47824140.10388226,137.5,0.0,144.8,BID
471,1712700541.248484,47824212.83115498,137.5,-1.0494354860929246e-08,144.8,ASK
472,1712700544.1356244,47824262.83115498,137.1,-7.214868967695181e-09,144.8,ASK
473,1712700570.7420151,47824262.83115498,137.1,-0.0,144.8,ASK
474,1712700600.4708014,47824262.83115498,137.1,-0.0,144.8,ASK
475,1712700630.4523382,47824262.83115498,137.1,-0.0,144.8,ASK
476,1712700660.7023883,47824262.83115498,137.1,-0.0,144.8,ASK
477,1712700678.4647317,47827909.80416738,137.0,-5.267555292899524e-07,144.8,ASK
478,1712700690.706807,47827909.80416738,137.0,-0.0,144.8,ASK
479,1712700720.4732077,47827909.80416738,137.0,-0.0,144.8,ASK
480,1712700750.46486,47827909.80416738,137.0,-0.0,144.8,ASK
481,1712700765.3416438,47829902.53490865,137.6,2.878020175682706e-07,144.8,BID
482,1712700769.7017417,47832891.13229237,137.6,4.316309970630406e-07,144.8,BID
483,1712700780.7315288,47832891.13229237,137.6,0.0,144.8,BID
484,1712700810.723389,47832891.13229237,137.6,0.0,144.8,BID
485,1712700840.4916956,47832891.13229237,137.6,0.0,144.8,BID
486,1712700856.591711,47832935.21979237,137.6,6.3667485177546e-09,144.8,BID
487,1712700856.5961647,47834927.8779319,137.6,2.8776304518307845e-07,144.8,BID
488,1712700870.4446433,47834927.8779319,137.6,0.0,144.8,BID
489,1712700900.508692,47834927.8779319,137.6,0.0,144.8,BID
490,1712700930.4526937,47834927.8779319,137.6,0.0,144.8,BID
491,1712700960.7029886,47834927.8779319,137.6,0.0,144.8,BID
492,1712700969.382578,47848840.22840426,137.6,2.0147146595461544e-06,144.8,BID
493,1712700969.3865626,47849752.19531339,137.6,1.3206633232006598e-07,144.8,BID
494,1712700969.5420506,47853248.40516828,137.6,-5.063030335166747e-07,144.8,ASK
495,1712700990.73222,47853248.40516828,137.6,-0.0,144.8,ASK
496,1712701020.4927473,47853248.40516828,137.6,-0.0,144.8,ASK
497,1712701050.456537,47853248.40516828,137.6,-0.0,144.8,ASK
498,1712701080.743499,47853248.40516828,137.6,-0.0,144.8,ASK
499,1712701110.7143433,47853248.40516828,137.6,-0.0,144.8,ASK
500,1712701140.4894123,47853248.40516828,137.6,-0.0,144.8,ASK
501,1712701170.4740794,47853248.40516828,137.6,-0.0,144.8,ASK
502,1712701176.222803,47853611.7772613,137.6,5.26024643573133e-08,144.8,BID
503,1712701200.4837773,47853611.7772613,137.6,0.0,144.8,BID
504,1712701230.4793544,47853611.7772613,137.6,0.0,144.8,BID
505,1712701260.7080834,47853611.7772613,137.6,0.0,144.8,BID
506,1712701290.734681,47853611.7772613,137.6,0.0,144.8,BID
507,1712701320.4808216,47853611.7772613,137.6,0.0,144.8,BID
508,1712701334.893166,47854111.7772613,137.6,7.283618744786513e-08,144.8,BID
509,1712701342.7232416,47856292.00981943,137.6,3.175996545679678e-07,144.8,BID
510,1712701350.4904823,47856292.00981943,137.6,0.0,144.8,BID
511,1712701380.7434063,47856292.00981943,137.6,0.0,144.8,BID
512,1712701410.735287,47856292.00981943,137.6,0.0,144.8,BID
513,1712701440.4756532,47856292.00981943,137.6,0.0,144.8,BID
514,1712701470.4757502,47856292.00981943,137.6,0.0,144.8,BID
515,1712701500.7144797,47856292.00981943,137.6,0.0,144.8,BID
516,1712701530.7149944,47856292.00981943,137.6,0.0,144.8,BID
517,1712701540.03355,47875464.70014286,137.5,2.793172655417417e-06,144.8,BID
518,1712701555.1256104,47918603.25337058,137.5,-6.2846384746908176e-06,144.8,ASK
519,1712701555.2728376,47923441.48962498,137.5,-7.048582634075992e-07,144.8,ASK
520,1712701557.0335486,47923804.861718,137.2,-5.2937849454037693e-08,144.8,ASK
521,1712701560.48779,47923804.861718,137.2,-0.0,144.8,ASK
522,1712701590.4749866,47923804.861718,137.2,-0.0,144.8,ASK
523,1712701620.6952052,47923804.861718,137.2,-0.0,144.8,ASK
524,1712701650.7346392,47923804.861718,137.2,-0.0,144.8,ASK
525,1712701680.4881449,47923804.861718,137.2,-0.0,144.8,ASK
526,1712701710.501561,47923804.861718,137.2,-0.0,144.8,ASK
527,1712701740.7251422,47923804.861718,137.2,-0.0,144.8,ASK
528,1712701759.8641129,47928990.04690319,137.2,-7.543832921393362e-07,144.8,ASK
529,1712701770.7236354,47928990.04690319,137.2,-0.0,144.8,ASK
530,1712701800.5347006,47928990.04690319,137.2,-0.0,144.8,ASK
531,1712701830.4651594,47928990.04690319,137.2,-0.0,144.8,ASK
532,1712701860.7551222,47928990.04690319,137.2,-0.0,144.8,ASK
533,1712701890.7051158,47928990.04690319,137.2,-0.0,144.8,ASK
534,1712701920.48527,47928990.04690319,137.2,-0.0,144.8,ASK
535,1712701950.4768944,47928990.04690319,137.2,-0.0,144.8,ASK
536,1712701980.453286,47928990.04690319,137.2,-0.0,144.8,ASK
537,1712702010.4653752,47928990.04690319,137.2,-0.0,144.8,ASK
538,1712702022.203636,47929062.77417591,137.5,1.0580721609950665e-08,144.8,BID
539,1712702040.7052488,47929062.77417591,137.5,0.0,144.8,BID
540,1712702070.7335944,47929062.77417591,137.5,0.0,144.8,BID
541,1712702090.8337317,47930600.31781227,137.5,2.2368909080879425e-07,144.8,BID
542,1712702100.4928458,47930600.31781227,137.5,0.0,144.8,BID
543,1712702125.1882398,47938973.23986248,136.7,-1.218933895113751e-06,144.8,ASK
544,1712702125.1905327,47956515.20681595,137.0,-2.553767726288657e-06,144.8,ASK
545,1712702125.1927185,48032502.74914981,137.1,-1.1062301834618069e-05,144.8,ASK
546,1712702125.194873,48034692.5301717,137.0,-3.1878934193540866e-07,144.8,ASK
547,1712702125.1970427,48043743.97289349,137.2,-1.317713250775876e-06,144.8,ASK
548,1712702125.1991973,48043887.48308423,137.0,-2.089228046535565e-08,144.8,ASK
549,1712702130.464316,48043887.48308423,137.0,-0.0,144.8,ASK
550,1712702160.7365334,48043887.48308423,137.0,-0.0,144.8,ASK
551,1712702190.6964126,48043887.48308423,137.0,-0.0,144.8,ASK
552,1712702220.4839604,48043887.48308423,137.0,-0.0,144.8,ASK
553,1712702250.4790816,48043887.48308423,137.0,-0.0,144.8,ASK
554,1712702280.7154489,48043887.48308423,137.0,-0.0,144.8,ASK
555,1712702310.7159157,48043887.48308423,137.0,-0.0,144.8,ASK
556,1712702340.5022466,48043887.48308423,137.0,-0.0,144.8,ASK
557,1712702370.4799938,48043887.48308423,137.0,-0.0,144.8,ASK
558,1712702400.5159338,48043887.48308423,137.0,-0.0,144.8,ASK
559,1712702430.4354692,48043887.48308423,137.0,-0.0,144.8,ASK
560,1712702460.723847,48043887.48308423,137.0,-0.0,144.8,ASK
561,1712702465.2537508,48044614.7558115,137.5,1.0567449507015101e-07,144.8,BID
562,1712702466.2835677,48044651.7558115,137.5,5.376189936744002e-09,144.8,BID
563,1712702470.21401,48044688.7558115,137.5,5.376189936744002e-09,144.8,BID
564,1712702472.2839077,48044725.7558115,137.5,5.376189936744002e-09,144.8,BID
565,1712702473.7034388,48044762.7558115,137.5,5.376189936744002e-09,144.8,BID
566,1712702475.0535722,48044799.7558115,137.5,5.376189936744002e-09,144.8,BID
567,1712702476.4536052,48044836.7558115,137.5,5.376189936744002e-09,144.8,BID
568,1712702477.9437122,48044873.7558115,137.5,5.376189936744002e-09,144.8,BID
569,1712702479.230246,48044910.7558115,137.5,5.376189936744002e-09,144.8,BID
570,1712702480.6539462,48044947.7558115,137.5,5.376189936744002e-09,144.8,BID
571,1712702482.193798,48044984.7558115,137.5,5.376189936744002e-09,144.8,BID
572,1712702483.6638775,48045021.7558115,137.5,5.376189936744002e-09,144.8,BID
573,1712702489.42357,48045058.7558115,137.5,5.376189936744002e-09,144.8,BID
574,1712702490.706082,48045058.7558115,137.5,0.0,144.8,BID
575,1712702520.4826896,48045058.7558115,137.5,0.0,144.8,BID
576,1712702550.4657626,48045058.7558115,137.5,0.0,144.8,BID
577,1712702559.263991,48045095.11944786,137.5,5.283601111646651e-09,144.8,BID
578,1712702580.7369285,48045095.11944786,137.5,0.0,144.8,BID
579,1712702610.7157004,48045095.11944786,137.5,0.0,144.8,BID
580,1712702640.445683,48045095.11944786,137.5,0.0,144.8,BID
581,1712702670.4842722,48045095.11944786,137.5,0.0,144.8,BID
582,1712702700.5332518,48045095.11944786,137.5,0.0,144.8,BID
583,1712702718.4941795,48045162.18852901,137.5,9.776201062457604e-09,144.8,BID
584,1712702718.5033848,48049708.05150666,137.5,6.626193427719009e-07,144.8,BID
585,1712702718.573576,48052525.75322188,137.5,-4.107170998865785e-07,144.8,ASK
586,1712702727.943762,48053114.85322188,137.5,-8.586907628909336e-08,144.8,ASK
587,1712702730.5307038,48053114.85322188,137.5,-0.0,144.8,ASK
588,1712702760.7218971,48053114.85322188,137.5,-0.0,144.8,ASK
589,1712702790.7250216,48053114.85322188,137.5,-0.0,144.8,ASK
590,1712702820.4498088,48053114.85322188,137.5,-0.0,144.8,ASK
591,1712702835.4747963,48053445.1004946,137.5,4.8130149144184264e-08,144.8,BID
592,1712702850.46678,48053445.1004946,137.5,0.0,144.8,BID
593,1712702870.743742,48053775.34776732,137.1,-4.81298306259944e-08,144.8,ASK
594,1712702880.7161078,48053775.34776732,137.1,-0.0,144.8,ASK
595,1712702910.7170856,48053775.34776732,137.1,-0.0,144.8,ASK
596,1712702922.1148815,48058393.37034217,137.1,-6.730204791595084e-07,144.8,ASK
597,1712702922.1203382,48069897.13622529,137.1,-1.6765336031401418e-06,144.8,ASK
598,1712702940.503178,48069897.13622529,137.1,-0.0,144.8,ASK
599,1712702970.4891334,48069897.13622529,137.1,-0.0,144.8,ASK
600,1712702977.51556,48070007.13622529,137.1,-1.602599632895875e-08,144.8,ASK
601,1712702989.7661264,48070997.13622529,137.1,-1.442339669606288e-07,144.8,ASK
602,1712703000.5222714,48070997.13622529,137.1,-0.0,144.8,ASK
603,1712703030.484767,48070997.13622529,137.1,-0.0,144.8,ASK
604,1712703060.682755,48070997.13622529,137.1,-0.0,144.8,ASK
605,1712703090.719096,48070997.13622529,137.1,-0.0,144.8,ASK
606,1712703120.4866984,48070997.13622529,137.1,-0.0,144.8,ASK
607,1712703150.46073,48070997.13622529,137.1,-0.0,144.8,ASK
608,1712703180.7017586,48070997.13622529,137.1,-0.0,144.8,ASK
609,1712703192.6794634,48071586.23622529,137.1,-8.584218082868862e-08,144.8,ASK
610,1712703210.7291694,48071586.23622529,137.1,-0.0,144.8,ASK
611,1712703237.889895,48071622.59986165,137.5,5.298755917798703e-09,144.8,BID
612,1712703240.476972,48071622.59986165,137.5,0.0,144.8,BID
613,1712703270.4979591,48071622.59986165,137.5,0.0,144.8,BID
614,1712703294.4692814,48071695.32713437,137.5,1.0597504114479104e-08,144.8,BID
615,1712703300.6932,48071695.32713437,137.5,0.0,144.8,BID
616,1712703330.7530837,48071695.32713437,137.5,0.0,144.8,BID
617,1712703360.518175,48071695.32713437,137.5,0.0,144.8,BID
618,1712703390.4963784,48071695.32713437,137.5,0.0,144.8,BID
619,1712703420.463941,48071695.32713437,137.5,0.0,144.8,BID
620,1712703450.4582858,48071695.32713437,137.5,0.0,144.8,BID
621,1712703480.745452,48071695.32713437,137.5,0.0,144.8,BID
622,1712703510.725162,48071695.32713437,137.5,0.0,144.8,BID
623,1712703540.5149286,48071695.32713437,137.5,0.0,144.8,BID
624,1712703570.439775,48071695.32713437,137.5,0.0,144.8,BID
625,1712703600.6856194,48071695.32713437,137.5,0.0,144.8,BID
626,1712703630.4837985,48071695.32713437,137.5,0.0,144.8,BID
627,1712703660.6863074,48071695.32713437,137.5,0.0,144.8,BID
628,1712703674.5336509,48071890.33247858,137.7,2.8503912543266643e-08,144.8,BID
629,1712703674.5386565,48072248.06643963,137.5,5.2289938927601054e-08,144.8,BID
630,1712703674.542641,48073511.38775014,137.7,1.846595553286047e-07,144.8,BID
631,1712703690.7172587,48073511.38775014,137.7,0.0,144.8,BID
632,1712703720.4762828,48073511.38775014,137.7,0.0,144.8,BID
633,1712703750.4772103,48073511.38775014,137.7,0.0,144.8,BID
634,1712703780.715834,48073511.38775014,137.7,0.0,144.8,BID
635,1712703783.7441263,48073728.35260177,137.6,3.1712572789103646e-08,144.8,BID
636,1712703810.725485,48073728.35260177,137.6,0.0,144.8,BID
637,1712703840.5135024,48073728.35260177,137.6,0.0,144.8,BID
638,1712703867.084671,48080995.79446224,137.6,1.062237830605188e-06,144.8,BID
639,1712703870.4823325,48080995.79446224,137.6,0.0,144.8,BID
640,1712703886.4849637,48081859.20434774,137.6,1.2618093507109456e-07,144.8,BID
641,1712703886.4919004,48083720.63094479,137.6,2.720336569313654e-07,144.8,BID
642,1712703900.7507577,48083720.63094479,137.6,0.0,144.8,BID
643,1712703912.314866,48084422.81967211,137.1,-1.026529554202749e-07,144.8,ASK
644,1712703921.845018,48084481.98326912,137.1,-8.649125014530879e-09,144.8,ASK
645,1712703930.7331746,48084481.98326912,137.1,-0.0,144.8,ASK
646,1712703938.6074626,48085108.36681039,137.1,-9.156959954321208e-08,144.8,ASK
647,1712703938.6155884,48085181.30627063,137.1,-1.0662855463202733e-08,144.8,ASK
648,1712703960.4882023,48085181.30627063,137.1,-0.0,144.8,ASK
649,1712703990.4539754,48085181.30627063,137.1,-0.0,144.8,ASK
650,1712704014.6553252,48085219.23478995,137.1,-5.544607127048289e-09,144.8,ASK
651,1712704020.698432,48085219.23478995,137.1,-0.0,144.8,ASK
652,1712704050.7119362,48085219.23478995,137.1,-0.0,144.8,ASK
653,1712704080.484788,48085219.23478995,137.1,-0.0,144.8,ASK
654,1712704090.5757308,48085255.57199925,137.6,5.311976320100936e-09,144.8,BID
655,1712704099.7057958,48085305.57199925,137.0,-7.309279417086248e-09,144.8,ASK
656,1712704109.155843,48092551.19426111,137.0,-1.0592055532518276e-06,144.8,ASK
657,1712704109.161256,48092601.19426111,137.0,-7.309279417086248e-09,144.8,ASK
658,1712704110.5008376,48092601.19426111,137.0,-0.0,144.8,ASK
659,1712704140.5642717,48092601.19426111,137.0,-0.0,144.8,ASK
660,1712704170.494985,48092601.19426111,137.0,-0.0,144.8,ASK
661,1712704200.535225,48092601.19426111,137.0,-0.0,144.8,ASK
662,1712704213.3002186,48095137.19597018,137.0,3.709245061534916e-07,144.8,BID
663,1712704214.0685298,48095839.3846975,136.9,-1.027045865057126e-07,144.8,ASK
664,1712704214.1662333,48097279.0140975,136.9,-2.1056524620231297e-07,144.8,ASK
665,1712704214.1940818,48098260.0947975,136.9,-1.434963047714854e-07,144.8,ASK
666,1712704223.656102,48098319.25839452,136.9,-8.653475243149472e-09,144.8,ASK
667,1712704225.5063052,48114737.19597018,136.9,-2.401345143238424e-06,144.8,ASK
668,1712704230.524435,48114737.19597018,136.9,-0.0,144.8,ASK
669,1712704235.5362697,48114784.71059006,136.8,-6.9465757272885326e-09,144.8,ASK
670,1712704260.7092535,48114784.71059006,136.8,-0.0,144.8,ASK
671,1712704290.6364064,48115004.00883567,136.8,3.2061088276715175e-08,144.8,BID
672,1712704290.7202604,48115004.00883567,136.8,0.0,144.8,BID
673,1712704320.472115,48115004.00883567,136.8,0.0,144.8,BID
674,1712704350.5081062,48115004.00883567,136.8,0.0,144.8,BID
675,1712704380.7409515,48115004.00883567,136.8,0.0,144.8,BID
676,1712704388.2914908,48222326.87421267,136.7,-1.5690379828497627e-05,144.8,ASK
677,1712704388.300248,48222400.0271022,136.7,-1.069480038873126e-08,144.8,ASK
678,1712704399.1276045,48223162.57596216,136.3,-1.114830582332356e-07,144.8,ASK
679,1712704399.1320894,48233426.50558093,136.4,-1.50056517486501e-06,144.8,ASK
680,1712704399.135841,48240670.69739264,136.4,-1.05908578453401e-06,144.8,ASK
681,1712704410.7986364,48240670.69739264,136.4,-0.0,144.8,ASK
682,1712704440.516261,48240670.69739264,136.4,-0.0,144.8,ASK
683,1712704470.493233,48240670.69739264,136.4,-0.0,144.8,ASK
684,1712704500.534758,48240670.69739264,136.4,-0.0,144.8,ASK
685,1712704513.657823,48241372.88611997,136.3,-1.027254834332184e-07,144.8,ASK
686,1712704515.1480105,48241558.69807011,136.4,-2.7183037355838152e-08,144.8,ASK
687,1712704515.1539292,48247065.22056013,136.3,-8.055671684978381e-07,144.8,ASK
688,1712704515.1585617,48247800.51467777,136.0,-1.0756857915880312e-07,144.8,ASK
689,1712704515.1629553,48248537.43435352,135.7,-1.0780638736729369e-07,144.8,ASK
690,1712704515.167168,48261504.75830559,135.7,-1.897032193726993e-06,144.8,ASK
691,1712704515.1696668,48261550.31879753,136.3,-6.665193242281018e-09,144.8,ASK
692,1712704515.1721883,48263019.82651244,136.1,-2.149790854631277e-07,144.8,ASK
693,1712704515.1749623,48264299.5474767,135.8,-1.87214561552072e-07,144.8,ASK
694,1712704518.6371665,48264358.71107372,135.7,-8.655235934093757e-09,144.8,ASK
695,1712704530.5010288,48264358.71107372,135.7,-0.0,144.8,ASK
696,1712704558.5413792,48264399.24165589,135.7,-5.926560137504958e-09,144.8,ASK
697,1712704560.7112107,48264399.24165589,135.7,-0.0,144.8,ASK
698,1712704590.7408535,48264399.24165589,135.7,-0.0,144.8,ASK
699,1712704617.3076217,48264405.87067372,135.7,-9.693233878561422e-10,144.8,ASK
700,1712704617.3135056,48264732.59165589,135.7,-4.7774541786086914e-08,144.8,ASK
701,1712704620.478346,48264732.59165589,135.7,-0.0,144.8,ASK
702,1712704650.4886096,48264732.59165589,135.7,-0.0,144.8,ASK
703,1712704680.727609,48264732.59165589,135.7,-0.0,144.8,ASK
704,1712704710.7276888,48264732.59165589,135.7,-0.0,144.8,ASK
705,1712704729.947619,48292991.83279064,135.7,-4.132159977731954e-06,144.8,ASK
706,1712704740.447741,48292991.83279064,135.7,-0.0,144.8,ASK
707,1712704770.486291,48292991.83279064,135.7,-0.0,144.8,ASK
708,1712704800.5005643,48292991.83279064,135.7,-0.0,144.8,ASK
709,1712704808.8378415,48293694.02151796,135.7,-1.0266359442761689e-07,144.8,ASK
710,1712704812.718033,48307783.50489776,135.7,-2.0599547545006644e-06,144.8,ASK
711,1712704812.7238724,48310171.1138177,135.7,-3.490806734314479e-07,144.8,ASK
712,1712704817.367809,48310230.27741472,135.7,-8.650021415574333e-09,144.8,ASK
713,1712704830.47235,48310230.27741472,135.7,-0.0,144.8,ASK
714,1712704860.7385137,48310230.27741472,135.7,-0.0,144.8,ASK
715,1712704890.7480536,48310230.27741472,135.7,-0.0,144.8,ASK
716,1712704894.418035,48318178.17243955,135.7,-1.1616257391312576e-06,144.8,ASK
717,1712704894.4287474,48319113.09874757,135.7,-1.366442888570788e-07,144.8,ASK
718,1712704894.43374,48319260.59137293,135.6,-2.155680584840604e-08,144.8,ASK
719,1712704894.4381337,48319326.95835892,135.7,-9.699876371730649e-09,144.8,ASK
720,1712704894.442565,48319426.95835892,135.6,-1.4615514365770296e-08,144.8,ASK
721,1712704894.4455426,48319584.46757041,135.7,-2.302078143245012e-08,144.8,ASK
722,1712704894.4481328,48326303.79726746,135.5,-9.82064597155835e-07,144.8,ASK
723,1712704894.450678,48327672.35962468,135.6,-2.00022427923586e-07,144.8,ASK
724,1712704894.453262,48327772.35962468,135.4,-1.4615514365770296e-08,144.8,ASK
725,1712704894.455881,48327846.10593736,135.6,-1.0778402924747489e-08,144.8,ASK
726,1712704894.4584632,48327993.70741337,135.5,-2.15727149297766e-08,144.8,ASK
727,1712704894.4610806,48328362.27253478,135.4,-5.386768826723012e-08,144.8,ASK
728,1712704894.4637227,48329838.28729492,135.5,-2.157271493086554e-07,144.8,ASK
729,1712704894.46635,48334383.33899358,135.4,-6.642826839496814e-07,144.8,ASK
730,1712704894.5783691,48337453.84570873,135.4,4.487703500544981e-07,144.8,BID
731,1712704895.731734,48340763.94932121,135.4,4.837886690042683e-07,144.8,BID
732,1712704900.108239,48350247.53003174,135.4,1.386074101136974e-06,144.8,BID
733,1712704909.5854256,48350321.0594435,136.0,1.0746701739280762e-08,144.8,BID
734,1712704920.4996412,48350321.0594435,136.0,0.0,144.8,BID
735,1712704921.168101,48381794.12396525,135.4,-4.59630103397595e-06,144.8,ASK
736,1712704950.4730225,48381794.12396525,135.4,-0.0,144.8,ASK
737,1712704974.2680037,48382193.87960268,136.0,5.83436822721364e-08,144.8,BID
738,1712704974.270828,48382235.30043584,136.0,6.045302938178991e-09,144.8,BID
739,1712704980.7504947,48382235.30043584,136.0,0.0,144.8,BID
740,1712705010.7718506,48382235.30043584,136.0,0.0,144.8,BID
741,1712705032.1459217,48382475.26279318,136.0,3.5021807387119463e-08,144.8,BID
742,1712705032.1527412,48385381.58219318,136.0,4.2416885447993574e-07,144.8,BID
743,1712705032.290809,48385911.77102407,136.0,-7.737951618695204e-08,144.8,ASK
744,1712705040.4878185,48385911.77102407,136.0,-0.0,144.8,ASK
745,1712705070.4735217,48385911.77102407,136.0,-0.0,144.8,ASK
746,1712705100.743885,48385911.77102407,136.0,-0.0,144.8,ASK
747,1712705105.7209108,48386205.2413102,136.3,4.284085964026207e-08,144.8,BID
748,1712705111.693974,48386264.40490722,135.7,-8.636715454423538e-09,144.8,ASK
749,1712705112.683796,48386557.87519335,135.7,-4.284085964026207e-08,144.8,ASK
750,1712705130.7432518,48386557.87519335,135.7,-0.0,144.8,ASK
751,1712705160.4754891,48386557.87519335,135.7,-0.0,144.8,ASK
752,1712705190.4956217,48386557.87519335,135.7,-0.0,144.8,ASK
753,1712705220.7021594,48386557.87519335,135.7,-0.0,144.8,ASK
754,1712705234.212645,48386905.31716869,135.7,-5.0719008745840656e-08,144.8,ASK
755,1712705250.726927,48386905.31716869,135.7,-0.0,144.8,ASK
756,1712705280.4614313,48386905.31716869,135.7,-0.0,144.8,ASK
757,1712705310.4650683,48386905.31716869,135.7,-0.0,144.8,ASK
758,1712705340.7004848,48386905.31716869,135.7,-0.0,144.8,ASK
759,1712705353.4500587,48387003.36524493,135.7,-1.4312798577284126e-08,144.8,ASK
760,1712705353.4633598,48387069.68801574,135.7,-9.681622485508524e-09,144.8,ASK
761,1712705353.4660263,48387807.15114258,135.6,-1.0765291474604344e-07,144.8,ASK
762,1712705353.4687042,48388220.50508321,135.6,-6.03403138550827e-08,144.8,ASK
763,1712705353.471398,48391905.31716869,135.7,-5.378991123122761e-07,144.8,ASK
764,1712705370.712181,48391905.31716869,135.7,-0.0,144.8,ASK
765,1712705400.5756776,48391905.31716869,135.7,-0.0,144.8,ASK
766,1712705407.3821645,48392091.96322806,135.6,-2.726863554240655e-08,144.8,ASK
767,1712705407.3880112,48392555.02638365,135.6,-6.765264943422097e-08,144.8,ASK
768,1712705407.9045053,48392614.18998067,135.6,-8.643689397360093e-09,144.8,ASK
769,1712705430.5241146,48392614.18998067,135.6,-0.0,144.8,ASK
770,1712705460.739467,48392614.18998067,135.6,-0.0,144.8,ASK
771,1712705490.7195766,48392614.18998067,135.6,-0.0,144.8,ASK
772,1712705520.502283,48392614.18998067,135.6,-0.0,144.8,ASK
773,1712705535.5684278,48409274.76213079,135.6,-2.4340438337247057e-06,144.8,ASK
774,1712705535.5783732,48409328.32623079,135.7,-7.825503598114388e-09,144.8,ASK
775,1712705550.473312,48409328.32623079,135.7,-0.0,144.8,ASK
776,1712705580.704,48409328.32623079,135.7,-0.0,144.8,ASK
777,1712705610.7315404,48409328.32623079,135.7,-0.0,144.8,ASK
778,1712705640.4618082,48409328.32623079,135.7,-0.0,144.8,ASK
779,1712705653.876958,48410765.10783998,135.6,-2.098386408806995e-07,144.8,ASK
780,1712705658.77094,48412235.69607527,136.0,2.1477602066579485e-07,144.8,BID
781,1712705670.4749978,48412235.69607527,136.0,0.0,144.8,BID
782,1712705675.824882,48421766.48786413,135.9,1.3918699029541636e-06,144.8,BID
783,1712705675.832302,48425031.57705387,135.9,4.768312512050381e-07,144.8,BID
784,1712705675.8353453,48441527.77100657,135.9,2.4090921703792625e-06,144.8,BID
785,1712705675.9367638,48442276.71677169,135.9,-1.0937549497594525e-07,144.8,ASK
786,1712705687.4269652,48442313.50853033,135.9,5.373041680529327e-09,144.8,BID
787,1712705700.717786,48442313.50853033,135.9,0.0,144.8,BID
788,1712705709.049723,48442372.67212735,135.6,-8.635752784388656e-09,144.8,ASK
789,1712705730.7286756,48442372.67212735,135.6,-0.0,144.8,ASK
790,1712705740.8809612,48443110.13525419,135.6,-1.0764291074926553e-07,144.8,ASK
791,1712705740.8839142,48443982.53421309,135.6,-1.273386557957743e-07,144.8,ASK
792,1712705740.8895557,48444784.35550721,135.6,-1.1703687256883138e-07,144.8,ASK
793,1712705760.4663527,48444784.35550721,135.6,-0.0,144.8,ASK
794,1712705786.70614,48445408.60039809,135.6,-9.111279912341016e-08,144.8,ASK
795,1712705786.7159846,48446138.74892289,135.6,-1.065701567473849e-07,144.8,ASK
796,1712705790.432406,48446138.74892289,135.6,-0.0,144.8,ASK
797,1712705809.8678155,48446345.50332816,136.0,3.0176406593896524e-08,144.8,BID
798,1712705816.7058945,48447072.34578928,135.8,-1.0608477051894773e-07,144.8,ASK
799,1712705820.7190769,48447072.34578928,135.8,-0.0,144.8,ASK
800,1712705850.7155774,48447072.34578928,135.8,-0.0,144.8,ASK
801,1712705880.4676986,48447072.34578928,135.8,-0.0,144.8,ASK
802,1712705910.456756,48447072.34578928,135.8,-0.0,144.8,ASK
803,1712705939.2041278,48567691.12127238,135.5,-1.7604335123156747e-05,144.8,ASK
804,1712705939.2072637,48571688.02313666,135.6,-5.833486502527639e-07,144.8,ASK
805,1712705939.2101972,48575378.06003702,135.5,-5.385616455689659e-07,144.8,ASK
1006,1712705939.2131402,48575451.91528074,135.4,-1.0779188031415061e-08,144.8,ASK
806,1712705939.2131402,48575451.91528074,135.4,-1.077918803141506e-08,144.8,ASK
807,1712705939.2161112,48576264.32296168,135.4,-1.1857106834882789e-07,144.8,ASK
808,1712705939.2204895,48576412.14262169,135.3,-2.1574309821573666e-08,144.8,ASK
809,1712705939.2234886,48576560.07161577,135.2,-2.1590267152185562e-08,144.8,ASK
810,1712705939.22642,48576745.76688204,135.2,-2.7102262355864178e-08,144.8,ASK
811,1712705939.2293725,48586745.76688204,135.1,-1.459502059496878e-06,144.8,ASK
812,1712705939.232345,48586893.91503018,135.0,-2.1622252732360767e-08,144.8,ASK
813,1712705939.2352982,48590589.40653054,135.3,-5.393577455621774e-07,144.8,ASK
814,1712705939.2382514,48590627.90578954,135.0,-5.61897478032623e-09,144.8,ASK
815,1712705939.2412174,48591609.07799944,135.3,-1.432022861075404e-07,144.8,ASK
816,1712705939.2441902,48593090.55948092,135.0,-2.1622252733230698e-07,144.8,ASK
817,1712705939.2471724,48593830.75193095,135.1,-1.0803124052452161e-07,144.8,ASK
818,1712705939.250141,48596518.40069915,135.0,-3.9226289123942937e-07,144.8,ASK
819,1712705939.3481257,48596624.12584751,134.8,-1.5430607176831265e-08,144.8,ASK
820,1712705939.3550582,48598938.76744751,134.8,-3.378224182194052e-07,144.8,ASK
821,1712705939.3587437,48602799.19803399,134.7,-5.634306391511724e-07,144.8,ASK
822,1712705939.361776,48604376.58343399,134.8,-2.302197239927145e-07,144.8,ASK
823,1712705939.7192194,48604450.93287636,134.5,-1.0851316426180378e-08,144.8,ASK
824,1712705939.7223127,48604637.59458639,134.5,-2.724331502090619e-08,144.8,ASK
825,1712705939.7253256,48604666.6792063,134.2,-4.244906265763552e-09,144.8,ASK
826,1712705939.7283697,48606192.64404976,134.3,-2.2271488317597402e-07,144.8,ASK
827,1712705940.7251103,48606192.64404976,134.3,-0.0,144.8,ASK
828,1712705970.715129,48606192.64404976,134.3,-0.0,144.8,ASK
829,1712705983.434943,48607095.83597958,134.3,-1.3140782597050265e-07,144.8,ASK
830,1712705983.4400938,48607222.41825805,134.3,-1.8416796553088963e-08,144.8,ASK
831,1712705983.578056,48607628.91234244,134.3,5.9141918938658594e-08,144.8,BID
832,1712705989.4750984,48607684.39163462,135.1,8.071831613655265e-09,144.8,BID
833,1712706000.5365005,48607684.39163462,135.1,0.0,144.8,BID
834,1712706004.4247298,48607743.55523164,134.3,-8.613634665397302e-09,144.8,ASK
835,1712706017.075072,48607891.70337978,135.0,2.156890535358432e-08,144.8,BID
836,1712706020.0848377,48607971.139895,135.0,1.156517107961556e-08,144.8,BID
1036,1712706020.0848377,48607971.139895,135.0,1.1565171079615561e-08,144.8,BID
837,1712706020.0949256,48608030.78180321,135.0,8.683272045579422e-09,144.8,BID
838,1712706020.0993743,48608039.85152792,135.0,1.320462228389334e-09,144.8,BID
839,1712706028.3948634,48608187.99967606,135.0,2.156890535358432e-08,144.8,BID
840,1712706030.4602275,48608187.99967606,135.0,0.0,144.8,BID
841,1712706052.1846747,48609076.88856494,135.0,1.2941215195156654e-07,144.8,BID
842,1712706060.7145576,48609076.88856494,135.0,0.0,144.8,BID
843,1712706086.9246912,48609377.84167652,135.0,4.381459806375099e-08,144.8,BID
844,1712706086.931738,48609965.77745382,135.0,8.559529301521432e-08,144.8,BID
845,1712706090.7261455,48609965.77745382,135.0,0.0,144.8,BID
846,1712706104.144524,48610515.99934309,135.0,8.01032746746736e-08,144.8,BID
847,1712706107.424389,48610565.99934309,134.7,-7.279179203558227e-09,144.8,ASK
848,1712706120.4453173,48610565.99934309,134.7,-0.0,144.8,ASK
849,1712706144.7145512,48610936.72347213,134.9,-5.397071085309972e-08,144.8,ASK
850,1712706144.72096,48661770.15996643,134.8,-7.40042659155082e-06,144.8,ASK
851,1712706144.72622,48661820.15996643,134.9,-7.279093350673712e-09,144.8,ASK
852,1712706150.516088,48661820.15996643,134.9,-0.0,144.8,ASK
853,1712706180.7139916,48661820.15996643,134.9,-0.0,144.8,ASK
854,1712706198.0043075,48663231.31596902,134.9,-2.0523229463171762e-07,144.8,ASK
855,1712706198.0112925,48663294.54276902,135.0,-9.195426460901916e-09,144.8,ASK
856,1712706210.6869838,48663294.54276902,135.0,-0.0,144.8,ASK
857,1712706240.4992428,48663294.54276902,135.0,-0.0,144.8,ASK
858,1712706270.4839325,48663294.54276902,135.0,-0.0,144.8,ASK
859,1712706284.195881,48692785.33242954,135.5,4.288886094510749e-06,144.8,BID
860,1712706294.6628485,48692835.33242954,135.5,7.271568757367416e-09,144.8,BID
861,1712706300.503695,48692835.33242954,135.5,0.0,144.8,BID
862,1712706322.078363,48692893.84942954,135.0,-8.512116524985968e-09,144.8,ASK
863,1712706322.081562,48693264.21979991,135.0,-5.3875553260919386e-08,144.8,ASK
864,1712706322.0846689,48703531.36578704,134.9,-1.4935000602494849e-06,144.8,ASK
865,1712706330.4912302,48703531.36578704,134.9,-0.0,144.8,ASK
866,1712706360.7256255,48703531.36578704,134.9,-0.0,144.8,ASK
867,1712706390.7197824,48703531.36578704,134.9,-0.0,144.8,ASK
868,1712706420.4865575,48703531.36578704,134.9,-0.0,144.8,ASK
869,1712706430.9761777,48703605.16652504,135.5,1.0733097267363548e-08,144.8,BID
870,1712706450.503868,48703605.16652504,135.5,0.0,144.8,BID
871,1712706464.5833142,48703678.96726304,135.5,1.0733081656787112e-08,144.8,BID
872,1712706465.603173,48703737.69066886,135.5,8.540336138500869e-09,144.8,BID
873,1712706467.57338,48703811.76474293,135.0,-1.0772833812319613e-08,144.8,ASK
874,1712706467.5804164,48707389.99161845,134.9,-5.203931868773802e-07,144.8,ASK
875,1712706480.2240765,48707489.99161845,134.9,-1.4543325646523122e-08,144.8,ASK
876,1712706480.7352574,48707489.99161845,134.9,-0.0,144.8,ASK
877,1712706488.453189,48709286.37450202,134.9,-2.6123389906526455e-07,144.8,ASK
878,1712706510.6953762,48709286.37450202,134.9,-0.0,144.8,ASK
879,1712706540.492995,48709286.37450202,134.9,-0.0,144.8,ASK
880,1712706557.4132156,48710171.9833581,135.5,1.2878262424348445e-07,144.8,BID
881,1712706570.4551072,48710171.9833581,135.5,0.0,144.8,BID
882,1712706585.313012,48735379.94764164,135.5,3.665603750513448e-06,144.8,BID
883,1712706595.5733669,48738080.21126059,135.5,3.9265750846237753e-07,144.8,BID
884,1712706595.652838,48739675.75545728,135.5,-2.3201527603457694e-07,144.8,ASK
885,1712706600.531749,48739675.75545728,135.5,-0.0,144.8,ASK
886,1712706630.4854555,48739675.75545728,135.5,-0.0,144.8,ASK
887,1712706660.7066288,48739675.75545728,135.5,-0.0,144.8,ASK
888,1712706690.7380087,48739675.75545728,135.5,-0.0,144.8,ASK
889,1712706720.495996,48739675.75545728,135.5,-0.0,144.8,ASK
890,1712706738.063498,48740413.76283735,135.5,1.0733176430039673e-07,144.8,BID
891,1712706743.6227033,48761320.7771023,135.5,3.0406020155283846e-06,144.8,BID
892,1712706750.4482017,48761320.7771023,135.5,0.0,144.8,BID
893,1712706754.765288,48762788.4716623,136.2,2.1336247541294802e-07,144.8,BID
894,1712706754.862713,48763100.64813346,135.6,-4.5381884260842094e-08,144.8,ASK
895,1712706754.9425907,48769117.54003346,135.5,-8.746908144687728e-07,144.8,ASK
896,1712706754.9625602,48773217.94043346,135.5,-5.960855912203478e-07,144.8,ASK
897,1712706780.727647,48773217.94043346,135.5,-0.0,144.8,ASK
898,1712706810.7336168,48773217.94043346,135.5,-0.0,144.8,ASK
899,1712706826.2326417,48773327.63133346,135.6,1.5942305413940306e-08,144.8,BID
900,1712706826.2398665,48789306.33685363,135.6,2.322320297393771e-06,144.8,BID
901,1712706840.4733384,48789306.33685363,135.6,0.0,144.8,BID
902,1712706869.5942316,48794335.48151974,136.3,7.306964111351112e-07,144.8,BID
903,1712706869.6422226,48800739.83714435,136.3,-9.305040879175628e-07,144.8,ASK
904,1712706870.453948,48800739.83714435,136.3,-0.0,144.8,ASK
905,1712706881.252278,48804313.691998,136.3,5.191363431679231e-07,144.8,BID
906,1712706890.2223444,48815933.25434981,136.3,-1.68785173308898e-06,144.8,ASK
907,1712706899.6624007,48817394.25324981,136.4,2.122239591075944e-07,144.8,BID
908,1712706899.6695747,48819538.11034981,136.4,3.114155948540467e-07,144.8,BID
909,1712706900.7251532,48819538.11034981,136.4,0.0,144.8,BID
910,1712706930.1868708,48820654.99754981,136.5,1.625302333360418e-07,144.8,BID
911,1712706930.1923654,48821416.13544981,136.5,1.1076133784012493e-07,144.8,BID
912,1712706930.7302723,48821416.13544981,136.5,0.0,144.8,BID
913,1712706935.483008,48827766.90002545,136.5,-9.24133381247052e-07,144.8,ASK
914,1712706937.8884404,49014613.5655741,136.5,-2.7189047673188226e-05,144.8,ASK
915,1712706937.9825935,49018177.43790409,136.5,-5.185979337477544e-07,144.8,ASK
916,1712706938.0422332,49027402.42310409,136.5,-1.3423764435444089e-06,144.8,ASK
917,1712706938.062131,49031898.40639226,136.5,-6.542343348806077e-07,144.8,ASK
918,1712706960.5387042,49031898.40639226,136.5,-0.0,144.8,ASK
919,1712706971.447755,49032027.20396117,136.3,-1.8663986315122603e-08,144.8,ASK
920,1712706985.8421955,49060932.26659725,136.3,-4.188617052665206e-06,144.8,ASK
921,1712706990.4965365,49060932.26659725,136.3,-0.0,144.8,ASK
922,1712707020.7423277,49060932.26659725,136.3,-0.0,144.8,ASK
923,1712707050.7222688,49060932.26659725,136.3,-0.0,144.8,ASK
924,1712707061.1527133,49061079.75922261,135.6,-2.1360827455067693e-08,144.8,ASK
925,1712707061.159946,49064503.69516867,135.6,-4.958763516534582e-07,144.8,ASK
926,1712707080.4651833,49064503.69516867,135.6,-0.0,144.8,ASK
927,1712707082.6926882,49064580.45794002,135.6,-1.1116496926537886e-08,144.8,ASK
928,1712707108.314463,49064680.45794002,135.7,-1.448162531209245e-08,144.8,ASK
929,1712707110.483268,49064680.45794002,135.7,-0.0,144.8,ASK
930,1712707111.6223605,49064730.10288877,136.5,7.189370498987706e-09,144.8,BID
931,1712707116.7225022,49064794.83436604,135.7,-9.374137444745729e-09,144.8,ASK
932,1712707122.762673,49064844.53825309,136.4,-7.1979056934241746e-09,144.8,ASK
933,1712707140.7127872,49064844.53825309,136.4,-0.0,144.8,ASK
934,1712707170.601311,49066102.81537918,136.3,1.822177565115625e-07,144.8,BID
935,1712707170.682974,49066102.81537918,136.3,0.0,144.8,BID
936,1712707200.6278567,49066102.81537918,136.3,0.0,144.8,BID
937,1712707206.332564,80.70432868,136.3,1.1706464844962132e-08,136.3,BID
938,1712707206.4327097,450.80055369,135.1,-5.368384222005722e-08,136.3,ASK
939,1712707206.436269,1017.08507258,135.6,-8.21416883215449e-08,136.3,ASK
940,1712707206.441791,11272.54689523,135.0,-1.4875931100515472e-06,136.3,ASK
941,1712707206.4462764,11972.54689523,135.0,-1.0153761917734957e-07,136.3,ASK
942,1712707206.4496012,12710.5542753,135.5,-1.0705073186803037e-07,136.3,ASK
943,1712707225.8666823,12751.19224034,135.2,-5.894688883391302e-09,136.3,ASK
944,1712707225.8770933,13436.48020123,135.1,-9.940358285667325e-08,136.3,ASK
945,1712707230.5955942,13436.48020123,135.1,-0.0,136.3,ASK
946,1712707231.1428602,14777.47607106,135.1,-1.9446527530126226e-07,136.3,ASK
947,1712707245.758811,16998.05342117,135.1,-3.220182816608015e-07,136.3,ASK
948,1712707245.7627034,26620.55527165,135.1,-1.3954125538639568e-06,136.3,ASK
949,1712707245.7659338,88104.93835432,135.1,-8.91619262363235e-06,136.3,ASK
950,1712707245.8413153,109133.57254646,135.1,3.049479293252748e-06,136.3,BID
951,1712707245.8527274,115314.04904646,135.1,-8.962652988766086e-07,136.3,ASK
952,1712707245.856141,119984.45384646,135.1,-6.77281396336795e-07,136.3,ASK
953,1712707254.1909373,120164.43944761,135.0,-2.610071385405081e-08,136.3,ASK
954,1712707260.290308,120164.43944761,135.0,-0.0,136.3,ASK
955,1712707260.9377604,120164.43944761,135.0,-0.0,136.3,ASK
956,1712707267.201393,120486.22449686,135.0,-4.6566472044939664e-08,136.3,ASK
957,1712707286.1050422,121384.65303472,135.0,-1.3001426725742708e-07,136.3,ASK
958,1712707286.1110003,123605.23038483,135.1,-3.213463563286531e-07,136.3,ASK
959,1712707290.9332583,123605.23038483,135.1,-0.0,136.3,ASK
960,1712707294.621497,132386.5082628,135.0,-1.2706793969458268e-06,136.3,ASK
961,1712707294.6250036,135165.59819822,135.0,-4.0214332950981053e-07,136.3,ASK
962,1712707301.7117152,141091.52412415,135.0,-8.575007062237634e-07,136.3,ASK
963,1712707301.7183404,145515.6304248,135.0,-6.40182534279826e-07,136.3,ASK
964,1712707320.3093307,145515.6304248,135.0,-0.0,136.3,ASK
965,1712707320.599183,159225.07154753,135.1,1.9838006062873867e-06,136.3,BID
966,1712707320.7264478,159225.07154753,135.1,0.0,136.3,BID
967,1712707326.0864103,161025.96780663,135.1,-2.604142750273931e-07,136.3,ASK
968,1712707329.6838744,163097.40454632,135.1,2.99535130969208e-07,136.3,BID
969,1712707332.1124218,168282.58973151,135.0,-7.497912409229187e-07,136.3,ASK
970,1712707335.637216,171533.10613151,134.9,-4.700331112874202e-07,136.3,ASK
971,1712707335.6600978,176303.13483151,134.9,-6.89758535225754e-07,136.3,ASK
972,1712707340.1755786,184827.39076905,135.0,1.2326295414883005e-06,136.3,BID
973,1712707340.188646,185632.11976905,135.0,1.163659028495365e-07,136.3,BID
974,1712707350.5250788,185632.11976905,135.0,0.0,136.3,BID
975,1712707354.4648848,188073.7876603,135.0,-3.528896229044791e-07,136.3,ASK
976,1712707354.549982,188729.3314603,135.0,-9.474450035091957e-08,136.3,ASK
977,1712707354.637761,189176.0724603,135.0,-6.456662824249424e-08,136.3,ASK
978,1712707355.238238,216300.91260928,135.0,-3.920301628989142e-06,136.3,ASK
979,1712707355.353221,216375.04159349,134.9,-1.071372129596414e-08,136.3,ASK
980,1712707355.359701,216449.17057792,134.9,-1.0713721327763931e-08,136.3,ASK
981,1712707355.3649776,236226.2333735,134.9,-2.858341323609543e-06,136.3,ASK
982,1712707355.4330454,236226.2333739,134.8,-5.781168049017718e-17,136.3,ASK
983,1712707355.4364564,245128.31052484,134.8,-1.2866003030631466e-06,136.3,ASK
984,1712707355.439855,248837.5093379,134.8,-5.360834596339748e-07,136.3,ASK
985,1712707355.6196475,248985.98743738,134.7,-2.1459257715942012e-08,136.3,ASK
1185,1712707355.6196475,248985.98743738,134.7,-2.145925771594201e-08,136.3,ASK
986,1712707355.625606,354726.69938986,134.7,-1.528250426697416e-05,136.3,ASK
987,1712707359.7568398,358211.79390525,134.7,-5.036940911291708e-07,136.3,ASK
988,1712707359.7604125,365272.33042178,134.7,-1.0204459327783671e-06,136.3,ASK
989,1712707364.478758,366922.08708267,134.8,2.384361968439469e-07,136.3,BID
990,1712707380.4161074,366922.08708267,134.8,0.0,136.3,BID
991,1712707380.9231608,366922.08708267,134.8,0.0,136.3,BID
992,1712707410.7068334,366922.08708267,134.8,0.0,136.3,BID
993,1712707415.4733465,366959.1790708,134.8,5.3419696806170045e-09,136.3,BID
994,1712707417.219423,390047.0264708,135.0,3.3251002984586816e-06,136.3,BID
995,1712707417.2232327,425521.20333444,135.0,5.108973306747759e-06,136.3,BID
996,1712707417.3634727,427871.45753444,135.0,-3.384824408478059e-07,136.3,ASK
997,1712707417.3712194,431323.95013444,135.0,-4.972262669531676e-07,136.3,ASK
998,1712707417.375038,436683.14716877,135.1,7.718288911745731e-07,136.3,BID
999,1712707440.4156914,436683.14716877,135.1,0.0,136.3,BID
1000,1712707440.7257068,436683.14716877,135.1,0.0,136.3,BID
1201,1712707470.687337,436683.14716877,135.1,0.0,136.3,BID
1202,1712707471.3532116,445637.92848827,134.9,-1.2879162028612408e-06,136.3,ASK
1203,1712707471.3558357,447860.15071049,135.0,-3.1960981561025093e-07,136.3,ASK
1204,1712707471.361531,500491.72965787,134.9,-7.569706159199266e-06,136.3,ASK
1205,1712707471.3636725,556550.65399021,134.8,-8.06264211113362e-06,136.3,ASK
1206,1712707471.3656557,616595.13138087,134.9,-8.635861956267717e-06,136.3,ASK
1207,1712707500.3724947,616595.13138087,134.9,-0.0,136.3,ASK
1208,1712707500.9879875,616595.13138087,134.9,-0.0,136.3,ASK
1209,1712707506.7768755,622026.67899991,134.4,-7.787609111937688e-07,136.3,ASK
1210,1712707506.7800765,625746.91709515,134.4,-5.333978843803097e-07,136.3,ASK
1211,1712707506.7812726,630963.01247518,134.2,-7.47869939828257e-07,136.3,ASK
1212,1712707506.7824576,636165.74056352,134.2,-7.459533729514095e-07,136.3,ASK
1213,1712707506.7836614,646881.13491399,134.3,-1.5363448603342067e-06,136.3,ASK
1214,1712707506.7848675,658058.48215691,134.2,-1.6025784424889145e-06,136.3,ASK
1215,1712707506.7860596,678891.81549024,134.4,-2.987028152527752e-06,136.3,ASK
1216,1712707506.7872682,687833.69328458,134.2,-1.2820627539917126e-06,136.3,ASK
1217,1712707518.0339422,688133.69328458,134.4,-4.3013205396406514e-08,136.3,ASK
1218,1712707526.092839,723315.67818498,134.4,-5.044299809247249e-06,136.3,ASK
1219,1712707526.1529608,731888.76319798,134.3,-1.2291862218167535e-06,136.3,ASK
1220,1712707526.1551228,731888.76319869,134.3,-1.0180036370979442e-16,136.3,ASK
1221,1712707530.7358403,731888.76319869,134.3,-0.0,136.3,ASK
1222,1712707536.4658885,733495.99835814,134.1,-2.2993054867039963e-07,136.3,ASK
1223,1712707536.4680464,739537.52974292,134.1,-8.642995506564688e-07,136.3,ASK
1224,1712707536.4701242,739649.47750412,134.0,-1.6015210968849132e-08,136.3,ASK
1225,1712707536.4722908,739798.61993514,134.1,-2.133626855587829e-08,136.3,ASK
1226,1712707536.4738023,739997.87366648,134.0,-2.8505175177535693e-08,136.3,ASK
1227,1712707536.4750094,835585.00491181,134.1,-1.3674664471992763e-05,136.3,ASK
1228,1712707536.47623,835659.63177748,134.0,-1.0676095572050677e-08,136.3,ASK
1229,1712707536.4774427,858030.99643072,134.1,-3.200440283415253e-06,136.3,ASK
1230,1712707536.478659,858777.26508743,134.0,-1.0676095572198901e-07,136.3,ASK
1231,1712707536.4799042,860344.39195286,134.0,-2.2419266893574095e-07,136.3,ASK
1232,1712707536.4811363,889943.00291452,134.0,-4.234367832411759e-06,136.3,ASK
1233,1712707536.542827,893240.69783806,134.0,-4.7176718270438084e-07,136.3,ASK
1234,1712707536.8281045,893815.3359126,134.0,8.220753944377104e-08,136.3,BID
1235,1712707536.8306377,897687.66891068,134.3,5.539747221481352e-07,136.3,BID
1236,1712707536.8524065,922372.40153168,134.3,-3.531389966152177e-06,136.3,ASK
1237,1712707536.8537984,922372.401532,134.3,-4.578277726636963e-17,136.3,ASK
1238,1712707543.7607074,923713.39740183,134.0,-1.9184244091589346e-07,136.3,ASK
1239,1712707556.103287,923862.31772945,134.3,2.1304494514393218e-08,136.3,BID
1240,1712707556.4429517,926087.82950887,134.0,-3.18381004488237e-07,136.3,ASK
1241,1712707560.4461136,926087.82950887,134.0,-0.0,136.3,ASK
1242,1712707560.7405393,926087.82950887,134.0,-0.0,136.3,ASK
1243,1712707560.9508271,1003454.91364375,134.0,-1.1027025565134602e-05,136.3,ASK
1244,1712707560.952203,1009888.4059945,134.0,-9.169569387045692e-07,136.3,ASK
1245,1712707560.953516,1010037.65972584,134.0,-2.127293188803555e-08,136.3,ASK
1246,1712707566.1481583,1018758.41141185,134.0,-1.2429569094419202e-06,136.3,ASK
1247,1712707566.1534662,1028448.49086123,134.0,-1.3811138808102594e-06,136.3,ASK
1248,1712707566.162441,1028805.89513266,134.0,-5.094034604273338e-08,136.3,ASK
1249,1712707566.1638002,1035436.13971186,134.0,-9.449997669612472e-07,136.3,ASK
1250,1712707566.1667416,1035585.50490976,133.9,-2.1288819065651732e-08,136.3,ASK
1251,1712707566.1681,1080686.35746854,134.0,-6.428163342798393e-06,136.3,ASK
1252,1712707566.169429,1081433.18345808,133.9,-1.0644409533396653e-07,136.3,ASK
1253,1712707566.1707604,1081507.81032375,134.0,-1.0636465944001184e-08,136.3,ASK
1254,1712707566.1721268,1099865.40916264,133.9,-2.6164836632335308e-06,136.3,ASK
1255,1712707568.56855,1200682.35289283,133.9,-1.4369302247108212e-05,136.3,ASK
1256,1712707572.2422605,1200831.71809073,133.9,2.1288819065651732e-08,136.3,BID
1257,1712707575.6569638,1201559.01881945,133.8,-1.0366118639231256e-07,136.3,ASK
1258,1712707581.4640534,1201782.89941646,133.9,3.190939783206992e-08,136.3,BID
1259,1712707583.3660371,1202529.725406,133.9,1.0644409533396653e-07,136.3,BID
1260,1712707590.4904895,1202529.725406,133.9,0.0,136.3,BID
1261,1712707593.1050243,1224951.25006967,133.9,-3.1789311922805405e-06,136.3,ASK
1262,1712707593.1144269,1236127.80642357,133.9,-1.5846158612604725e-06,136.3,ASK
1263,1712707595.0955255,1256127.80642357,133.9,2.835606623515145e-06,136.3,BID
1264,1712707595.5611005,1256277.28325467,133.8,-2.119287461645361e-08,136.3,ASK
1265,1712707603.2130256,1284639.70750267,133.9,4.021233902828755e-06,136.3,BID
1266,1712707603.2947662,1291222.67360065,133.9,9.333351134903924e-07,136.3,BID
1267,1712707603.3126853,1309047.2505754,133.9,2.5271744265478367e-06,136.3,BID
1268,1712707611.8675976,1309087.74797703,134.3,5.741735014864761e-09,136.3,BID
1269,1712707612.4337866,1309128.24537866,134.3,5.741735014864761e-09,136.3,BID
1270,1712707613.400582,1309168.74278029,134.3,5.741735014864761e-09,136.3,BID
1271,1712707615.155631,1309209.24018192,134.3,5.741735014831749e-09,136.3,BID
1272,1712707616.012633,1309249.73758355,134.3,5.741735014864761e-09,136.3,BID
1273,1712707616.773021,1309290.23498518,134.3,5.741735014864761e-09,136.3,BID
1274,1712707617.6362588,1313801.85077073,134.3,6.396583802130665e-07,136.3,BID
1275,1712707620.3792794,1313842.34817236,134.3,5.741735014864761e-09,136.3,BID
1276,1712707620.5205193,1313842.34817236,134.3,0.0,136.3,BID
1277,1712707620.840384,1313842.34817236,134.3,0.0,136.3,BID
1278,1712707621.2412574,1313882.84557399,134.3,5.7296256134950915e-09,136.3,BID
1279,1712707623.5864172,1313923.34297562,134.3,5.7296256135280315e-09,136.3,BID
1280,1712707624.832733,1313963.84037725,134.3,5.7296256135280315e-09,136.3,BID
1281,1712707626.2580023,1314004.33777888,134.3,5.7296256135280315e-09,136.3,BID
1282,1712707628.6220248,1314044.83518051,134.3,5.7296256135280315e-09,136.3,BID
1283,1712707629.4782965,1314085.33258214,134.3,5.7296256135280315e-09,136.3,BID
1284,1712707630.242879,1314125.82998377,134.3,5.7296256134950915e-09,136.3,BID
1285,1712707631.0878377,1314166.3273854,134.3,5.7296256135280315e-09,136.3,BID
1286,1712707633.252634,1315655.53066164,134.3,2.106944369726043e-07,136.3,BID
1287,1712707647.7544515,1316607.11198694,133.9,-1.3463097668838333e-07,136.3,ASK
1288,1712707648.594788,1356607.11198694,134.3,5.659252577111413e-06,136.3,BID
1289,1712707650.5870633,1356607.11198694,134.3,0.0,136.3,BID
1290,1712707664.462677,1356647.60938857,134.3,5.724973975526601e-09,136.3,BID
1291,1712707666.5703,1356688.1067902,134.3,5.724973975526601e-09,136.3,BID
1292,1712707673.73605,1357134.86777307,134.3,6.315701495064715e-08,136.3,BID
1293,1712707679.393163,1357175.3651747,134.3,5.724973975526601e-09,136.3,BID
1294,1712707680.328063,1357175.3651747,134.3,0.0,136.3,BID
1295,1712707680.8601727,1357215.86257633,134.3,5.724973975526601e-09,136.3,BID
1296,1712707680.992896,1357215.86257633,134.3,0.0,136.3,BID
1297,1712707682.692763,1357662.6235592,134.3,6.315628502547482e-08,136.3,BID
1298,1712707683.0087898,1359151.82683544,134.3,2.105209500859144e-07,136.3,BID
1299,1712707685.0662055,1359300.74716306,134.3,2.105209500800886e-08,136.3,BID
1300,1712707706.7970068,1360571.00555582,134.3,1.795698464843778e-07,136.3,BID
1301,1712707710.7395742,1360571.00555582,134.3,0.0,136.3,BID
1302,1712707711.4158957,1365315.91647043,134.3,6.707207439667474e-07,136.3,BID
1303,1712707712.119846,1365356.41387206,134.6,5.724543166074673e-09,136.3,BID
1304,1712707713.8550904,1367115.73916277,134.3,-2.4869085829014216e-07,136.3,ASK
1305,1712707713.963333,1367156.2365644,134.6,5.724543166074673e-09,136.3,BID
1306,1712707714.7572565,1369385.06271596,134.6,3.150575345774927e-07,136.3,BID
1307,1712707715.2594068,1369425.56011759,134.6,5.7245431661075854e-09,136.3,BID
1308,1712707715.5129108,1369685.58983527,134.6,3.6756712367099874e-08,136.3,BID
1309,1712707716.8365033,1371290.34466439,134.6,2.2684142489532086e-07,136.3,BID
1310,1712707721.8538203,1371736.1098947,134.6,6.301150691523522e-08,136.3,BID
1311,1712707722.94098,1371776.60729633,134.6,5.724543166074673e-09,136.3,BID
1312,1712707724.1274323,1371817.10469796,134.6,5.7245431661075854e-09,136.3,BID
1313,1712707724.8735611,1371857.60209959,134.6,5.7245431661075854e-09,136.3,BID
1314,1712707726.637634,1371898.09950122,134.6,5.7245431661075854e-09,136.3,BID
1315,1712707733.2136445,1380232.22245873,134.6,1.178076733360694e-06,136.3,BID
1316,1712707733.2152834,1398626.72143427,134.6,2.6001693729972788e-06,136.3,BID
1317,1712707733.2168238,1413378.78212536,134.6,2.085289544910984e-06,136.3,BID
1318,1712707733.2732162,1415145.98094305,134.6,-2.498038271042053e-07,136.3,ASK
1319,1712707734.774933,1415186.47834468,134.7,5.7245431661075854e-09,136.3,BID
1320,1712707735.523037,1437517.34559629,134.7,3.156597914263077e-06,136.3,BID
1321,1712707735.525746,1466866.54375996,134.7,4.148679792185657e-06,136.3,BID
1322,1712707740.5935168,1466866.54375996,134.7,0.0,136.3,BID
1323,1712707740.8234715,1466929.94315996,134.8,-8.961873784417675e-09,136.3,ASK
1324,1712707740.909971,1467589.05372267,134.7,-9.316911000711105e-08,136.3,ASK
1325,1712707740.911656,1467959.97360397,134.8,-5.243168169321152e-08,136.3,ASK
1326,1712707740.9711754,1467959.97360397,134.8,-0.0,136.3,ASK
1327,1712707743.225607,1476855.45173592,135.3,1.2548629720450465e-06,136.3,BID
1328,1712707743.2272325,1489460.12868093,135.3,1.778110421751476e-06,136.3,BID
1329,1712707743.2349863,1556615.60941239,135.3,9.473456613547908e-06,136.3,BID
1330,1712707748.3429525,1556652.57171837,135.2,5.2141805586765084e-09,136.3,BID
1331,1712707763.3606904,1565188.6944261,135.2,1.2041695962682211e-06,136.3,BID
1332,1712707763.451741,1570558.08906061,135.2,-7.574471444028751e-07,136.3,ASK
1333,1712707765.6427634,1573912.02516061,135.3,4.731314225121439e-07,136.3,BID
1334,1712707765.644696,1585322.01504551,135.3,1.6095788900366336e-06,136.3,BID
1335,1712707765.722746,1586483.7149444,135.4,1.638781149390488e-07,136.3,BID
1336,1712707765.732734,1591027.83201475,135.4,6.410272913537098e-07,136.3,BID
1337,1712707765.7426648,1592189.53191364,135.4,-1.638781149390488e-07,136.3,ASK
1338,1712707765.8628693,1597161.87181586,135.4,7.014356210159271e-07,136.3,BID
1339,1712707765.9427085,1597618.61846182,135.3,-6.443211316122396e-08,136.3,ASK
1340,1712707766.9569998,1599109.68739174,135.3,-2.1034138482146002e-07,136.3,ASK
1341,1712707769.8034365,1600271.38729063,135.4,1.638781149390488e-07,136.3,BID
1342,1712707769.8108058,1604708.30209063,135.4,6.259045337474113e-07,136.3,BID
1343,1712707770.5521677,1604708.30209063,135.4,0.0,136.3,BID
1344,1712707776.3930616,1604756.74114188,135.8,6.815387707770893e-09,136.3,BID
1345,1712707776.3959064,1609249.34724188,135.8,6.32110902250568e-07,136.3,BID
1346,1712707776.4584515,1618144.82537383,135.9,1.2515961966790784e-06,136.3,BID
1347,1712707776.4601123,1626854.23406388,135.9,1.2254161755103525e-06,136.3,BID
1348,1712707776.4617364,1677268.86602146,135.9,7.0933524515617575e-06,136.3,BID
1349,1712707776.4633856,1722102.45378746,135.8,-6.308098013288208e-06,136.3,ASK
1350,1712707776.4650388,1753203.70542052,135.8,-4.375954578100131e-06,136.3,ASK
1351,1712707776.4756167,1775707.52208554,135.8,-3.1662931357831004e-06,136.3,ASK
1352,1712707785.344548,1842872.73979771,135.5,-9.450164430817968e-06,136.3,ASK
1353,1712707793.570515,1843571.43731348,135.5,9.830693082433097e-08,136.3,BID
1354,1712707793.5734158,1846536.5966908,135.4,4.171987322268181e-07,136.3,BID
1355,1712707793.5750403,1856173.36466708,135.5,1.3558958797357747e-06,136.3,BID
1356,1712707793.5766618,1865091.73362183,135.5,1.2548169416834404e-06,136.3,BID
1357,1712707796.472998,1869515.83992248,135.5,6.224729618197361e-07,136.3,BID
1358,1712707796.475911,1899476.31042714,135.5,4.215446362536039e-06,136.3,BID
1359,1712707799.1466377,1936162.24931602,135.5,-5.161721596504808e-06,136.3,ASK
1360,1712707799.214336,1938892.47162921,135.5,-3.841430232967106e-07,136.3,ASK
1361,1712707800.7508624,1938892.47162921,135.5,-0.0,136.3,ASK
1362,1712707800.9282932,1938892.47162921,135.5,-0.0,136.3,ASK
1363,1712707824.3844273,1938936.68680975,135.7,6.1847575964816254e-09,136.3,BID
1364,1712707830.523224,1938936.68680975,135.7,0.0,136.3,BID
1365,1712707835.4417872,1939169.33658036,135.5,-3.2542697121558084e-08,136.3,ASK
1366,1712707836.1969137,1941160.55634236,135.5,2.7852880081212e-07,136.3,BID
1367,1712707845.345482,1944514.49244198,135.6,4.691434956879369e-07,136.3,BID
1368,1712707845.3519404,1944514.49244236,135.5,5.315097170564149e-17,136.3,BID
1369,1712707845.357133,1944514.49244274,135.6,5.315097170564149e-17,136.3,BID
1370,1712707845.4422855,1954136.99429259,135.8,1.3459809671430656e-06,136.3,BID
1371,1712707845.4465988,1954136.99429322,135.8,8.812900087957468e-17,136.3,BID
1372,1712707845.448282,1960387.73159109,135.8,8.743436545741246e-07,136.3,BID
1373,1712707860.402938,1960387.73159109,135.8,0.0,136.3,BID
1374,1712707860.9173117,1960387.73159109,135.8,0.0,136.3,BID
1375,1712707861.644328,1960610.10596593,136.0,3.109272670658322e-08,136.3,BID
1376,1712707861.6461022,1960648.23890096,136.0,5.331805556546682e-09,136.3,BID
1377,1712707890.7456243,1960648.23890096,136.0,0.0,136.3,BID
1378,1712707895.0311546,1961299.46900226,136.0,-9.105554213277625e-08,136.3,ASK
1379,1712707895.1231923,1964260.23880241,136.5,4.1397733112285706e-07,136.5,BID
1380,1712707895.1252534,1971666.00133771,136.5,1.035479965088062e-06,136.5,BID
1381,1712707897.459768,1973880.02347793,136.5,-3.095664433650844e-07,136.5,ASK
1382,1712707897.6531549,1973917.98630321,136.6,5.307994255570382e-09,136.6,BID
1383,1712707897.6561513,1974655.99368328,136.6,1.0318881445455065e-07,136.6,BID
1384,1712707904.7866623,1975787.35454477,136.5,-1.5818783005445197e-07,136.6,ASK
1385,1712707913.8231692,1975933.44658275,136.9,2.042671199165345e-08,136.9,BID
1386,1712707920.172978,1984698.574881,136.9,1.2255476328065288e-06,136.9,BID
1387,1712707920.1747577,1986776.35237601,136.9,2.9051660213766085e-07,136.9,BID
1388,1712707920.4109998,1987633.72592824,136.9,1.1987869334167412e-07,136.9,BID
1389,1712707920.4281342,1987633.72592824,136.9,0.0,136.9,BID
1390,1712707920.5993645,1987708.31548024,137.0,1.0429174083380745e-08,137.0,BID
1391,1712707920.6011822,1991357.95051674,137.0,5.102950495868448e-07,137.0,BID
1392,1712707920.6462235,1991357.95051674,137.0,0.0,137.0,BID
1393,1712707932.7402663,1991402.16569728,136.6,-6.178577018843106e-09,137.0,ASK
1394,1712707950.5181432,1991402.16569728,136.6,-0.0,137.0,ASK
1395,1712707951.953877,1991556.26232288,137.0,2.1533261979751296e-08,137.0,BID
1396,1712707975.779781,1991629.2550236,137.0,1.019990503421288e-08,137.0,BID
1397,1712707980.3847444,1991629.2550236,137.0,0.0,137.0,BID
1398,1712707980.9385488,1991629.2550236,137.0,0.0,137.0,BID
1399,1712707983.797074,1997227.86972249,136.6,-7.823397329786091e-07,137.0,ASK
1400,1712707984.7051668,2005348.12857683,136.6,-1.134709474663658e-06,137.0,ASK
1401,1712707995.436004,2010504.2550236,136.6,-7.20507269123173e-07,137.0,ASK
1402,1712707995.4439433,2033568.89646299,136.5,-3.2230089755091603e-06,137.0,ASK
1403,1712707999.3730986,2042273.36299865,136.5,1.216345541081748e-06,137.0,BID
1404,1712707999.3783543,2047635.20396857,136.5,7.492534239787657e-07,137.0,BID
1405,1712708002.9226248,2059333.87477968,136.5,1.6347499320471436e-06,137.0,BID
1406,1712708010.5290291,2059902.53406302,136.5,7.946336295873645e-08,137.0,BID
1407,1712708010.743171,2059902.53406302,136.5,0.0,137.0,BID
1408,1712708029.541214,2060049.26920608,136.3,-2.0477815971190346e-08,137.0,ASK
1409,1712708040.3569925,2060049.26920608,136.3,-0.0,137.0,ASK
1410,1712708040.8618057,2060049.26920608,136.3,-0.0,137.0,ASK
1411,1712708046.6628077,2065412.97236552,136.1,7.48536562985566e-07,137.0,BID
1412,1712708046.752548,2069694.73147899,136.1,5.975448594108266e-07,137.0,BID
1413,1712708070.2567725,2069965.59833399,136.3,3.780107486214994e-08,137.0,BID
1414,1712708070.521814,2069965.59833399,136.3,0.0,137.0,BID
1415,1712708078.1326742,2070383.20033205,136.3,-5.826785869496382e-08,137.0,ASK
1416,1712708078.2331605,2070461.2452488,136.4,1.08895795570206e-08,137.0,BID
1417,1712708078.2372148,2070502.4628488,136.4,5.7510771110001094e-09,137.0,BID
1418,1712708100.499778,2070502.4628488,136.4,0.0,137.0,BID
1419,1712708100.6753263,2070502.4628488,136.4,0.0,137.0,BID
1420,1712708114.422832,2072794.83267503,136.2,-3.199196920093704e-07,137.0,ASK
1421,1712708114.4269907,2073760.05853436,136.3,-1.3470547208527264e-07,137.0,ASK
1422,1712708120.3248744,2074125.022038,136.8,5.0933758743091794e-08,137.0,BID
1423,1712708125.748294,2074489.98554164,136.8,5.0933758743124286e-08,137.0,BID
1424,1712708130.4917133,2074489.98554164,136.8,0.0,137.0,BID
1425,1712708160.7528598,2074489.98554164,136.8,0.0,137.0,BID
1426,1712708189.8033907,2075071.84621231,136.7,8.119744144233125e-08,137.0,BID
1427,1712708190.6967092,2075071.84621231,136.7,0.0,137.0,BID
1428,1712708220.504238,2075071.84621231,136.7,0.0,137.0,BID
1429,1712708247.8747,2075190.92355722,136.2,-1.6616810361287992e-08,137.0,ASK
1430,1712708250.4943328,2075190.92355722,136.2,-0.0,137.0,ASK
1431,1712708280.734161,2075190.92355722,136.2,-0.0,137.0,ASK
1432,1712708310.7526338,2075190.92355722,136.2,-0.0,137.0,ASK
1433,1712708315.1564815,2147742.26169138,136.2,-1.01242524318004e-05,137.0,ASK
1434,1712708315.1599257,2155157.82703646,136.2,-1.0348128292171776e-06,137.0,ASK
1435,1712708315.163239,2158704.43884111,136.2,-4.949156571238377e-07,137.0,ASK
1436,1712708332.9231913,2232052.49315462,136.2,-1.0235431025106595e-05,137.0,ASK
1437,1712708332.927412,2232405.74767532,136.3,-4.9295271902927364e-08,137.0,ASK
1438,1712708334.4453504,2233086.6333705,136.2,9.501490713315685e-08,137.0,BID
1439,1712708340.5174737,2233086.6333705,136.2,0.0,137.0,BID
1440,1712708370.4831502,2233086.6333705,136.2,0.0,137.0,BID
1441,1712708400.566604,2233086.6333705,136.2,0.0,137.0,BID
1442,1712708409.9522233,2233247.12701177,136.3,-2.2333085091216792e-08,137.0,ASK
1443,1712708419.448409,2235308.68057009,136.3,-2.868702502714915e-07,137.0,ASK
1444,1712708419.452598,2237348.72275775,136.3,-2.8387689011352266e-07,137.0,ASK
1445,1712708426.3373456,2237592.21475775,136.6,3.3882510933119e-08,137.0,BID
1446,1712708426.344148,2238471.50697662,136.7,1.223556758304845e-07,137.0,BID
1447,1712708426.3460002,2245683.71199136,136.6,1.0035960740566796e-06,137.0,BID
1448,1712708430.486683,2245683.71199136,136.6,0.0,137.0,BID
1449,1712708451.9124546,2248590.01463636,136.8,4.0432241701077044e-07,137.0,BID
1450,1712708451.9425154,2248590.01463729,136.8,1.293704780334826e-16,137.0,BID
1451,1712708454.0833845,2248868.41596933,136.9,3.873096274506007e-08,137.0,BID
1452,1712708454.642949,2253102.862906,136.9,-5.890927509162631e-07,137.0,ASK
1453,1712708460.73268,2253102.862906,136.9,-0.0,137.0,ASK
1454,1712708467.882418,2253190.45414688,137.0,1.2183899787092897e-08,137.0,BID
1455,1712708467.884449,2255873.41207497,137.0,3.731981668530955e-07,137.0,BID
1456,1712708470.7702012,2256395.61798831,137.0,-7.263859322497302e-08,137.0,ASK
1457,1712708490.694577,2256395.61798831,137.0,-0.0,137.0,ASK
1458,1712708495.5194056,2257132.68134744,136.4,1.0251872842315902e-07,137.0,BID
1459,1712708520.500824,2257132.68134744,136.4,0.0,137.0,BID
1460,1712708550.479097,2257132.68134744,136.4,0.0,137.0,BID
1461,1712708580.697121,2257132.68134744,136.4,0.0,137.0,BID
1462,1712708597.5694942,2257169.15107756,137.1,5.0725328157118045e-09,137.1,BID
1463,1712708606.772193,2268108.59542524,137.1,1.5215547320049264e-06,137.1,BID
1464,1712708606.7757826,2268110.07337027,137.1,2.0556567428529456e-10,137.1,BID
1465,1712708606.7793193,2268728.74358651,137.2,8.605012879562713e-08,137.2,BID
1466,1712708610.692247,2268728.74358651,137.2,0.0,137.2,BID
1467,1712708636.4827666,2270228.74358651,137.2,2.085871488425293e-07,137.2,BID
1468,1712708640.4967804,2270228.74358651,137.2,0.0,137.2,BID
1469,1712708662.693596,2273144.19548155,137.2,4.054055969550111e-07,137.2,BID
1470,1712708670.5014966,2273144.19548155,137.2,0.0,137.2,BID
1471,1712708700.7019937,2273144.19548155,137.2,0.0,137.2,BID
1472,1712708730.7251005,2273144.19548155,137.2,0.0,137.2,BID
1473,1712708747.6257372,2273728.74358651,137.2,8.145361278020864e-08,137.2,BID
1474,1712708747.6337583,2273873.05845531,137.2,2.010949542374448e-08,137.2,BID
1475,1712708760.4843874,2273873.05845531,137.2,0.0,137.2,BID
1476,1712708790.516845,2273873.05845531,137.2,0.0,137.2,BID
1477,1712708808.83292,2274047.17476746,137.2,2.426182708818847e-08,137.2,BID
1478,1712708808.8364894,2274120.11422771,137.1,1.0163577154986173e-08,137.2,BID
1479,1712708812.762972,2274271.70722771,137.2,2.1123369248778856e-08,137.2,BID
1480,1712708812.767532,2274755.29191006,137.2,6.738396765226876e-08,137.2,BID
1481,1712708820.7559934,2274755.29191006,137.2,0.0,137.2,BID
1482,1712708835.415779,2278399.60677886,137.2,-5.077999007579122e-07,137.2,ASK
1483,1712708843.292555,2282975.68832942,137.2,6.376325429859738e-07,137.2,BID
1484,1712708843.294954,2312855.43087635,137.2,4.163452074326296e-06,137.2,BID
1485,1712708850.7137496,2312855.43087635,137.2,0.0,137.2,BID
1486,1712708851.8026023,2312893.19714854,137.3,5.258533218784798e-09,137.3,BID
1487,1712708851.813126,2323832.64149622,137.3,1.5231959142770311e-06,137.3,BID
1488,1712708851.8247354,2340258.98242062,137.3,-2.2871852159359093e-06,137.3,ASK
1489,1712708880.6108584,2340258.98242062,137.3,-0.0,137.3,ASK
1490,1712708885.2426004,2340309.89151152,137.5,7.084812854814245e-09,137.5,BID
1491,1712708889.5680892,2340334.63402062,137.5,3.4433152003774286e-09,137.5,BID
1492,1712708910.4910927,2340334.63402062,137.5,0.0,137.5,BID
1493,1712708932.9634693,2340334.63402075,137.5,-1.8080346535293918e-17,137.5,ASK
1494,1712708932.9679277,2343951.55210875,137.5,-5.033511739516141e-07,137.5,ASK
1495,1712708939.5196488,2347529.57810539,137.6,4.979387262910926e-07,137.6,BID
1496,1712708939.5217192,2347804.26238152,137.6,3.822664751928439e-08,137.6,BID
1497,1712708940.734512,2347804.26238152,137.6,0.0,137.6,BID
1498,1712708941.0561352,2352250.5641997,137.5,6.1868453160416e-07,137.6,BID
1499,1712708947.745425,2356017.43284372,137.5,5.241442119630872e-07,137.6,BID
1500,1712708954.943317,2359280.70730308,137.5,-4.540711613705145e-07,137.6,ASK
1501,1712708969.983225,2361097.56776819,137.6,2.528086287914227e-07,137.6,BID
1502,1712708970.716576,2361097.56776819,137.6,0.0,137.6,BID
1503,1712708986.4236596,2361135.49628751,137.6,5.276254722295367e-09,137.6,BID
1504,1712708986.4258342,2363588.65310613,137.6,3.41259835103541e-07,137.6,BID
1505,1712708986.57285,2363588.65310699,137.7,1.195808665472367e-16,137.7,BID
1506,1712708986.5769887,2365440.50495799,137.7,2.576120093552946e-07,137.7,BID
1507,1712708987.2930248,2366580.55018393,137.6,-1.5859224443454834e-07,137.7,ASK
1508,1712709000.620731,2366580.55018393,137.6,-0.0,137.7,ASK
1509,1712709001.873801,2368031.92899293,137.8,2.025693471623085e-07,137.8,BID
1510,1712709007.3334324,2368031.9289938,137.8,1.214709383623719e-16,137.8,BID
1511,1712709009.062517,2368112.63332248,137.8,-1.1263925773543537e-08,137.8,ASK
1512,1712709030.4991522,2368112.63332248,137.8,-0.0,137.8,ASK
1513,1712709038.053174,2384457.43697551,137.8,-2.281181609138851e-06,137.8,ASK
1514,1712709053.3936515,2384457.43697585,137.9,4.744310979123489e-17,137.9,BID
1515,1712709053.396029,2384502.63327551,137.9,6.307874341852619e-09,137.9,BID
1516,1712709053.3996508,2386534.53700685,137.9,2.835850171020199e-07,137.9,BID
1517,1712709060.743485,2386534.53700685,137.9,0.0,137.9,BID
1518,1712709063.3131175,2386608.45005033,138.0,1.0312106411158277e-08,138.0,BID
1519,1712709063.3168828,2386870.14491097,138.0,3.65108122074092e-08,138.0,BID
1520,1712709063.3205776,2389457.09022299,138.0,3.6092216043918333e-07,138.0,BID
1521,1712709067.9104853,2390365.03910079,137.8,-1.2667406188339718e-07,138.0,ASK
1522,1712709090.7353234,2390365.03910079,137.8,-0.0,138.0,ASK
1523,1712709095.297406,2392711.56820443,138.1,3.2735594213926454e-07,138.1,BID
1524,1712709095.3012638,2394523.85207513,138.0,2.528252869297889e-07,138.1,BID
1525,1712709095.3049805,2410903.34307293,138.1,2.285044621449079e-06,138.1,BID
1526,1712709097.1037283,2410950.92726033,138.1,-6.638301000876176e-09,138.1,ASK
1527,1712709099.914005,2411608.61759219,138.1,-9.175204257553493e-08,138.1,ASK
1528,1712709110.1520305,2411908.14879141,138.1,-4.1786533893271254e-08,138.1,ASK
1529,1712709110.2670648,2415715.20282329,138.1,5.311085881900898e-07,138.1,BID
1530,1712709110.774468,2415759.09455701,138.2,6.1231799007893155e-09,138.2,BID
1531,1712709110.7825785,2420424.0783693,138.2,6.507953251326149e-07,138.2,BID
1532,1712709110.7873733,2421147.66737075,138.2,1.0094533194747336e-07,138.2,BID
1533,1712709110.7912884,2430477.63499535,138.3,1.3015906502680884e-06,138.3,BID
1534,1712709110.793421,2434569.97354554,138.4,5.709076182230883e-07,138.4,BID
1535,1712709110.7956064,2436739.17094251,138.3,3.026170254907947e-07,138.4,BID
1536,1712709110.874621,2439071.66284866,138.5,3.253976625669896e-07,138.5,BID
1537,1712709110.878369,2444793.68450931,138.5,7.982589215525795e-07,138.5,BID
1538,1712709120.510064,2444793.68450931,138.5,0.0,138.5,BID
1539,1712709127.7410686,2444865.93884431,138.3,-1.0069376807582311e-08,138.5,ASK
1540,1712709133.101225,2445522.73324194,138.1,-9.153098253311764e-08,138.5,ASK
1541,1712709138.5557315,2456328.20163844,138.1,-1.5058519722935978e-06,138.5,ASK
1542,1712709150.5033736,2456328.20163844,138.1,-0.0,138.5,ASK
1543,1712709150.9052567,2463585.09568778,137.8,-1.011097573689279e-06,138.5,ASK
1544,1712709155.185693,2466683.27498774,137.6,-4.316669847658515e-07,138.5,ASK
1545,1712709155.1881237,2467404.57131631,137.6,-1.0049767335306188e-07,138.5,ASK
1546,1712709168.6486597,2467477.29858904,137.6,-1.0133036047960965e-08,138.5,ASK
1547,1712709173.9807425,2467507.61698918,138.2,4.224239820946887e-09,138.5,BID
1548,1712709173.9831011,2467549.65748918,138.2,5.857471151955294e-09,138.5,BID
1549,1712709180.7014165,2467549.65748918,138.2,0.0,138.5,BID
1550,1712709203.0850222,2467622.06878534,138.1,1.008683914364902e-08,138.5,BID
1551,1712709203.676614,2471656.24272029,138.1,5.619573977719117e-07,138.5,BID
1552,1712709203.6816037,2476880.97257044,138.2,7.278009421494447e-07,138.5,BID
1553,1712709210.8881688,2476880.97257044,138.2,0.0,138.5,BID
1554,1712709218.0788112,2478183.68356094,138.3,1.814340799051571e-07,138.5,BID
1555,1712709218.0817974,2482967.30756635,138.3,6.6623558591498e-07,138.5,BID
1556,1712709240.50018,2482967.30756635,138.3,0.0,138.5,BID
1557,1712709252.024763,2498222.9718099,138.3,2.1244719477011545e-06,138.5,BID
1558,1712709252.0271769,2501723.67052731,138.3,4.874999936915733e-07,138.5,BID
1559,1712709270.4979615,2501723.67052731,138.3,0.0,138.5,BID
1560,1712709300.731733,2501723.67052731,138.3,0.0,138.5,BID
1561,1712709319.7931418,2506723.67052731,138.2,6.963467249217132e-07,138.5,BID
1562,1712709319.8063226,2523415.64449694,138.2,2.324680281246063e-06,138.5,BID
1563,1712709324.6688368,2523488.00339708,138.2,1.0077376626290777e-08,138.5,BID
1564,1712709324.751933,2523560.36229722,138.2,1.0077376626290777e-08,138.5,BID
1565,1712709325.842533,2526531.83641267,138.2,4.138352536966414e-07,138.5,BID
1566,1712709330.7306151,2526531.83641267,138.2,0.0,138.5,BID
1567,1712709331.7026749,2526554.65386344,138.2,-3.176254814117225e-09,138.5,ASK
1568,1712709331.8612354,2528756.59327115,138.1,3.06516302575626e-07,138.5,BID
1569,1712709343.352679,2529702.74298536,138.0,-1.3170676316850446e-07,138.5,ASK
1570,1712709360.5167017,2529702.74298536,138.0,-0.0,138.5,ASK
1571,1712709390.7167587,2529702.74298536,138.0,-0.0,138.5,ASK
1572,1712709401.6327662,2531904.68239307,137.8,-3.06497623263984e-07,138.5,ASK
1573,1712709401.63521,2534106.62180078,137.7,-3.06497623263984e-07,138.5,ASK
1574,1712709401.637523,2546421.51214473,137.5,-1.7141637085748693e-06,138.5,ASK
1575,1712709401.639884,2548806.53604527,137.7,-3.319819584425233e-07,138.5,ASK
1576,1712709401.6422887,2549015.15005832,138.1,-2.9037901295298482e-08,138.5,ASK
1577,1712709401.6446376,2554843.31608479,138.0,-8.112480429054125e-07,138.5,ASK
1578,1712709401.6470284,2564840.72537361,137.8,-1.3915833356228972e-06,138.5,ASK
1579,1712709420.7525067,2564840.72537361,137.8,-0.0,138.5,ASK
1580,1712709437.7962904,2572097.61942295,137.8,1.0094390434330794e-06,138.5,BID
1581,1712709450.7505517,2572097.61942295,137.8,0.0,138.5,BID
1582,1712709480.5269456,2572097.61942295,137.8,0.0,138.5,BID
1583,1712709510.5293674,2572097.61942295,137.8,0.0,138.5,BID
1584,1712709540.7317324,2572097.61942295,137.8,0.0,138.5,BID
1585,1712709563.0421174,2572170.18836344,137.8,1.0092986492372489e-08,138.5,BID
1586,1712709566.5422118,2572895.15244163,137.8,1.0082898550291077e-07,138.5,BID
1587,1712709567.0022748,2572967.72138212,137.8,1.0092986492372489e-08,138.5,BID
1588,1712709568.6031573,2589218.78024861,137.8,2.260219268996916e-06,138.5,BID
1589,1712709568.6056864,2592213.07181483,137.8,4.164501249159235e-07,138.5,BID
1590,1712709570.7625542,2592213.07181483,137.8,0.0,138.5,BID
1591,1712709572.142635,2592285.53558294,138.0,1.0074475054661778e-08,138.5,BID
1592,1712709589.6521688,2599001.60937194,137.8,-9.337206664398712e-07,138.5,ASK
1593,1712709589.6563408,2599001.6093728,137.8,-1.1957449135314444e-16,138.5,ASK
1594,1712709600.4938805,2599001.6093728,137.8,-0.0,138.5,ASK
1595,1712709606.591823,2599728.88210007,137.5,-1.0117200775154973e-07,138.5,ASK
1596,1712709606.59576,2600291.3148268,137.5,-7.824086625946817e-08,138.5,ASK
1597,1712709606.59827,2600291.31482734,137.5,-7.51434603540218e-17,138.5,ASK
1598,1712709624.343019,2603641.64257634,137.3,-4.660691543660264e-07,138.5,ASK
