,time,acc_trade_volume,trade_price,dev,high,ask_bid
0,1712689619.1540475,28549524.2942328,280.9,0.0,297.0,BID
1,1712689620.392156,28549524.2942328,280.9,0.0,297.0,BID
2,1712689650.3948443,28549524.2942328,280.9,0.0,297.0,BID
3,1712689680.4030464,28549524.2942328,280.9,0.0,297.0,BID
4,1712689710.393798,28549524.2942328,280.9,0.0,297.0,BID
5,1712689718.1522274,28549559.90676841,280.8,3.8096424102237415e-09,297.0,BID
6,1712689740.611898,28549559.90676841,280.8,0.0,297.0,BID
7,1712689770.5837383,28549559.90676841,280.8,0.0,297.0,BID
8,1712689771.0821834,28549626.14608464,280.8,7.085927302081429e-09,297.0,BID
9,1712689800.392209,28549626.14608464,280.8,0.0,297.0,BID
10,1712689830.395103,28549626.14608464,280.8,0.0,297.0,BID
11,1712689860.5837567,28549626.14608464,280.8,0.0,297.0,BID
12,1712689890.573489,28549626.14608464,280.8,0.0,297.0,BID
13,1712689891.14231,28550341.75048464,280.2,-7.657729385519714e-08,297.0,ASK
14,1712689920.376961,28550341.75048464,280.2,-0.0,297.0,ASK
15,1712689924.222496,28552119.37465651,280.2,-1.9022064117176805e-07,297.0,ASK
16,1712689924.2326307,28553195.02545651,280.2,-1.1510362431564044e-07,297.0,ASK
17,1712689924.2333486,28554644.34308464,280.1,-1.5508909748610909e-07,297.0,ASK
18,1712689924.2722178,28554684.34308464,280.0,-4.280334261473953e-09,297.0,ASK
19,1712689924.2729428,28554738.98551907,280.0,-5.847197105460192e-09,297.0,ASK
20,1712689924.273678,28555049.66789094,280.1,-3.3245610018744925e-08,297.0,ASK
21,1712689924.2744024,28555182.40388464,280.0,-1.4203860539332752e-08,297.0,ASK
22,1712689950.4050028,28555182.40388464,280.0,-0.0,297.0,ASK
23,1712689959.932202,28555200.26102749,280.8,1.9105862495767273e-09,297.0,BID
24,1712689967.2426052,28556880.26102749,280.0,-1.7974795446195977e-07,297.0,ASK
25,1712689967.2443302,28560889.90430733,280.0,-4.290030819483682e-07,297.0,ASK
26,1712689975.0665894,28560898.72249939,280.0,9.434833244190847e-10,297.0,BID
27,1712689975.0683668,28562638.72249939,280.3,1.8616752426417258e-07,297.0,BID
28,1712689975.06984,28562738.72249939,280.9,1.069928300368808e-08,297.0,BID
29,1712689975.071264,28562857.1768713,281.8,1.2673768480950114e-08,297.0,BID
30,1712689975.0726583,28563557.1768713,281.5,7.489498102581655e-08,297.0,BID
31,1712689975.0740366,28565257.1768713,280.4,1.818878110626973e-07,297.0,BID
32,1712689975.0754223,28570279.30048197,281.6,5.373312179007936e-07,297.0,BID
33,1712689975.0765808,28570348.19759137,281.7,7.371496716118044e-09,297.0,BID
34,1712689975.077207,28570448.19759137,281.5,1.069928300368808e-08,297.0,BID
35,1712689975.0778155,28570756.78896692,281.0,3.3017064594896416e-08,297.0,BID
36,1712689975.078604,28571205.34352026,281.8,4.7992121087895483e-08,297.0,BID
37,1712689980.5732918,28571205.34352026,281.8,0.0,297.0,BID
38,1712690010.5838172,28571205.34352026,281.8,0.0,297.0,BID
39,1712690040.3731186,28571205.34352026,281.8,0.0,297.0,BID
40,1712690070.3737032,28571205.34352026,281.8,0.0,297.0,BID
41,1712690100.4220362,28571205.34352026,281.8,0.0,297.0,BID
42,1712690130.373813,28571205.34352026,281.8,0.0,297.0,BID
43,1712690153.6725883,28571347.74295066,280.9,1.5228466808457262e-08,297.0,BID
44,1712690160.5833902,28571347.74295066,280.9,0.0,297.0,BID
45,1712690190.6331563,28571347.74295066,280.9,0.0,297.0,BID
46,1712690204.9221804,28572437.85932567,279.3,-1.165786265806425e-07,297.0,ASK
47,1712690206.7719798,28572795.89727769,279.3,-3.828909799646495e-08,297.0,ASK
48,1712690207.072045,28572824.37716377,280.9,3.0456803334161478e-09,297.0,BID
49,1712690220.3956676,28572824.37716377,280.9,0.0,297.0,BID
50,1712690250.4355724,28572824.37716377,280.9,0.0,297.0,BID
51,1712690280.5720356,28572824.37716377,280.9,0.0,297.0,BID
52,1712690310.5932074,28572824.37716377,280.9,0.0,297.0,BID
53,1712690340.3747704,28572824.37716377,280.9,0.0,297.0,BID
54,1712690370.3941436,28572824.37716377,280.9,0.0,297.0,BID
55,1712690400.4138489,28572824.37716377,280.9,0.0,297.0,BID
56,1712690430.3922746,28572824.37716377,280.9,0.0,297.0,BID
57,1712690460.5823407,28572824.37716377,280.9,0.0,297.0,BID
58,1712690471.6623423,28574578.60859727,279.2,-1.879018130657085e-07,297.0,ASK
59,1712690471.672124,28576278.60859727,279.3,-1.8209289613198378e-07,297.0,ASK
60,1712690476.4830022,28576307.09862576,280.8,3.051665763831839e-09,297.0,BID
61,1712690490.5962572,28576307.09862576,280.8,0.0,297.0,BID
62,1712690520.3926346,28576307.09862576,280.8,0.0,297.0,BID
63,1712690546.2324843,28576378.27300298,280.7,7.622940258896132e-09,297.0,BID
64,1712690548.854035,28576734.52522955,280.7,3.81554366390468e-08,297.0,BID
65,1712690549.3223102,28576752.52522955,280.7,1.9278415916457582e-09,297.0,BID
66,1712690550.3971162,28576752.52522955,280.7,0.0,297.0,BID
67,1712690580.5742428,28576752.52522955,280.7,0.0,297.0,BID
68,1712690585.222626,28576823.69960677,280.6,7.622838180436937e-09,297.0,BID
69,1712690601.4849896,28576894.87398399,280.6,7.622838180835919e-09,297.0,BID
70,1712690604.81249,28576966.04836121,280.6,7.622838180436937e-09,297.0,BID
71,1712690610.5880933,28576966.04836121,280.6,0.0,297.0,BID
72,1712690640.3836637,28576966.04836121,280.6,0.0,297.0,BID
73,1712690640.646357,28577037.34960898,280.5,7.636377126051043e-09,297.0,BID
74,1712690670.39258,28577037.34960898,280.5,0.0,297.0,BID
75,1712690679.7921178,28577108.65085675,280.5,7.636360768538403e-09,297.0,BID
76,1712690700.583425,28577108.65085675,280.5,0.0,297.0,BID
77,1712690730.613292,28577108.65085675,280.5,0.0,297.0,BID
78,1712690760.3534317,28577108.65085675,280.5,0.0,297.0,BID
79,1712690762.9835129,28578606.04836121,280.5,1.6037158984267337e-07,297.0,BID
80,1712690763.1023705,28578713.19121835,280.5,-1.1475022690325296e-08,297.0,ASK
81,1712690763.1045878,28579023.81988744,280.5,-3.326839624374221e-08,297.0,ASK
82,1712690768.4220085,28584377.54643844,280.6,5.73385247410571e-07,297.0,BID
83,1712690768.502008,28585086.44978044,280.6,7.592369805805238e-08,297.0,BID
84,1712690768.5034077,28585954.95554758,280.6,9.301715159027481e-08,297.0,BID
85,1712690790.3822415,28585954.95554758,280.6,0.0,297.0,BID
86,1712690820.5818057,28585954.95554758,280.6,0.0,297.0,BID
87,1712690841.8019392,28589890.02302426,280.5,-4.2133455612978883e-07,297.0,ASK
88,1712690850.6016915,28589890.02302426,280.5,-0.0,297.0,ASK
89,1712690852.58223,28589990.02302426,280.6,1.0705909602891644e-08,297.0,BID
90,1712690872.2519836,28590090.02302426,280.6,1.0705909602891644e-08,297.0,BID
91,1712690880.392121,28590090.02302426,280.6,0.0,297.0,BID
92,1712690890.352743,28590442.87938296,280.5,3.777625582476781e-08,297.0,BID
93,1712690910.3676906,28590442.87938296,280.5,0.0,297.0,BID
94,1712690940.5817623,28590442.87938296,280.5,0.0,297.0,BID
95,1712690963.7417808,28590909.02698582,280.5,4.9904512340752e-08,297.0,BID
96,1712690970.58366,28590909.02698582,280.5,0.0,297.0,BID
97,1712690987.3118937,28595373.42507476,280.6,4.77939797367418e-07,297.0,BID
98,1712691000.453577,28595373.42507476,280.6,0.0,297.0,BID
99,1712691030.3727584,28595373.42507476,280.6,0.0,297.0,BID
100,1712691047.8017838,28595415.6812097,280.6,-4.524955018551027e-09,297.0,ASK
101,1712691060.5731728,28595415.6812097,280.6,-0.0,297.0,ASK
102,1712691090.6059155,28595415.6812097,280.6,-0.0,297.0,ASK
103,1712691120.4030952,28595415.6812097,280.6,-0.0,297.0,ASK
104,1712691150.3750944,28595415.6812097,280.6,-0.0,297.0,ASK
105,1712691163.1115754,28595457.96584072,280.6,4.528000743245331e-09,297.0,BID
106,1712691180.554992,28595457.96584072,280.6,0.0,297.0,BID
107,1712691210.5815966,28595457.96584072,280.6,0.0,297.0,BID
108,1712691217.971685,28595493.60375946,280.6,3.816240407436407e-09,297.0,BID
109,1712691231.231544,28601223.66158213,280.5,-6.135958263737212e-07,297.0,ASK
110,1712691240.3654456,28601223.66158213,280.5,-0.0,297.0,ASK
111,1712691241.431694,28601299.79889298,280.5,-8.151653659061764e-09,297.0,ASK
112,1712691242.0516465,28602266.22411207,280.5,-1.0347047440629801e-07,297.0,ASK
113,1712691270.381162,28602266.22411207,280.5,-0.0,297.0,ASK
114,1712691300.5638287,28602266.22411207,280.5,-0.0,297.0,ASK
115,1712691330.621395,28602266.22411207,280.5,-0.0,297.0,ASK
116,1712691336.751772,28602273.35423684,280.9,7.634980496272836e-10,297.0,BID
117,1712691360.3954873,28602273.35423684,280.9,0.0,297.0,BID
118,1712691390.4013667,28602273.35423684,280.9,0.0,297.0,BID
119,1712691420.571288,28602273.35423684,280.9,0.0,297.0,BID
120,1712691438.4017222,28602344.55395204,280.9,7.624106699553716e-09,297.0,BID
121,1712691450.5833678,28602344.55395204,280.9,0.0,297.0,BID
122,1712691480.3646326,28602344.55395204,280.9,0.0,297.0,BID
123,1712691510.3717566,28602344.55395204,280.9,0.0,297.0,BID
124,1712691540.563104,28602344.55395204,280.9,0.0,297.0,BID
125,1712691550.3118467,28602444.22340008,280.9,1.0672639308395868e-08,297.0,BID
126,1712691550.4612155,28602522.55324004,280.9,-8.387586621685821e-09,297.0,ASK
127,1712691570.573056,28602522.55324004,280.9,-0.0,297.0,ASK
128,1712691593.7015886,28603522.55324004,280.9,1.0707977596982156e-07,297.0,BID
129,1712691600.3813937,28603522.55324004,280.9,0.0,297.0,BID
130,1712691623.2313783,28605412.07709284,280.5,-2.023468227456632e-07,297.0,ASK
131,1712691623.331946,28606742.07709284,280.5,-1.424280904697407e-07,297.0,ASK
132,1712691623.3387067,28607656.10079259,280.5,-9.788169187922925e-08,297.0,ASK
133,1712691630.3834589,28607656.10079259,280.5,-0.0,297.0,ASK
134,1712691660.5730677,28607656.10079259,280.5,-0.0,297.0,ASK
135,1712691670.5316586,28607663.23091736,280.8,7.63461637595219e-10,297.0,BID
136,1712691690.5832713,28607663.23091736,280.8,0.0,297.0,BID
137,1712691720.3931994,28607663.23091736,280.8,0.0,297.0,BID
138,1712691726.4113874,28607734.45598858,280.8,7.626458106364432e-09,297.0,BID
139,1712691750.381844,28607734.45598858,280.8,0.0,297.0,BID
140,1712691780.5815704,28607734.45598858,280.8,0.0,297.0,BID
141,1712691810.6232364,28607734.45598858,280.8,0.0,297.0,BID
142,1712691840.368062,28607734.45598858,280.8,0.0,297.0,BID
143,1712691841.711402,28608707.66235977,280.5,-1.0420630821888737e-07,297.0,ASK
144,1712691869.2714522,28609309.18224295,280.5,-6.440788737283634e-08,297.0,ASK
145,1712691870.375225,28609309.18224295,280.5,-0.0,297.0,ASK
146,1712691894.7914577,28609344.76943156,281.0,3.8103266370790655e-09,297.0,BID
147,1712691894.8714056,28609349.18224295,281.0,4.724805029291986e-10,297.0,BID
148,1712691894.8739076,28610049.18224295,281.0,7.494912495014464e-08,297.0,BID
149,1712691900.411384,28610049.18224295,281.0,0.0,297.0,BID
150,1712691930.383058,28610049.18224295,281.0,0.0,297.0,BID
151,1712691960.563157,28610049.18224295,281.0,0.0,297.0,BID
152,1712691990.5761943,28610049.18224295,281.0,0.0,297.0,BID
153,1712692020.375935,28610049.18224295,281.0,0.0,297.0,BID
154,1712692050.3646824,28610049.18224295,281.0,0.0,297.0,BID
155,1712692080.5529785,28610049.18224295,281.0,0.0,297.0,BID
156,1712692110.5831656,28610049.18224295,281.0,0.0,297.0,BID
157,1712692140.3931158,28610049.18224295,281.0,0.0,297.0,BID
158,1712692170.3750978,28610049.18224295,281.0,0.0,297.0,BID
159,1712692190.3827455,28610749.18224295,281.5,7.49483538947909e-08,297.0,BID
160,1712692190.441441,28612749.18224295,281.5,-2.141381539851169e-07,297.0,ASK
161,1712692200.4051032,28612749.18224295,281.5,-0.0,297.0,ASK
162,1712692230.3915198,28612749.18224295,281.5,-0.0,297.0,ASK
163,1712692236.6617467,28612926.61304493,281.8,1.899636756798552e-08,297.0,BID
164,1712692260.5712206,28612926.61304493,281.8,0.0,297.0,BID
165,1712692290.5729723,28612926.61304493,281.8,0.0,297.0,BID
166,1712692320.3913171,28612926.61304493,281.8,0.0,297.0,BID
167,1712692350.3932853,28612926.61304493,281.8,0.0,297.0,BID
168,1712692380.5630465,28612926.61304493,281.8,0.0,297.0,BID
169,1712692410.5935783,28612926.61304493,281.8,0.0,297.0,BID
170,1712692440.355335,28612926.61304493,281.8,0.0,297.0,BID
171,1712692447.7232533,28612963.95904493,281.5,-3.998373098492586e-09,297.0,ASK
172,1712692447.8014178,28612963.98689796,281.5,-2.982027759479219e-12,297.0,ASK
173,1712692470.3830228,28612963.98689796,281.5,-0.0,297.0,ASK
174,1712692481.911458,28613014.53813479,281.0,-5.412158672084725e-09,297.0,ASK
175,1712692481.9139132,28613147.42349434,281.0,-1.422708317662555e-08,297.0,ASK
176,1712692500.5630424,28613147.42349434,281.0,-0.0,297.0,ASK
177,1712692515.2517488,28613187.42349434,281.0,-4.282575735872265e-09,297.0,ASK
178,1712692515.255241,28613397.42349434,281.0,-2.2483522613329395e-08,297.0,ASK
179,1712692515.4312944,28613504.18506018,281.0,1.1430362284938528e-08,297.0,BID
180,1712692517.1919556,28613987.19929505,281.0,5.171362605845121e-08,297.0,BID
181,1712692522.6356845,28614145.97420608,281.0,1.6999139535780705e-08,297.0,BID
182,1712692530.5911562,28614145.97420608,281.0,0.0,297.0,BID
183,1712692538.0115025,28614855.03510808,281.0,7.591289481730058e-08,297.0,BID
184,1712692560.3927393,28614855.03510808,281.0,0.0,297.0,BID
185,1712692590.365477,28614855.03510808,281.0,0.0,297.0,BID
186,1712692612.2815478,28614975.03510808,280.8,-1.2847067206794654e-08,297.0,ASK
187,1712692612.291209,28615032.46591006,280.8,-6.1484781064976e-09,297.0,ASK
188,1712692620.581337,28615032.46591006,280.8,-0.0,297.0,ASK
189,1712692640.4337392,28616672.46591006,281.6,1.7557564864794966e-07,297.0,BID
190,1712692640.4366229,28617430.39186093,281.7,8.114228076286575e-08,297.0,BID
191,1712692640.4399176,28622010.5145497,281.9,4.903402512000217e-07,297.0,BID
192,1712692640.4426992,28622139.9835032,281.8,1.3860728957795949e-08,297.0,BID
193,1712692640.4442627,28623819.9835032,281.7,1.7985798154180206e-07,297.0,BID
194,1712692640.4455364,28626742.61418763,281.8,3.128919379131016e-07,297.0,BID
195,1712692640.4468238,28629346.03786808,281.9,2.7871817158531817e-07,297.0,BID
196,1712692640.448135,28642510.70781696,281.8,1.4093874789699458e-06,297.0,BID
197,1712692640.4494157,28650512.42720913,282.0,8.566506540119819e-07,297.0,BID
198,1712692650.582937,28650512.42720913,282.0,0.0,297.0,BID
199,1712692669.0405564,28650530.51231513,282.0,1.934090503002595e-09,297.0,BID
200,1712692673.05078,28651371.24103853,282.0,8.99107497352135e-08,297.0,BID
201,1712692680.4320552,28651371.24103853,282.0,0.0,297.0,BID
202,1712692710.4000618,28651371.24103853,282.0,0.0,297.0,BID
203,1712692733.4093351,28651411.24103853,282.0,4.2776424110528995e-09,297.0,BID
204,1712692740.558991,28651411.24103853,282.0,0.0,297.0,BID
205,1712692770.5720868,28651411.24103853,282.0,0.0,297.0,BID
206,1712692800.4700327,28651411.24103853,282.0,0.0,297.0,BID
207,1712692830.3733213,28651411.24103853,282.0,0.0,297.0,BID
208,1712692846.3999968,28652475.07082576,282.0,1.1410197664058625e-07,297.0,BID
209,1712692851.477182,28652528.26231512,282.0,5.7050988320093334e-09,297.0,BID
210,1712692851.5970478,28652581.45380448,282.0,5.7050988320093334e-09,297.0,BID
211,1712692860.5690565,28652581.45380448,282.0,0.0,297.0,BID
212,1712692890.5664585,28652581.45380448,282.0,0.0,297.0,BID
213,1712692908.9661112,28654189.67841448,282.0,1.724854054475303e-07,297.0,BID
214,1712692916.71606,28654278.64295348,282.0,9.541630245509181e-09,297.0,BID
215,1712692919.206092,28664604.78263967,282.0,1.107499772984714e-06,297.0,BID
216,1712692919.3260005,28664734.25159317,282.1,1.388581221683924e-08,297.0,BID
217,1712692919.4662485,28665091.98244417,282.2,3.836737138121947e-08,297.0,BID
218,1712692919.469279,28665223.59841217,282.2,1.4116083949190761e-08,297.0,BID
219,1712692919.5261312,28665756.73251217,282.1,-5.7179731502896984e-08,297.0,ASK
220,1712692920.3759904,28665756.73251217,282.1,-0.0,297.0,ASK
221,1712692922.2159064,28666063.96151217,282.1,-3.2937817846390286e-08,297.0,ASK
222,1712692922.3160408,28666063.96151296,282.2,8.466981259665904e-17,297.0,BID
223,1712692933.6258326,28666768.93281896,282.3,7.557950735052537e-08,297.0,BID
224,1712692943.5160725,28667773.24954421,282.1,-1.0767213171981697e-07,297.0,ASK
225,1712692950.377544,28667773.24954421,282.1,-0.0,297.0,ASK
226,1712692980.5776436,28667773.24954421,282.1,-0.0,297.0,ASK
227,1712693006.5049205,28668836.70222057,282.1,-1.1400510335977156e-07,297.0,ASK
228,1712693007.8851929,28669864.70647452,282.1,-1.1020493326232929e-07,297.0,ASK
229,1712693007.8884163,28670512.3823365,282.1,-6.94326651577121e-08,297.0,ASK
230,1712693010.5646322,28670512.3823365,282.1,-0.0,297.0,ASK
231,1712693029.4846466,28670579.79460165,282.1,7.226184908654386e-09,297.0,BID
232,1712693040.3461566,28670579.79460165,282.1,0.0,297.0,BID
233,1712693070.3853805,28670579.79460165,282.1,0.0,297.0,BID
234,1712693100.5658216,28670579.79460165,282.1,0.0,297.0,BID
235,1712693120.2938292,28670996.44438634,282.1,4.473232739634535e-08,297.0,BID
236,1712693130.5936062,28670996.44438634,282.1,0.0,297.0,BID
237,1712693160.3829184,28670996.44438634,282.1,0.0,297.0,BID
238,1712693190.3640444,28670996.44438634,282.1,0.0,297.0,BID
239,1712693220.5843072,28670996.44438634,282.1,0.0,297.0,BID
240,1712693228.5837605,28671413.24225869,282.0,-4.474766170368543e-08,297.0,ASK
241,1712693250.5755408,28671413.24225869,282.0,-0.0,297.0,ASK
242,1712693280.3743017,28671413.24225869,282.0,-0.0,297.0,ASK
243,1712693310.3814738,28671413.24225869,282.0,-0.0,297.0,ASK
244,1712693340.5730455,28671413.24225869,282.0,-0.0,297.0,ASK
245,1712693370.562594,28671413.24225869,282.0,-0.0,297.0,ASK
246,1712693400.4166312,28671413.24225869,282.0,-0.0,297.0,ASK
247,1712693430.3772633,28671413.24225869,282.0,-0.0,297.0,ASK
248,1712693460.5703769,28671413.24225869,282.0,-0.0,297.0,ASK
249,1712693490.5722854,28671413.24225869,282.0,-0.0,297.0,ASK
250,1712693497.7801511,28671768.7346156,282.1,-3.821160696244471e-08,297.0,ASK
251,1712693505.470198,28673216.6665763,282.1,-1.5563712106577578e-07,297.0,ASK
252,1712693505.549905,28676190.00490564,282.0,-3.1960190816566134e-07,297.0,ASK
253,1712693505.5706265,28678513.09231483,282.0,-2.49706924195308e-07,297.0,ASK
254,1712693505.574098,28679875.28221276,282.0,-1.4642077101247452e-07,297.0,ASK
255,1712693505.6499584,28682354.9936504,282.0,-2.665423236060637e-07,297.0,ASK
256,1712693506.0301251,28692455.9010523,282.0,-1.0857389648514525e-06,297.0,ASK
257,1712693506.0354216,28727916.8939601,282.0,-3.8116755456122905e-06,297.0,ASK
258,1712693506.5708408,28728718.2763201,281.6,-8.613998914919878e-08,297.0,ASK
259,1712693506.5743153,28730378.2763201,281.7,-1.784321556412108e-07,297.0,ASK
260,1712693506.5774152,28730428.2763201,281.6,-5.374462519313578e-09,297.0,ASK
261,1712693507.690099,28732088.2763201,282.2,1.784321556412108e-07,297.0,BID
262,1712693520.3699768,28732088.2763201,282.2,0.0,297.0,BID
263,1712693550.3716106,28732088.2763201,282.2,0.0,297.0,BID
264,1712693557.9197168,28732091.77118485,282.3,3.74970766764414e-10,297.0,BID
265,1712693568.4396973,28738037.58910791,282.3,-6.379382507531062e-07,297.0,ASK
266,1712693580.5516143,28738037.58910791,282.3,-0.0,297.0,ASK
267,1712693590.0795636,28742091.77118485,282.3,4.349026317587164e-07,297.0,BID
268,1712693600.6194062,28742198.15416357,282.3,-1.1411978184759298e-08,297.0,ASK
269,1712693610.5742557,28742198.15416357,282.3,-0.0,297.0,ASK
270,1712693631.969666,28742327.62311707,282.4,1.388672095440129e-08,297.0,BID
271,1712693631.973327,28742703.39188517,282.4,4.0304612687713936e-08,297.0,BID
272,1712693640.4090989,28742703.39188517,282.4,0.0,297.0,BID
273,1712693666.1593654,28743418.39188517,282.5,7.668906920422568e-08,297.0,BID
274,1712693670.3605502,28743418.39188517,282.5,0.0,297.0,BID
275,1712693694.719078,28743547.86083867,282.8,1.3886207600382916e-08,297.0,BID
276,1712693694.7230785,28743597.86083867,282.8,5.3627557900316255e-09,297.0,BID
277,1712693694.8587506,28744130.30853867,282.8,-5.71077397214198e-08,297.0,ASK
278,1712693700.3912606,28744130.30853867,282.8,-0.0,297.0,ASK
279,1712693702.2691467,28744662.82383867,282.8,-5.7144382837636296e-08,297.0,ASK
280,1712693713.318704,28745195.04233867,282.8,-5.7112533137254506e-08,297.0,ASK
281,1712693730.364092,28745195.04233867,282.8,-0.0,297.0,ASK
282,1712693741.5184908,28745418.31433867,282.8,-2.3958613770707608e-08,297.0,ASK
283,1712693748.0890088,28746480.18369482,282.5,-1.1394584981099921e-07,297.0,ASK
284,1712693748.0921743,28746480.26124132,282.8,-8.321270176529479e-12,297.0,ASK
285,1712693760.545096,28746480.26124132,282.8,-0.0,297.0,ASK
286,1712693790.574038,28746480.26124132,282.8,-0.0,297.0,ASK
287,1712693793.7232494,28747525.95088765,282.4,-1.1220528384092037e-07,297.0,ASK
288,1712693793.7247095,28747526.02843415,282.5,-8.320945929637931e-12,297.0,ASK
289,1712693820.3637643,28747526.02843415,282.5,-0.0,297.0,ASK
290,1712693848.508033,28747673.45340333,282.4,-1.581859052526702e-08,297.0,ASK
291,1712693848.5104375,28758509.64548,282.4,-1.1627154223991612e-06,297.0,ASK
292,1712693850.37793,28758509.64548,282.4,-0.0,297.0,ASK
293,1712693879.4576876,28759571.21660527,282.6,1.1386790196241496e-07,297.0,BID
294,1712693880.5556736,28759571.21660527,282.6,0.0,297.0,BID
295,1712693900.3745284,28759717.4565706,282.9,1.5685715077467943e-08,297.0,BID
296,1712693900.377468,28760487.4565706,283.0,8.2590286330612e-08,297.0,BID
297,1712693900.3803186,28760537.4565706,282.9,5.363005605883896e-09,297.0,BID
298,1712693900.3832684,28760641.92458731,283.0,1.1205251185040247e-08,297.0,BID
299,1712693900.3861752,28764397.8732825,283.0,4.028634781543524e-07,297.0,BID
300,1712693900.38908,28766077.8732825,283.2,1.801969883576989e-07,297.0,BID
301,1712693900.3911903,28766147.9134425,283.0,7.512515414374879e-09,297.0,BID
302,1712693900.3928423,28766183.18681111,283.5,3.783425471684411e-09,297.0,BID
303,1712693900.3945086,28766252.83215559,283.0,7.470167457492648e-09,297.0,BID
304,1712693900.396177,28766703.52888895,283.5,4.834178215118407e-08,297.0,BID
305,1712693900.3978586,28767812.07531173,283.4,1.18902813595386e-07,297.0,BID
306,1712693900.3995626,28767862.07531173,283.3,5.363005605883896e-09,297.0,BID
307,1712693900.4013095,28770792.58082614,283.4,3.143263500370249e-07,297.0,BID
308,1712693900.4030156,28770922.04977964,283.1,1.3886854467922572e-08,297.0,BID
309,1712693900.4047155,28771332.38663659,283.4,4.401277728248056e-08,297.0,BID
310,1712693900.4064424,28772075.66805442,283.5,7.972444821162319e-08,297.0,BID
311,1712693900.4081962,28772097.08897552,283.2,2.2976103986827e-09,297.0,BID
312,1712693900.409924,28772226.55792902,283.5,1.3886854468322148e-08,297.0,BID
313,1712693910.574409,28772226.55792902,283.5,0.0,297.0,BID
314,1712693940.377652,28772226.55792902,283.5,0.0,297.0,BID
315,1712693962.1678672,28772402.92477205,283.5,1.8909857478988853e-08,297.0,BID
316,1712693968.6974075,28773292.83757205,282.9,-9.541546431072893e-08,297.0,ASK
317,1712693970.365693,28773292.83757205,282.9,-0.0,297.0,ASK
318,1712693982.7073977,28773402.92477205,282.9,-1.1803045721859877e-08,297.0,ASK
319,1712693982.7113383,28773825.69127205,282.9,-4.5327089154139944e-08,297.0,ASK
320,1712693988.8071198,28774263.69127205,282.9,-4.6960355301372e-08,297.0,ASK
321,1712694000.4231706,28774263.69127205,282.9,-0.0,297.0,ASK
322,1712694030.3569877,28774263.69127205,282.9,-0.0,297.0,ASK
323,1712694060.55787,28774263.69127205,282.9,-0.0,297.0,ASK
324,1712694090.560433,28774263.69127205,282.9,-0.0,297.0,ASK
325,1712694120.356577,28774263.69127205,282.9,-0.0,297.0,ASK
326,1712694120.8766758,28774389.92823266,283.6,1.3541200775410642e-08,297.0,BID
327,1712694120.880068,28774468.33202841,283.5,8.410227359115156e-09,297.0,BID
328,1712694120.9564097,28774623.69127205,283.6,-1.6665093173094472e-08,297.0,ASK
329,1712694148.5264387,28775752.83735505,283.4,-1.211213715934053e-07,297.0,ASK
330,1712694148.5388398,28775752.83735532,283.4,-2.877155043752512e-17,297.0,ASK
331,1712694150.3983872,28775752.83735532,283.4,-0.0,297.0,ASK
332,1712694150.436225,28777374.04923532,282.9,-1.738964685263745e-07,297.0,ASK
333,1712694180.5594754,28777374.04923532,282.9,-0.0,297.0,ASK
334,1712694210.5781603,28777374.04923532,282.9,-0.0,297.0,ASK
335,1712694240.357514,28777374.04923532,282.9,-0.0,297.0,ASK
336,1712694246.1763413,28780900.14232417,283.6,3.782016277769417e-07,297.0,BID
337,1712694270.35844,28780900.14232417,283.6,0.0,297.0,BID
338,1712694300.5557203,28780900.14232417,283.6,0.0,297.0,BID
339,1712694330.555613,28780900.14232417,283.6,0.0,297.0,BID
340,1712694360.377632,28780900.14232417,283.6,0.0,297.0,BID
341,1712694371.6657338,28781076.5091672,282.9,-1.8916024021268736e-08,297.0,ASK
342,1712694390.3769214,28781076.5091672,282.9,-0.0,297.0,ASK
343,1712694420.5772803,28781076.5091672,282.9,-0.0,297.0,ASK
344,1712694450.576694,28781076.5091672,282.9,-0.0,297.0,ASK
345,1712694480.3472576,28781076.5091672,282.9,-0.0,297.0,ASK
346,1712694510.3408277,28781076.5091672,282.9,-0.0,297.0,ASK
347,1712694540.3771858,28781076.5091672,282.9,-0.0,297.0,ASK
348,1712694546.4748075,28781952.98190105,282.9,-9.400457750905817e-08,297.0,ASK
349,1712694570.3999777,28781952.98190105,282.9,-0.0,297.0,ASK
350,1712694576.3946102,28781970.65599083,282.9,1.8955537297626682e-09,297.0,BID
351,1712694600.6645014,28781970.65599083,282.9,0.0,297.0,BID
352,1712694609.8043764,28782446.88179798,282.9,5.1075592225107307e-08,297.0,BID
353,1712694630.5541575,28782446.88179798,282.9,0.0,297.0,BID
354,1712694660.3454366,28782446.88179798,282.9,0.0,297.0,BID
355,1712694690.4169855,28782446.88179798,282.9,0.0,297.0,BID
356,1712694720.5545473,28782446.88179798,282.9,0.0,297.0,BID
357,1712694750.5487616,28782446.88179798,282.9,0.0,297.0,BID
358,1712694780.3950844,28782446.88179798,282.9,0.0,297.0,BID
359,1712694804.2856126,28782465.71309798,283.2,2.0196425475345702e-09,297.0,BID
360,1712694804.288473,28782482.17509388,283.5,1.765536492309028e-09,297.0,BID
361,1712694810.3376365,28782482.17509388,283.5,0.0,297.0,BID
362,1712694840.6100385,28782482.17509388,283.5,0.0,297.0,BID
363,1712694870.5475695,28782482.17509388,283.5,0.0,297.0,BID
364,1712694900.3678958,28782482.17509388,283.5,0.0,297.0,BID
365,1712694930.3690114,28782482.17509388,283.5,0.0,297.0,BID
366,1712694960.5478556,28782482.17509388,283.5,0.0,297.0,BID
367,1712694990.5666494,28782482.17509388,283.5,0.0,297.0,BID
368,1712695020.3468006,28782482.17509388,283.5,0.0,297.0,BID
369,1712695050.378549,28782482.17509388,283.5,0.0,297.0,BID
370,1712695080.5700898,28782482.17509388,283.5,0.0,297.0,BID
371,1712695110.5600984,28782482.17509388,283.5,0.0,297.0,BID
372,1712695140.3676531,28782482.17509388,283.5,0.0,297.0,BID
373,1712695170.35887,28782482.17509388,283.5,0.0,297.0,BID
374,1712695200.3976047,28782482.17509388,283.5,0.0,297.0,BID
375,1712695230.370515,28782482.17509388,283.5,0.0,297.0,BID
376,1712695260.547614,28782482.17509388,283.5,0.0,297.0,BID
377,1712695290.5576694,28782482.17509388,283.5,0.0,297.0,BID
378,1712695293.588071,28783013.41929388,283.1,-5.6977368965452064e-08,297.0,ASK
379,1712695320.3598292,28783013.41929388,283.1,-0.0,297.0,ASK
380,1712695328.9783852,28784796.69459952,283.1,-1.9125798670958722e-07,297.0,ASK
381,1712695346.657878,28784864.10686467,283.1,-7.230030086193068e-09,297.0,ASK
382,1712695350.3577547,28784864.10686467,283.1,-0.0,297.0,ASK
383,1712695380.5579362,28784864.10686467,283.1,-0.0,297.0,ASK
384,1712695410.560351,28784864.10686467,283.1,-0.0,297.0,ASK
385,1712695410.6578326,28784959.00133151,283.1,-1.0176950710566704e-08,297.0,ASK
386,1712695440.3610094,28784959.00133151,283.1,-0.0,297.0,ASK
387,1712695470.3729866,28784959.00133151,283.1,-0.0,297.0,ASK
388,1712695500.3817124,28784959.00133151,283.1,-0.0,297.0,ASK
389,1712695510.548204,28785500.36922637,283.1,-5.8090462201120344e-08,297.0,ASK
390,1712695530.3817973,28785500.36922637,283.1,-0.0,297.0,ASK
391,1712695542.0379229,28788590.47706309,283.1,-3.315727478342109e-07,297.0,ASK
392,1712695555.2981908,28788642.18606309,283.1,-5.54844559586141e-09,297.0,ASK
393,1712695560.5606894,28788642.18606309,283.1,-0.0,297.0,ASK
394,1712695562.0638075,28793935.06360422,283.1,-5.678787168585585e-07,297.0,ASK
395,1712695567.8381934,28794075.28935377,283.5,1.5044976594548373e-08,297.0,BID
396,1712695587.3982823,28796356.20875435,283.5,2.447223787804091e-07,297.0,BID
397,1712695587.402253,28797484.95654977,283.5,1.2110460609368997e-07,297.0,BID
398,1712695590.560663,28797484.95654977,283.5,0.0,297.0,BID
399,1712695620.3599052,28797484.95654977,283.5,0.0,297.0,BID
400,1712695630.338559,28797784.96828466,283.5,-3.2179944481066145e-08,297.0,ASK
401,1712695650.360391,28797784.96828466,283.5,-0.0,297.0,ASK
402,1712695680.5906286,28797784.96828466,283.5,-0.0,297.0,ASK
403,1712695703.4082158,28798843.16934286,283.5,-1.135040289461772e-07,297.0,ASK
404,1712695703.4121797,28830362.51787354,283.5,-3.380806530350056e-06,297.0,ASK
405,1712695710.5507998,28830362.51787354,283.5,-0.0,297.0,ASK
406,1712695740.3614268,28830362.51787354,283.5,-0.0,297.0,ASK
407,1712695770.3785114,28830362.51787354,283.5,-0.0,297.0,ASK
408,1712695800.4682257,28830362.51787354,283.5,-0.0,297.0,ASK
409,1712695830.3642948,28830362.51787354,283.5,-0.0,297.0,ASK
410,1712695860.561061,28830362.51787354,283.5,-0.0,297.0,ASK
411,1712695888.1682646,28831420.71893174,283.5,1.13642259876904e-07,297.0,BID
412,1712695890.560813,28831420.71893174,283.5,0.0,297.0,BID
413,1712695920.3571253,28831420.71893174,283.5,0.0,297.0,BID
414,1712695950.366859,28831420.71893174,283.5,0.0,297.0,BID
415,1712695980.580742,28831420.71893174,283.5,0.0,297.0,BID
416,1712695986.3980768,28832130.17623174,283.1,-7.618753808303833e-08,297.0,ASK
417,1712695989.90791,28832839.14893174,283.1,-7.613549762806298e-08,297.0,ASK
418,1712695989.9278014,28833725.35103174,283.1,-9.516789275808721e-08,297.0,ASK
419,1712696010.5599806,28833725.35103174,283.1,-0.0,297.0,ASK
420,1712696040.39982,28833725.35103174,283.1,-0.0,297.0,ASK
421,1712696070.378784,28833725.35103174,283.1,-0.0,297.0,ASK
422,1712696100.5539794,28833725.35103174,283.1,-0.0,297.0,ASK
423,1712696130.5498166,28833725.35103174,283.1,-0.0,297.0,ASK
424,1712696160.3457532,28833725.35103174,283.1,-0.0,297.0,ASK
425,1712696190.3678672,28833725.35103174,283.1,-0.0,297.0,ASK
426,1712696220.551877,28833725.35103174,283.1,-0.0,297.0,ASK
427,1712696250.5700686,28833725.35103174,283.1,-0.0,297.0,ASK
428,1712696280.359826,28833725.35103174,283.1,-0.0,297.0,ASK
429,1712696310.3475397,28833725.35103174,283.1,-0.0,297.0,ASK
430,1712696340.5795865,28833725.35103174,283.1,-0.0,297.0,ASK
431,1712696362.907795,28834425.35103174,283.5,7.520982939371605e-08,297.0,BID
432,1712696362.9127424,28835841.75314814,283.5,1.5218194503898084e-07,297.0,BID
433,1712696363.0274818,28835896.59905743,283.5,5.8927878294932956e-09,297.0,BID
434,1712696363.167596,28836603.86345743,283.5,-7.59903355148149e-08,297.0,ASK
435,1712696370.569366,28836603.86345743,283.5,-0.0,297.0,ASK
436,1712696383.987471,28836780.54190266,283.6,-1.8981129635853483e-08,297.0,ASK
437,1712696384.9473438,28836820.88294311,283.6,-4.333966813974167e-09,297.0,ASK
438,1712696387.6177633,28836920.52601032,283.6,-1.0704972944321148e-08,297.0,ASK
439,1712696387.623274,28836926.89001025,283.5,-6.83704837351025e-10,297.0,ASK
440,1712696392.99747,28837032.89707739,283.5,-1.1388677781672174e-08,297.0,ASK
441,1712696394.968058,28837312.96554956,283.7,3.0088650430481665e-08,297.0,BID
442,1712696394.9723723,28839325.36015937,283.7,2.161979799933617e-07,297.0,BID
443,1712696395.555462,28839690.26524502,283.7,-3.9202918762556734e-08,297.0,ASK
444,1712696400.5300806,28839690.26524502,283.7,-0.0,297.0,ASK
445,1712696430.3694143,28839690.26524502,283.7,-0.0,297.0,ASK
446,1712696447.2975335,28839819.73419852,283.8,1.3938262639801858e-08,297.0,BID
447,1712696447.3023546,28840105.05080502,283.8,3.071638172188971e-08,297.0,BID
448,1712696460.5674803,28840105.05080502,283.8,0.0,297.0,BID
449,1712696463.79714,28842018.50467029,283.8,2.0599443970802162e-07,297.0,BID
450,1712696490.567412,28842018.50467029,283.8,0.0,297.0,BID
451,1712696520.3499336,28842018.50467029,283.8,0.0,297.0,BID
452,1712696533.897115,28842379.13835084,283.8,-3.882204403725609e-08,297.0,ASK
453,1712696550.3717232,28842379.13835084,283.8,-0.0,297.0,ASK
454,1712696554.7029302,28843805.03106211,283.8,-1.5349498043263808e-07,297.0,ASK
455,1712696580.5401046,28843805.03106211,283.8,-0.0,297.0,ASK
456,1712696597.3271258,28844498.82968278,283.8,-7.468301503972024e-08,297.0,ASK
457,1712696602.19084,28846105.05080478,283.8,-1.728995023024006e-07,297.0,ASK
458,1712696602.2871242,28846105.05080502,283.8,-2.6065249629329778e-17,297.0,ASK
459,1712696608.9682555,28846105.05080564,283.7,-6.656663751490373e-17,297.0,ASK
460,1712696608.9724534,28849674.84125564,283.7,-3.842652693796391e-07,297.0,ASK
461,1712696610.5912485,28849674.84125564,283.7,-0.0,297.0,ASK
462,1712696640.3387742,28849674.84125564,283.7,-0.0,297.0,ASK
463,1712696670.359628,28849674.84125564,283.7,-0.0,297.0,ASK
464,1712696700.559779,28849674.84125564,283.7,-0.0,297.0,ASK
465,1712696712.597724,28849705.36177261,283.7,-3.286371660898695e-09,297.0,ASK
466,1712696730.5688488,28849705.36177261,283.7,-0.0,297.0,ASK
467,1712696739.2283485,28850763.18969861,283.6,-1.1390411505725957e-07,297.0,ASK
468,1712696739.246885,28850763.18969926,283.6,-6.979651782364561e-17,297.0,ASK
469,1712696745.1174505,28851634.95072185,283.5,-9.386892270384008e-08,297.0,ASK
470,1712696745.1210546,28853846.22832326,283.5,-2.3810452734712282e-07,297.0,ASK
471,1712696745.1370852,28853846.22832359,283.5,-3.5700517737381945e-17,297.0,ASK
472,1712696745.220348,28855257.66092759,283.4,-1.51979332148748e-07,297.0,ASK
473,1712696745.237212,28855257.66092768,283.4,-9.62710590670974e-18,297.0,ASK
474,1712696760.3690095,28855257.66092768,283.4,-0.0,297.0,ASK
475,1712696789.338695,28855789.74942768,283.1,-5.72841742662805e-08,297.0,ASK
476,1712696789.438949,28857461.21311898,283.1,-1.799482931357985e-07,297.0,ASK
477,1712696789.4422734,28860866.84187134,283.1,-3.666469599251801e-07,297.0,ASK
478,1712696789.4452405,28860902.16507868,283.1,-3.802865059048391e-09,297.0,ASK
479,1712696789.538483,28860902.1650794,283.1,-7.740485742376824e-17,297.0,ASK
480,1712696790.375766,28860902.1650794,283.1,-0.0,297.0,ASK
481,1712696798.198872,28864435.73398399,283.0,-3.8035544843207913e-07,297.0,ASK
482,1712696820.5554202,28864435.73398399,283.0,-0.0,297.0,ASK
483,1712696850.5499277,28864435.73398399,283.0,-0.0,297.0,ASK
484,1712696853.2504034,28866155.73398399,282.7,-1.851218914490264e-07,297.0,ASK
485,1712696853.260124,28881857.545509,282.6,-1.6899703771429613e-06,297.0,ASK
486,1712696871.100527,28883517.545509,282.5,-1.7866415104964173e-07,297.0,ASK
487,1712696876.300642,28885177.545509,282.5,-1.7866415104964173e-07,297.0,ASK
488,1712696880.367882,28885177.545509,282.5,-0.0,297.0,ASK
489,1712696880.403149,28896131.19254115,282.4,-1.178186872670911e-06,297.0,ASK
490,1712696882.671236,28896152.37150338,283.3,2.2780335356567714e-09,297.0,BID
491,1712696882.8908658,28896506.47915211,282.4,-3.8088225959981375e-08,297.0,ASK
492,1712696910.3864646,28896506.47915211,282.4,-0.0,297.0,ASK
493,1712696929.0220706,28896527.65811434,283.3,2.2772498851134676e-09,297.0,BID
494,1712696940.5519514,28896527.65811434,283.3,0.0,297.0,BID
495,1712696970.5728023,28896527.65811434,283.3,0.0,297.0,BID
496,1712697000.403366,28896527.65811434,283.3,0.0,297.0,BID
497,1712697030.3828535,28896527.65811434,283.3,0.0,297.0,BID
498,1712697060.5838678,28896527.65811434,283.3,0.0,297.0,BID
499,1712697090.574847,28896527.65811434,283.3,0.0,297.0,BID
500,1712697120.384647,28896527.65811434,283.3,0.0,297.0,BID
501,1712697138.0062132,28897589.60501699,282.5,-1.1430793165428433e-07,297.0,ASK
502,1712697138.0126843,28898484.59822834,282.5,-9.633704150212105e-08,297.0,ASK
503,1712697138.0176604,28903241.73643268,282.4,-5.120582087240226e-07,297.0,ASK
504,1712697150.3799329,28903241.73643268,282.4,-0.0,297.0,ASK
505,1712697151.5759172,28905344.06763668,282.4,-2.2624868540150817e-07,297.0,ASK
506,1712697165.0160336,28905365.24659891,283.3,2.2792376166710404e-09,297.0,BID
507,1712697178.615986,28905411.04921355,282.4,-4.929185910684035e-09,297.0,ASK
508,1712697180.592306,28905411.04921355,282.4,-0.0,297.0,ASK
509,1712697210.596568,28905411.04921355,282.4,-0.0,297.0,ASK
510,1712697240.3526728,28905411.04921355,282.4,-0.0,297.0,ASK
511,1712697270.3792727,28905411.04921355,282.4,-0.0,297.0,ASK
512,1712697300.3786526,28905411.04921355,282.4,-0.0,297.0,ASK
513,1712697330.378214,28905411.04921355,282.4,-0.0,297.0,ASK
514,1712697342.718313,28905820.39516938,282.4,-4.4346578870785946e-08,297.0,ASK
515,1712697342.7223198,28908150.41859848,282.4,-2.524235705707907e-07,297.0,ASK
516,1712697360.5881486,28908150.41859848,282.4,-0.0,297.0,ASK
517,1712697390.5787053,28908150.41859848,282.4,-0.0,297.0,ASK
518,1712697417.448686,28908504.02538773,282.8,3.830485447073945e-08,297.0,BID
519,1712697420.3907597,28908504.02538773,282.8,0.0,297.0,BID
520,1712697424.2186544,28908539.38606665,282.8,3.8304439526715554e-09,297.0,BID
521,1712697424.6585631,28909211.23896624,282.8,7.27784351156906e-08,297.0,BID
522,1712697424.8788145,28910097.49186624,282.8,-9.600330551174749e-08,297.0,ASK
523,1712697450.3911035,28910097.49186624,282.8,-0.0,297.0,ASK
524,1712697462.918845,28916455.42219639,282.8,-6.886888987537475e-07,297.0,ASK
525,1712697480.569224,28916455.42219639,282.8,-0.0,297.0,ASK
526,1712697510.572327,28916455.42219639,282.8,-0.0,297.0,ASK
527,1712697540.3814144,28916455.42219639,282.8,-0.0,297.0,ASK
528,1712697570.3785095,28916455.42219639,282.8,-0.0,297.0,ASK
529,1712697582.6998875,28922141.1880139,282.8,-6.157603360679055e-07,297.0,ASK
530,1712697600.4155943,28922141.1880139,282.8,-0.0,297.0,ASK
531,1712697630.3783934,28922141.1880139,282.8,-0.0,297.0,ASK
532,1712697636.0904305,28923705.17106474,283.2,1.693882443522551e-07,297.0,BID
533,1712697656.8202963,28926548.0539735,282.8,-3.079003602731421e-07,297.0,ASK
534,1712697660.426517,28926548.0539735,282.8,-0.0,297.0,ASK
535,1712697690.379104,28926548.0539735,282.8,-0.0,297.0,ASK
536,1712697704.5405366,28926583.64116211,282.8,-3.853774149633349e-09,297.0,ASK
537,1712697720.5902555,28926583.64116211,282.8,-0.0,297.0,ASK
538,1712697749.201181,28926680.21718741,282.8,-1.0458308135629482e-08,297.0,ASK
539,1712697749.206036,28945508.66608411,282.8,-2.038950346802285e-06,297.0,ASK
540,1712697750.494603,28946216.12982659,282.7,-7.661191057175329e-08,297.0,ASK
541,1712697750.4998672,28946216.12982674,282.8,-1.613660687114469e-17,297.0,ASK
542,1712697750.506464,28946377.67268411,282.7,-1.7493627163216385e-08,297.0,ASK
543,1712697750.5352006,28946377.6726846,282.7,-5.2847387502998855e-17,297.0,ASK
544,1712697750.565168,28947439.61958725,282.5,-1.149992236389576e-07,297.0,ASK
545,1712697750.567407,28948239.5452506,282.5,-8.662469848940629e-08,297.0,ASK
546,1712697750.5713654,28948239.54525095,282.5,-3.7921026147190016e-17,297.0,ASK
547,1712697750.641825,28948239.54525095,282.5,-0.0,297.0,ASK
548,1712697750.6460638,28948892.52224129,282.4,-7.066462900517219e-08,297.0,ASK
549,1712697750.6482928,28949104.88059823,282.4,-2.298124548200752e-08,297.0,ASK
550,1712697764.7412744,28949405.55624395,282.3,-3.253886931693662e-08,297.0,ASK
551,1712697764.7443304,28961027.88745623,282.3,-1.25775905650339e-06,297.0,ASK
552,1712697764.760594,28963574.87965875,282.3,-2.756333863707252e-07,297.0,ASK
553,1712697764.840871,28963614.87965875,282.0,-4.328766866234968e-09,297.0,ASK
554,1712697764.8438509,28964324.09951675,282.0,-7.67511855544611e-08,297.0,ASK
555,1712697764.8606172,28964324.0995169,282.0,-1.612591321108851e-17,297.0,ASK
556,1712697780.4065108,28964324.0995169,282.0,-0.0,297.0,ASK
557,1712697782.6611211,28965386.4224629,282.4,-1.1490724698016533e-07,297.0,ASK
558,1712697782.6663096,28965386.42246307,282.4,-1.8535692262360762e-17,297.0,ASK
559,1712697810.3856566,28965386.42246307,282.4,-0.0,297.0,ASK
560,1712697840.571205,28965386.42246307,282.4,-0.0,297.0,ASK
561,1712697849.1411755,28965436.42246307,282.4,5.408125599460142e-09,297.0,BID
562,1712697870.5746636,28965436.42246307,282.4,0.0,297.0,BID
563,1712697900.3805196,28965436.42246307,282.4,0.0,297.0,BID
564,1712697930.3838725,28965436.42246307,282.4,0.0,297.0,BID
565,1712697960.565211,28965436.42246307,282.4,0.0,297.0,BID
566,1712697990.5837102,28965436.42246307,282.4,0.0,297.0,BID
567,1712698020.4109125,28965436.42246307,282.4,0.0,297.0,BID
568,1712698050.3735178,28965436.42246307,282.4,0.0,297.0,BID
569,1712698080.6055462,28965436.42246307,282.4,0.0,297.0,BID
570,1712698110.5721908,28965436.42246307,282.4,0.0,297.0,BID
571,1712698140.388757,28965436.42246307,282.4,0.0,297.0,BID
572,1712698170.3999946,28965436.42246307,282.4,0.0,297.0,BID
573,1712698200.4931588,28965436.42246307,282.4,0.0,297.0,BID
574,1712698230.3750696,28965436.42246307,282.4,0.0,297.0,BID
575,1712698232.8528185,28965615.18859954,282.3,1.93851853082883e-08,297.0,BID
576,1712698232.8579297,28965650.95397865,282.2,3.8783547898122176e-09,297.0,BID
577,1712698260.5626965,28965650.95397865,282.2,0.0,297.0,BID
578,1712698269.753004,28965844.16730253,282.2,-2.0951683385552986e-08,297.0,ASK
579,1712698278.2033875,28966907.99708976,282.0,-1.1535966790764021e-07,297.0,ASK
580,1712698278.2129946,28969844.16730253,282.0,-3.183926834274461e-07,297.0,ASK
581,1712698278.3028495,28970454.09638054,282.0,-6.613954293350904e-08,297.0,ASK
582,1712698286.672888,28970475.35789719,282.2,2.3055582098933902e-09,297.0,BID
583,1712698290.5627377,28970475.35789719,282.2,0.0,297.0,BID
584,1712698314.333035,28971660.88305666,282.2,1.2853711794277584e-07,297.0,BID
585,1712698320.3833654,28971660.88305666,282.2,0.0,297.0,BID
586,1712698350.3852506,28971660.88305666,282.2,0.0,297.0,BID
587,1712698380.4244294,28971660.88305666,282.2,0.0,297.0,BID
588,1712698393.1432836,28980073.79775958,282.2,-9.121127269276804e-07,297.0,ASK
589,1712698410.399278,28980073.79775958,282.2,-0.0,297.0,ASK
590,1712698440.583455,28980073.79775958,282.2,-0.0,297.0,ASK
591,1712698470.5656767,28980073.79775958,282.2,-0.0,297.0,ASK
592,1712698500.4144475,28980073.79775958,282.2,-0.0,297.0,ASK
593,1712698530.387944,28980073.79775958,282.2,-0.0,297.0,ASK
594,1712698545.7837694,28980897.48723808,282.2,-8.93478187293311e-08,297.0,ASK
595,1712698545.7891178,28988020.09531745,282.2,-7.726085037727139e-07,297.0,ASK
596,1712698553.284651,28989623.69630965,282.2,1.7394692357422285e-07,297.0,BID
597,1712698558.363716,28989670.99173993,282.0,-5.130262849918904e-09,297.0,ASK
598,1712698558.369296,28991088.22002759,282.1,-1.5373057377738953e-07,297.0,ASK
599,1712698560.5635312,28991088.22002759,282.1,-0.0,297.0,ASK
600,1712698585.5469596,28999601.90529254,282.1,-9.2319114676847e-07,297.0,ASK
601,1712698590.5735102,28999601.90529254,282.1,-0.0,297.0,ASK
602,1712698619.353788,29003100.70915304,282.0,-3.792979953895533e-07,297.0,ASK
603,1712698620.3982017,29003100.70915304,282.0,-0.0,297.0,ASK
604,1712698631.073885,29005039.69882601,282.0,2.1017932642689773e-07,297.0,BID
605,1712698631.080295,29012018.0379055,282.0,7.564262088403461e-07,297.0,BID
606,1712698650.4022548,29012018.0379055,282.0,0.0,297.0,BID
607,1712698680.5837495,29012018.0379055,282.0,0.0,297.0,BID
608,1712698681.0938585,29012053.46121403,282.3,3.838709580155463e-09,297.0,BID
609,1712698683.984153,29012267.65065902,282.3,2.3211018637331413e-08,297.0,BID
610,1712698683.9894495,29012336.84768232,282.3,7.498658010371454e-09,297.0,BID
611,1712698692.0942235,29012407.69429939,282.3,7.677419161522019e-09,297.0,BID
612,1712698702.3438077,29012443.11760792,282.3,3.83870958055916e-09,297.0,BID
613,1712698706.199932,29013185.35749345,282.3,8.043414005270274e-08,297.0,BID
614,1712698710.5658517,29013185.35749345,282.3,0.0,297.0,BID
615,1712698740.3596027,29013185.35749345,282.3,0.0,297.0,BID
616,1712698770.3843453,29013185.35749345,282.3,0.0,297.0,BID
617,1712698800.3912067,29013185.35749345,282.3,0.0,297.0,BID
618,1712698830.3931477,29013185.35749345,282.3,0.0,297.0,BID
619,1712698860.5827649,29013185.35749345,282.3,0.0,297.0,BID
620,1712698863.2669697,29013362.53679891,282.3,-1.9215881984790743e-08,297.0,ASK
621,1712698865.3120008,29013388.02274318,282.3,-2.764063760786646e-09,297.0,ASK
622,1712698865.316275,29013539.71610437,282.3,-1.6451818224004092e-08,297.0,ASK
623,1712698867.1819682,29013716.89540983,282.3,-1.9215881984790743e-08,297.0,ASK
624,1712698868.9820974,29013894.07471529,282.3,-1.9215881984790743e-08,297.0,ASK
625,1712698870.6918464,29014071.25402075,282.3,-1.9215881984790743e-08,297.0,ASK
626,1712698872.4619684,29014096.48891392,282.3,-2.7368361546480352e-09,297.0,ASK
627,1712698872.4682546,29014248.43332621,282.3,-1.6479045830142703e-08,297.0,ASK
628,1712698890.57131,29014248.43332621,282.3,-0.0,297.0,ASK
629,1712698920.3993723,29014248.43332621,282.3,-0.0,297.0,ASK
630,1712698950.382826,29014248.43332621,282.3,-0.0,297.0,ASK
631,1712698980.5876606,29014248.43332621,282.3,-0.0,297.0,ASK
632,1712699005.5792806,29015447.88500544,282.3,-1.3008162380471692e-07,297.0,ASK
633,1712699010.565062,29015447.88500544,282.3,-0.0,297.0,ASK
634,1712699040.361035,29015447.88500544,282.3,-0.0,297.0,ASK
635,1712699068.868132,29017036.59269226,282.3,-1.7229046444375061e-07,297.0,ASK
636,1712699070.398437,29017036.59269226,282.3,-0.0,297.0,ASK
637,1712699080.478144,29017079.6500171,282.6,4.669207408154452e-09,297.0,BID
638,1712699100.3976045,29017079.6500171,282.6,0.0,297.0,BID
639,1712699125.9875767,29018098.16381753,282.6,1.1060187346184916e-07,297.0,BID
640,1712699130.3799095,29018098.16381753,282.6,0.0,297.0,BID
641,1712699160.5695448,29018098.16381753,282.6,0.0,297.0,BID
642,1712699175.9065197,29018585.3949229,282.6,-5.29074704180898e-08,297.0,ASK
643,1712699190.586362,29018585.3949229,282.6,-0.0,297.0,ASK
644,1712699200.906452,29022033.21357502,282.6,-3.743862696008823e-07,297.0,ASK
645,1712699200.9133575,29022740.92765853,282.6,-7.684813570660252e-08,297.0,ASK
646,1712699212.6267183,29022788.82280553,282.3,-5.2007623446519705e-09,297.0,ASK
647,1712699212.6307957,29038468.39840508,282.3,-1.7025889148870926e-06,297.0,ASK
648,1712699213.9864895,29038475.00176751,281.8,-7.170354581811561e-10,297.0,ASK
649,1712699213.996256,29038683.28662029,281.9,-2.261690561911872e-08,297.0,ASK
650,1712699214.00057,29045258.64448208,282.3,-7.139945425068662e-07,297.0,ASK
651,1712699214.005077,29046918.64448208,281.9,-1.802534501504073e-07,297.0,ASK
652,1712699214.0093772,29048918.64448208,281.8,-2.1717283150651485e-07,297.0,ASK
653,1712699217.5465324,29050086.85859189,281.6,-1.2685218301685996e-07,297.0,ASK
654,1712699217.5523765,29050112.28659189,281.9,-2.761135379705871e-09,297.0,ASK
655,1712699217.557907,29050529.50605211,281.6,-4.5304365767705705e-08,297.0,ASK
656,1712699217.5628176,29050825.20484807,281.7,-3.2108872395779995e-08,297.0,ASK
657,1712699217.5652978,29055818.60148564,281.8,-5.422150433081059e-07,297.0,ASK
658,1712699217.567803,29058253.86595138,281.7,-2.644366397461748e-07,297.0,ASK
659,1712699217.570322,29058323.86595138,281.6,-7.601049102728019e-09,297.0,ASK
660,1712699220.389521,29058323.86595138,281.6,-0.0,297.0,ASK
661,1712699250.368083,29058323.86595138,281.6,-0.0,297.0,ASK
662,1712699280.5689168,29058323.86595138,281.6,-0.0,297.0,ASK
663,1712699310.5941374,29058323.86595138,281.6,-0.0,297.0,ASK
664,1712699340.383096,29058323.86595138,281.6,-0.0,297.0,ASK
665,1712699369.0857916,29066029.0538302,281.6,-8.356613082832768e-07,297.0,ASK
666,1712699369.0919192,29066739.28110292,281.6,-7.702725244814612e-08,297.0,ASK
667,1712699369.0951517,29070270.35050299,281.7,-3.829599123224884e-07,297.0,ASK
668,1712699369.0977728,29070294.34020469,281.6,-2.601788019032442e-09,297.0,ASK
669,1712699369.1003764,29071088.19701019,281.6,-8.609724085991268e-08,297.0,ASK
670,1712699370.3882456,29071088.19701019,281.6,-0.0,297.0,ASK
671,1712699400.4407196,29071088.19701019,281.6,-0.0,297.0,ASK
672,1712699430.3774698,29071088.19701019,281.6,-0.0,297.0,ASK
673,1712699460.5685043,29071088.19701019,281.6,-0.0,297.0,ASK
674,1712699490.5734758,29071088.19701019,281.6,-0.0,297.0,ASK
675,1712699504.0983224,29071122.90404144,281.6,-3.7659027069907325e-09,297.0,ASK
676,1712699504.1017692,29081191.30979783,281.6,-1.0924770897273486e-06,297.0,ASK
677,1712699504.1332486,29086644.3595648,281.6,5.916857230127829e-07,297.0,BID
678,1712699504.1531737,29091457.43958893,281.6,5.222455058537053e-07,297.0,BID
679,1712699504.4379785,29092090.88458893,282.0,6.87322468766575e-08,297.0,BID
680,1712699520.396579,29092090.88458893,282.0,0.0,297.0,BID
681,1712699550.3667462,29092090.88458893,282.0,0.0,297.0,BID
682,1712699573.8431993,29092126.23276849,282.9,3.8330109031163025e-09,297.0,BID
683,1712699580.5478604,29092126.23276849,282.9,0.0,297.0,BID
684,1712699610.5550685,29092126.23276849,282.9,0.0,297.0,BID
685,1712699640.365951,29092126.23276849,282.9,0.0,297.0,BID
686,1712699670.374939,29092126.23276849,282.9,0.0,297.0,BID
687,1712699700.3920376,29092126.23276849,282.9,0.0,297.0,BID
688,1712699705.411815,29093126.23276849,282.8,1.0853990673784605e-07,297.0,BID
689,1712699730.4086523,29093126.23276849,282.8,0.0,297.0,BID
690,1712699760.4482255,29093126.23276849,282.8,0.0,297.0,BID
691,1712699790.3743558,29093126.23276849,282.8,0.0,297.0,BID
692,1712699820.5538292,29093126.23276849,282.8,0.0,297.0,BID
693,1712699822.5013356,29093829.93696849,282.6,7.637764382066706e-08,297.0,BID
694,1712699822.6813834,29094357.15376849,282.6,5.72223058591039e-08,297.0,BID
695,1712699823.501312,29094846.23276849,282.6,5.308295966143725e-08,297.0,BID
696,1712699823.5165727,29095586.25536849,282.6,8.03195185732748e-08,297.0,BID
697,1712699825.6513393,29096046.23276849,282.6,4.9924371664777444e-08,297.0,BID
698,1712699825.6584218,29096113.03286849,282.7,7.250254076769356e-09,297.0,BID
699,1712699832.0011897,29096211.4387414,282.7,1.0680636425189984e-08,297.0,BID
700,1712699832.0614784,29099650.3515809,282.7,-3.732478220048786e-07,297.0,ASK
701,1712699850.561071,29099650.3515809,282.7,-0.0,297.0,ASK
702,1712699880.3847506,29099650.3515809,282.7,-0.0,297.0,ASK
703,1712699896.6409678,29099669.74952925,282.6,2.104965571563639e-09,297.0,BID
704,1712699910.38697,29099669.74952925,282.6,0.0,297.0,BID
705,1712699917.6209202,29100731.32065451,282.6,1.1519616924286876e-07,297.0,BID
706,1712699920.8310592,29101390.3515809,282.6,7.151460352102982e-08,297.0,BID
707,1712699924.5131996,29103090.3515809,282.0,-1.8447514542620897e-07,297.0,ASK
708,1712699924.5188873,29103255.91819432,281.8,-1.7966426522667725e-08,297.0,ASK
709,1712699924.52367,29115671.9100296,281.7,-1.3473187643671368e-06,297.0,ASK
710,1712699924.5283968,29115709.06275501,282.6,-4.031620248786727e-09,297.0,ASK
711,1712699924.5315032,29121636.60920607,281.5,-6.432264668115161e-07,297.0,ASK
712,1712699924.5341754,29123088.50062103,281.7,-1.575516940691899e-07,297.0,ASK
713,1712699924.5368934,29124848.50062103,281.8,-1.9098603291183989e-07,297.0,ASK
714,1712699924.539605,29126603.99937857,281.7,-1.9049758152525781e-07,297.0,ASK
715,1712699924.5423226,29128507.26474269,281.5,-2.065324440182395e-07,297.0,ASK
716,1712699931.8912134,29128684.19326356,282.6,1.9199361539669643e-08,297.0,BID
717,1712699940.563161,29128684.19326356,282.6,0.0,297.0,BID
718,1712699970.585531,29128684.19326356,282.6,0.0,297.0,BID
719,1712699972.7508216,29128772.68883878,282.5,9.59456824948427e-09,297.0,BID
720,1712700000.4565525,29128772.68883878,282.5,0.0,297.0,BID
721,1712700030.415154,29128772.68883878,282.5,0.0,297.0,BID
722,1712700053.430342,29128932.53884878,282.2,-1.73888349682108e-08,297.0,ASK
723,1712700060.560667,29128932.53884878,282.2,-0.0,297.0,ASK
724,1712700075.450155,29128958.43263948,282.2,-2.8167695684728343e-09,297.0,ASK
725,1712700076.1500485,29128984.32643018,282.2,-2.8167695684728343e-09,297.0,ASK
726,1712700076.830222,29129010.22022088,282.2,-2.8167695684728343e-09,297.0,ASK
727,1712700089.420244,29129481.4060606,282.2,-5.1256378404352784e-08,297.0,ASK
728,1712700090.570258,29129481.4060606,282.2,-0.0,297.0,ASK
729,1712700095.146942,29133391.7160606,282.2,4.25362850785127e-07,297.0,BID
730,1712700116.200363,29134009.4213606,282.0,-6.719387653478542e-08,297.0,ASK
731,1712700116.8301086,29134560.6153606,282.1,5.995878873408478e-08,297.0,BID
732,1712700118.850365,29135111.8093606,282.1,5.995878873449002e-08,297.0,BID
733,1712700120.352939,29135111.8093606,282.1,0.0,297.0,BID
734,1712700121.2440464,29135649.4213606,282.1,5.847123640884096e-08,297.0,BID
735,1712700147.6999755,29152484.43819561,282.2,1.8309938195335129e-06,297.0,BID
736,1712700147.7101357,29162366.66799419,282.2,1.074801520054681e-06,297.0,BID
737,1712700150.3652463,29162366.66799419,282.2,0.0,297.0,BID
738,1712700180.559796,29162366.66799419,282.2,0.0,297.0,BID
739,1712700210.5692608,29162366.66799419,282.2,0.0,297.0,BID
740,1712700240.383083,29162366.66799419,282.2,0.0,297.0,BID
741,1712700243.749657,29162919.03099419,282.2,6.002535858153044e-08,297.0,BID
742,1712700261.8997333,29163907.2617144,282.2,1.0739116005511977e-07,297.0,BID
743,1712700270.3633208,29163907.2617144,282.2,0.0,297.0,BID
744,1712700291.04982,29167919.03099419,282.2,-4.359388900921662e-07,297.0,ASK
745,1712700300.549503,29167919.03099419,282.2,-0.0,297.0,ASK
746,1712700319.5203552,29168559.74799419,282.2,6.973594090919295e-08,297.0,BID
747,1712700330.5501077,29168559.74799419,282.2,0.0,297.0,BID
748,1712700335.1594863,29169113.23799419,282.2,6.024092751963505e-08,297.0,BID
749,1712700343.3895018,29169666.72799419,282.2,6.02409275192296e-08,297.0,BID
750,1712700346.0397425,29170220.21799419,282.2,6.024092751963505e-08,297.0,BID
751,1712700360.3851223,29170220.21799419,282.2,0.0,297.0,BID
752,1712700381.3493557,29170586.57337279,282.2,3.987147431311595e-08,297.0,BID
753,1712700381.3552618,29170754.41118759,282.2,1.8266255970350583e-08,297.0,BID
754,1712700390.3727813,29170754.41118759,282.2,0.0,297.0,BID
755,1712700420.5517256,29170754.41118759,282.2,0.0,297.0,BID
756,1712700450.589173,29170754.41118759,282.2,0.0,297.0,BID
757,1712700470.922077,29173580.57873125,282.2,-3.075746242502631e-07,297.0,ASK
758,1712700474.409073,29174049.18473125,282.2,5.0998856983664403e-08,297.0,BID
759,1712700478.249223,29175973.43703125,282.2,2.094182913759857e-07,297.0,BID
760,1712700480.361929,29175973.43703125,282.2,0.0,297.0,BID
761,1712700482.1194386,29176059.19703125,282.2,9.331850306655637e-09,297.0,BID
762,1712700499.5702596,29177173.1447786,282.2,1.212126122666937e-07,297.0,BID
763,1712700499.5784197,29178993.1447786,282.7,1.980406664940113e-07,297.0,BID
764,1712700499.5825098,29180653.1447786,282.5,1.8063049801102125e-07,297.0,BID
765,1712700499.586148,29180987.79441764,282.8,3.641441623998352e-08,297.0,BID
766,1712700499.5894763,29181013.68820834,282.4,2.8175953675447262e-09,297.0,BID
767,1712700499.592831,29183002.73866581,282.6,2.164356474107694e-07,297.0,BID
768,1712700499.5961812,29183702.15508024,282.8,7.610598509355614e-08,297.0,BID
769,1712700510.3897402,29183702.15508024,282.8,0.0,297.0,BID
770,1712700540.574109,29183702.15508024,282.8,0.0,297.0,BID
771,1712700570.5929132,29183702.15508024,282.8,0.0,297.0,BID
772,1712700600.3808649,29183702.15508024,282.8,0.0,297.0,BID
773,1712700601.90931,29183878.95847486,282.8,1.9339931790925112e-08,297.0,BID
774,1712700627.7992585,29183896.91685304,282.7,1.964406904297285e-09,297.0,BID
775,1712700627.8090048,29184062.3031462,282.7,1.8091053261247096e-08,297.0,BID
776,1712700627.9486291,29188213.02040813,282.7,-4.540330738672282e-07,297.0,ASK
777,1712700627.9687598,29188682.9554859,282.7,-5.140462585437668e-08,297.0,ASK
778,1712700630.3688252,29188682.9554859,282.7,-0.0,297.0,ASK
779,1712700660.561207,29188682.9554859,282.7,-0.0,297.0,ASK
780,1712700678.08867,29188749.0954859,282.6,7.2337191270935534e-09,297.0,BID
781,1712700690.5610816,29188749.0954859,282.6,0.0,297.0,BID
782,1712700720.3814206,29188749.0954859,282.6,0.0,297.0,BID
783,1712700750.3723931,29188749.0954859,282.6,0.0,297.0,BID
784,1712700769.798525,29189064.0954859,282.1,-3.445141921611166e-08,297.0,ASK
785,1712700780.5784588,29189064.0954859,282.1,-0.0,297.0,ASK
786,1712700782.9688768,29192484.3606401,282.1,-3.740693443808692e-07,297.0,ASK
787,1712700782.9754145,29192546.94722347,282.1,-6.8450021130456715e-09,297.0,ASK
788,1712700783.0687969,29194319.99686847,282.0,-1.939158189080286e-07,297.0,ASK
789,1712700783.0751529,29194319.99686886,282.0,-4.2780096822474186e-17,297.0,ASK
790,1712700783.1532452,29196059.99686886,281.8,-1.9030122808553448e-07,297.0,ASK
791,1712700783.248473,29197739.9968682,281.7,-1.8373911670012522e-07,297.0,ASK
792,1712700783.2548006,29198168.84937086,281.7,-4.6902964323882544e-08,297.0,ASK
793,1712700796.5786197,29198256.07537086,282.0,9.539778690200648e-09,297.0,BID
794,1712700810.571237,29198256.07537086,282.0,0.0,297.0,BID
795,1712700840.3932962,29198256.07537086,282.0,0.0,297.0,BID
796,1712700870.361199,29198256.07537086,282.0,0.0,297.0,BID
797,1712700900.4227092,29198256.07537086,282.0,0.0,297.0,BID
798,1712700907.6288006,29201736.68258498,282.0,3.834255539483131e-07,297.0,BID
799,1712700908.269077,29201736.68258564,281.7,-7.304763528360626e-17,297.0,ASK
800,1712700908.274429,29202437.20797902,281.7,-7.717025234023157e-08,297.0,ASK
801,1712700919.2288868,29202457.89037902,281.8,-2.2783842556443387e-09,297.0,ASK
802,1712700919.2389324,29202561.55865818,281.7,-1.1420153128016197e-08,297.0,ASK
803,1712700930.373292,29202561.55865818,281.7,-0.0,297.0,ASK
804,1712700960.5589497,29202561.55865818,281.7,-0.0,297.0,ASK
805,1712700990.5725763,29202561.55865818,281.7,-0.0,297.0,ASK
806,1712701003.3923109,29202738.37071491,282.0,1.9475106532077323e-08,297.0,BID
807,1712701020.387122,29202738.37071491,282.0,0.0,297.0,BID
808,1712701034.2093406,29202844.75369363,282.0,1.171757460274982e-08,297.0,BID
809,1712701041.3496332,29202866.42836755,281.7,-2.387361321654914e-09,297.0,ASK
810,1712701050.3698113,29202866.42836755,281.7,-0.0,297.0,ASK
811,1712701060.8995245,29206674.24935061,282.0,4.194115406342946e-07,297.0,BID
812,1712701060.905579,29206951.80179957,282.0,3.057094877680531e-08,297.0,BID
813,1712701061.0192778,29209876.87538084,282.0,-3.2218153706472577e-07,297.0,ASK
814,1712701076.5002277,29210754.39745522,282.0,-9.665446111917154e-08,297.0,ASK
815,1712701080.6039913,29210754.39745522,282.0,-0.0,297.0,ASK
816,1712701110.563627,29210754.39745522,282.0,-0.0,297.0,ASK
817,1712701111.7497494,29210774.35614779,282.0,-2.197806989909784e-09,297.0,ASK
818,1712701140.3925486,29210774.35614779,282.0,-0.0,297.0,ASK
1019,1712701164.5196316,29210939.93092863,282.1,-1.8232716591097172e-08,297.0,ASK
819,1712701164.5196316,29210939.93092863,282.1,-1.823271659109717e-08,297.0,ASK
820,1712701170.382286,29210939.93092863,282.1,-0.0,297.0,ASK
821,1712701170.769934,29211121.8667481,282.1,2.0034253741033445e-08,297.0,BID
822,1712701200.4040782,29211121.8667481,282.1,0.0,297.0,BID
823,1712701215.8998494,29211146.45276429,282.2,-2.718454834700104e-09,297.0,ASK
824,1712701230.3799973,29211146.45276429,282.2,-0.0,297.0,ASK
825,1712701242.1399217,29211331.03764654,282.2,-2.0409377293048623e-08,297.0,ASK
826,1712701260.5599968,29211331.03764654,282.2,-0.0,297.0,ASK
827,1712701290.5831506,29211331.03764654,282.2,-0.0,297.0,ASK
828,1712701293.733648,29211366.47350763,282.6,3.9180873564535205e-09,297.0,BID
829,1712701320.3763516,29211366.47350763,282.6,0.0,297.0,BID
830,1712701329.130376,29211498.7134227,282.6,1.4621542967678052e-08,297.0,BID
831,1712701332.0600762,29211564.79976381,282.6,7.30705457272966e-09,297.0,BID
1031,1712701332.0600762,29211564.79976381,282.6,7.3070545727296615e-09,297.0,BID
832,1712701350.3871517,29211564.79976381,282.6,0.0,297.0,BID
833,1712701374.680398,29211962.57735626,282.6,4.39813207240636e-08,297.0,BID
834,1712701374.6858718,29215122.82832472,282.8,3.494214205384375e-07,297.0,BID
835,1712701374.6911888,29221387.79976381,282.7,6.927029662287242e-07,297.0,BID
836,1712701380.590278,29221387.79976381,282.7,0.0,297.0,BID
837,1712701410.590247,29221387.79976381,282.7,0.0,297.0,BID
838,1712701440.399969,29221387.79976381,282.7,0.0,297.0,BID
839,1712701470.380445,29221387.79976381,282.7,0.0,297.0,BID
840,1712701500.5657537,29221387.79976381,282.7,0.0,297.0,BID
841,1712701513.600399,29221564.66569943,282.7,1.959745668530232e-08,297.0,BID
1041,1712701513.600399,29221564.66569943,282.7,1.9597456685302322e-08,297.0,BID
842,1712701530.562936,29221564.66569943,282.7,0.0,297.0,BID
843,1712701560.3859043,29221564.66569943,282.7,0.0,297.0,BID
844,1712701590.3805802,29221564.66569943,282.7,0.0,297.0,BID
845,1712701605.4404633,29221600.06392951,282.4,3.922244467190865e-09,297.0,BID
846,1712701612.6806717,29221918.76081336,282.4,3.531270028420392e-08,297.0,BID
847,1712701620.5504434,29221918.76081336,282.4,0.0,297.0,BID
848,1712701632.060515,29222801.34493296,282.2,-9.779224319966565e-08,297.0,ASK
849,1712701650.5934503,29222801.34493296,282.2,-0.0,297.0,ASK
850,1712701680.3920329,29222801.34493296,282.2,-0.0,297.0,ASK
851,1712701680.9831572,29223435.49986116,282.2,-7.02638085104814e-08,297.0,ASK
852,1712701680.989992,29224365.98610377,282.2,-1.030970576197115e-07,297.0,ASK
853,1712701710.400263,29224365.98610377,282.2,-0.0,297.0,ASK
854,1712701715.8505096,29225332.19524544,282.2,1.070498862876495e-07,297.0,BID
855,1712701735.9906228,29225608.94455186,282.2,-3.066207977599596e-08,297.0,ASK
856,1712701740.5747232,29225608.94455186,282.2,-0.0,297.0,ASK
857,1712701770.570773,29225608.94455186,282.2,-0.0,297.0,ASK
858,1712701774.810768,29227244.15386532,282.2,-1.811638505254788e-07,297.0,ASK
859,1712701784.831151,29228310.60428236,282.2,-1.1815139649432621e-07,297.0,ASK
860,1712701784.8379548,29231310.60428236,282.0,-3.323681849796612e-07,297.0,ASK
861,1712701784.8432903,29231615.48551774,282.1,-3.377760761250544e-08,297.0,ASK
862,1712701784.8486533,29238707.6840993,282.0,-7.857403900229684e-07,297.0,ASK
863,1712701784.8520763,29242070.59053434,282.1,-3.725743693567667e-07,297.0,ASK
864,1712701784.8552053,29251468.69544101,282.0,-1.0412103566928685e-06,297.0,ASK
865,1712701784.8583322,29251539.39402257,282.0,-7.832653077658747e-09,297.0,ASK
866,1712701786.4708006,29253299.39402257,282.3,1.9498933518806786e-07,297.0,BID
867,1712701786.480617,29254939.39402257,282.2,1.8169460778888145e-07,297.0,BID
868,1712701786.4840777,29256897.12908933,282.3,2.1689628360338906e-07,297.0,BID
869,1712701786.489244,29259917.50105871,282.4,3.346251831420347e-07,297.0,BID
870,1712701786.570788,29265370.5508357,282.4,-6.041400856606337e-07,297.0,ASK
871,1712701786.580749,29266918.72015571,282.4,-1.715207423109344e-07,297.0,ASK
872,1712701786.586099,29268487.301356,282.0,-1.7378216217792077e-07,297.0,ASK
873,1712701794.3020816,29268966.44906971,282.0,-5.3084485314273867e-08,297.0,ASK
874,1712701794.4405313,29270011.28480786,282.0,1.1575671929718432e-07,297.0,BID
875,1712701800.45126,29270011.28480786,282.0,0.0,297.0,BID
876,1712701802.040402,29270180.91984849,282.0,1.9023903674169283e-08,297.0,BID
877,1712701818.3481116,29270236.96274902,282.0,6.284991221877157e-09,297.0,BID
878,1712701830.3758526,29270236.96274902,282.0,0.0,297.0,BID
879,1712701860.614682,29270236.96274902,282.0,0.0,297.0,BID
880,1712701890.554329,29270236.96274902,282.0,0.0,297.0,BID
881,1712701920.3856668,29270236.96274902,282.0,0.0,297.0,BID
882,1712701942.7508624,29270272.46150656,281.7,-3.981017846763966e-09,297.0,ASK
883,1712701949.111047,29270591.95032445,281.7,3.5829160622964576e-08,297.0,BID
884,1712701949.118211,29273818.56079734,281.8,3.6184911154244427e-07,297.0,BID
885,1712701950.3848956,29273818.56079734,281.8,0.0,297.0,BID
886,1712701964.7808528,29274388.22579318,281.8,6.387800639156694e-08,297.0,BID
887,1712701980.3571336,29274388.22579318,281.8,0.0,297.0,BID
888,1712701989.2708366,29277367.17683708,281.8,-3.340314569224061e-07,297.0,ASK
889,1712701995.0524848,29278337.07512708,281.8,1.0875524105672432e-07,297.0,BID
890,1712701995.070598,29278337.07512789,281.8,9.06450007640351e-17,297.0,BID
891,1712701995.130517,29281463.27627782,281.9,3.505426941751557e-07,297.0,BID
892,1712701995.3009846,29281463.27627861,281.9,8.855640627638451e-17,297.0,BID
893,1712701995.3062713,29282133.35059661,281.9,7.513581035374039e-08,297.0,BID
894,1712702010.3741994,29282133.35059661,281.9,0.0,297.0,BID
895,1712702031.0107243,29283197.55776227,281.9,-1.1930094633959666e-07,297.0,ASK
896,1712702031.017924,29284084.13846463,281.9,-9.938846515153224e-08,297.0,ASK
897,1712702031.1305687,29285696.07329963,281.9,1.8070292839504733e-07,297.0,BID
898,1712702031.1504524,29285696.07330024,281.9,6.807151801929593e-17,297.0,BID
899,1712702040.5503392,29285696.07330024,281.9,0.0,297.0,BID
900,1712702070.580387,29285696.07330024,281.9,0.0,297.0,BID
901,1712702100.3953118,29285696.07330024,281.9,0.0,297.0,BID
902,1712702130.37756,29285696.07330024,281.9,0.0,297.0,BID
903,1712702160.5882504,29285696.07330024,281.9,0.0,297.0,BID
904,1712702188.250661,29285886.99272034,281.9,-2.1444091843638842e-08,297.0,ASK
1104,1712702188.250661,29285886.99272034,281.9,-2.144409184363884e-08,297.0,ASK
905,1712702190.553681,29285886.99272034,281.9,-0.0,297.0,ASK
906,1712702208.370974,29285922.37842451,282.6,3.974502450928745e-09,297.0,BID
907,1712702217.7105937,29285958.25220736,282.6,4.0293231745774e-09,297.0,BID
908,1712702220.390756,29285958.25220736,282.6,0.0,297.0,BID
909,1712702250.380685,29285958.25220736,282.6,0.0,297.0,BID
910,1712702280.6022544,29285958.25220736,282.6,0.0,297.0,BID
911,1712702282.3305142,29286312.10924911,282.6,3.974493461557281e-08,297.0,BID
912,1712702310.5656593,29286312.10924911,282.6,0.0,297.0,BID
913,1712702340.394215,29286312.10924911,282.6,0.0,297.0,BID
914,1712702346.9908738,29286424.36964065,282.1,-1.260885408888775e-08,297.0,ASK
915,1712702361.7208211,29286489.46828316,282.1,-7.311744361427617e-09,297.0,ASK
916,1712702370.3900108,29286489.46828316,282.1,-0.0,297.0,ASK
917,1712702388.4205403,29287424.36964065,282.1,1.05005589228514e-07,297.0,BID
918,1712702400.425073,29287424.36964065,282.1,0.0,297.0,BID
919,1712702430.3531268,29287424.36964065,282.1,0.0,297.0,BID
920,1712702460.5734663,29287424.36964065,282.1,0.0,297.0,BID
921,1712702490.5604749,29287424.36964065,282.1,0.0,297.0,BID
922,1712702520.380862,29287424.36964065,282.1,0.0,297.0,BID
923,1712702550.3753517,29287424.36964065,282.1,0.0,297.0,BID
1124,1712702550.3809726,29287636.66618169,282.6,2.394864128080968e-08,297.0,BID
924,1712702550.3809726,29287636.66618169,282.6,2.3948641280809682e-08,297.0,BID
925,1712702561.4405208,29287742.8056102,282.6,1.1973323194967955e-08,297.0,BID
926,1712702571.8405232,29287795.79397801,282.6,5.977485108920085e-09,297.0,BID
927,1712702580.58506,29287795.79397801,282.6,0.0,297.0,BID
928,1712702610.5631237,29287795.79397801,282.6,0.0,297.0,BID
929,1712702638.67319,29287831.17968218,282.5,3.991725429279689e-09,297.0,BID
930,1712702640.3539352,29287831.17968218,282.5,0.0,297.0,BID
931,1712702670.4094126,29287831.17968218,282.5,0.0,297.0,BID
932,1712702688.7907195,29287978.5531335,282.5,1.6624614477463556e-08,297.0,BID
1133,1712702693.090485,29288015.37791226,282.5,4.1540572243771785e-09,297.0,BID
933,1712702693.090485,29288015.37791226,282.5,4.154057224377178e-09,297.0,BID
934,1712702693.230466,29289417.89220617,282.5,1.5821207433736e-07,297.0,BID
935,1712702700.4305696,29289417.89220617,282.5,0.0,297.0,BID
936,1712702730.433345,29289417.89220617,282.5,0.0,297.0,BID
937,1712702760.5706346,29289417.89220617,282.5,0.0,297.0,BID
938,1712702773.6505022,29290358.72079864,282.6,1.0630348045738873e-07,297.0,BID
939,1712702773.7566166,29290837.91423119,282.7,5.4143687914770974e-08,297.0,BID
940,1712702773.760175,29297053.65569546,282.7,7.023117245400412e-07,297.0,BID
941,1712702774.6549945,29297760.86927397,282.8,7.990750432545158e-08,297.0,BID
942,1712702774.6628313,29308750.29228716,282.8,1.2416862368640703e-06,297.0,BID
943,1712702775.2206352,29309103.77408285,282.9,3.9939629238471654e-08,297.0,BID
1143,1712702775.2206352,29309103.77408285,282.9,3.993962923847165e-08,297.0,BID
944,1712702775.2284653,29317815.8948598,282.9,9.843756537218958e-07,297.0,BID
945,1712702775.7805,29317855.8948598,283.0,4.5195684445815756e-09,297.0,BID
946,1712702775.7851627,29329530.67383172,283.0,1.3191240659740408e-06,297.0,BID
947,1712702790.5721414,29329530.67383172,283.0,0.0,297.0,BID
948,1712702793.4905393,29329987.74803666,283.1,5.1578330007342346e-08,297.0,BID
949,1712702793.5504966,29330013.64182736,283.1,2.921972991270216e-09,297.0,BID
950,1712702793.556857,29339119.48776092,283.1,1.0275450276579988e-06,297.0,BID
951,1712702794.1103914,29345460.75128092,283.2,7.155769871999146e-07,297.0,BID
952,1712702800.530608,29345916.8862078,283.2,5.1472337603577173e-08,297.0,BID
1152,1712702800.530608,29345916.8862078,283.2,5.147233760357717e-08,297.0,BID
953,1712702801.5905905,29347440.76005134,283.2,1.7196084824322013e-07,297.0,BID
954,1712702801.5966008,29348146.97474061,283.2,7.969247423169965e-08,297.0,BID
955,1712702820.363764,29348146.97474061,283.2,0.0,297.0,BID
956,1712702846.7006128,29348603.69768471,283.4,5.150805393085489e-08,297.0,BID
957,1712702850.3775291,29348603.69768471,283.4,0.0,297.0,BID
958,1712702855.5405238,29348987.76112229,283.4,4.331306702433429e-08,297.0,BID
1158,1712702855.5405238,29348987.76112229,283.4,4.3313067024334294e-08,297.0,BID
959,1712702880.57589,29348987.76112229,283.4,0.0,297.0,BID
960,1712702890.9711816,29349005.40755842,283.4,1.990066780972336e-09,297.0,BID
961,1712702895.141121,29349443.91555326,283.3,-4.945248929345599e-08,297.0,ASK
962,1712702898.1809545,29349462.16117949,283.3,-2.057640103247789e-09,297.0,ASK
1163,1712702898.1848943,29349568.05599064,283.3,-1.1942226997484661e-08,297.0,ASK
963,1712702898.1848943,29349568.05599064,283.3,-1.194222699748466e-08,297.0,ASK
964,1712702898.2627833,29350568.05599064,283.2,-1.127744302844437e-07,297.0,ASK
965,1712702898.269838,29350673.95080179,283.2,-1.194222699748466e-08,297.0,ASK
1165,1712702898.269838,29350673.95080179,283.2,-1.1942226997484661e-08,297.0,ASK
966,1712702910.565622,29350673.95080179,283.2,-0.0,297.0,ASK
967,1712702940.4121764,29350673.95080179,283.2,-0.0,297.0,ASK
968,1712702967.5624976,29351380.16549105,283.2,7.963866991720857e-08,297.0,BID
969,1712702970.4004269,29351380.16549105,283.2,0.0,297.0,BID
970,1712703000.468031,29351380.16549105,283.2,0.0,297.0,BID
971,1712703018.9333673,29351397.82438935,283.2,1.995682694880716e-09,297.0,BID
972,1712703022.4043362,29352324.46832984,283.4,1.0472268681690465e-07,297.0,BID
973,1712703022.4123998,29354742.33787085,283.2,2.7325036472335336e-07,297.0,BID
974,1712703022.4186797,29354804.39307222,283.3,7.013036112904467e-09,297.0,BID
975,1712703022.422783,29355510.10937427,283.4,7.975502137524483e-08,297.0,BID
976,1712703022.4263194,29361673.6874052,283.5,6.965636137040877e-07,297.0,BID
977,1712703022.4298198,29363595.83779742,283.3,2.1722772333999214e-07,297.0,BID
978,1712703022.433369,29366479.06338576,283.4,3.258415850112513e-07,297.0,BID
979,1712703022.4371417,29367184.5307579,283.5,7.972688909323988e-08,297.0,BID
980,1712703022.440605,29369014.81168738,283.4,2.0684529212327288e-07,297.0,BID
981,1712703022.444198,29369040.70547808,283.5,2.926331480134032e-09,297.0,BID
982,1712703022.7836888,29369746.92016735,283.2,-7.981134554314109e-08,297.0,ASK
983,1712703030.3886726,29369746.92016735,283.2,-0.0,297.0,ASK
984,1712703046.5538092,29370100.02751197,283.2,-3.98822127730381e-08,297.0,ASK
985,1712703060.5372546,29370100.02751197,283.2,-0.0,297.0,ASK
986,1712703061.934064,29370138.26678159,283.2,4.318940077810651e-09,297.0,BID
987,1712703064.9241347,29370596.13879863,283.3,5.171442405858763e-08,297.0,BID
988,1712703090.5675166,29370596.13879863,283.3,0.0,297.0,BID
989,1712703111.0648825,29370844.23218929,283.3,2.8020500653381905e-08,297.0,BID
990,1712703120.3907983,29370844.23218929,283.3,0.0,297.0,BID
991,1712703144.1858878,29370923.72661111,283.3,-8.978295675908973e-09,297.0,ASK
992,1712703150.3667235,29370923.72661111,283.3,-0.0,297.0,ASK
993,1712703154.82577,29371982.30106417,283.4,1.195577003073195e-07,297.0,BID
994,1712703154.8332987,29372688.01736622,283.4,7.970513353919472e-08,297.0,BID
995,1712703156.9756966,29373164.97222822,283.4,5.386831912160101e-08,297.0,BID
996,1712703157.095534,29373414.51967145,283.4,2.8184430810588972e-08,297.0,BID
1196,1712703157.095534,29373414.51967145,283.4,2.818443081058897e-08,297.0,BID
997,1712703180.5607183,29373414.51967145,283.4,0.0,297.0,BID
1198,1712703181.146044,29373414.51967146,283.4,8.414176899655622e-19,297.0,BID
998,1712703181.146044,29373414.51967146,283.4,8.414176899655623e-19,297.0,BID
999,1712703181.1528451,29374532.71494089,283.4,1.2628133717851293e-07,297.0,BID
1000,1712703181.26655,29375021.13696889,283.4,-5.515904823521744e-08,297.0,ASK
1201,1712703193.6109917,29375021.13696971,283.4,-9.297665474119455e-17,297.0,ASK
1202,1712703193.617231,29375127.14403603,283.3,-1.1971714110068333e-08,297.0,ASK
1203,1712703193.7362952,29380865.35570044,283.3,-6.480344371009952e-07,297.0,ASK
1204,1712703193.7389498,29384395.18273803,283.3,-3.986345591874202e-07,297.0,ASK
1205,1712703193.7462814,29384395.18273891,283.3,-9.970799626091906e-17,297.0,ASK
1206,1712703196.4360063,29384412.854117,283.0,-1.995684757080946e-09,297.0,ASK
1207,1712703196.4494853,29397333.5951599,283.0,-1.4591802530731e-06,297.0,ASK
1208,1712703197.0060782,29398613.5951599,282.9,-1.445544584271182e-07,297.0,ASK
1209,1712703197.007562,29399939.52547472,282.7,-1.4974151450854765e-07,297.0,ASK
1210,1712703197.008767,29400045.42028587,282.9,-1.1959036778113205e-08,297.0,ASK
1211,1712703210.581244,29400045.42028587,282.9,-0.0,297.0,ASK
1212,1712703222.656376,29400116.01682663,283.3,7.965908568021875e-09,297.0,BID
1213,1712703233.166529,29400138.13636924,282.9,-2.4959049281936517e-09,297.0,ASK
1214,1712703240.389562,29400138.13636924,282.9,-0.0,297.0,ASK
1215,1712703246.6368272,29400208.73291,283.3,7.965884966431824e-09,297.0,BID
1216,1712703251.4323864,29400279.32945076,283.3,7.965884966431824e-09,297.0,BID
1217,1712703270.4166846,29400279.32945076,283.3,0.0,297.0,BID
1218,1712703286.647473,29400455.82080268,283.3,1.9914622534331708e-08,297.0,BID
1219,1712703300.5518308,29400455.82080268,283.3,0.0,297.0,BID
1220,1712703330.601828,29400455.82080268,283.3,0.0,297.0,BID
1221,1712703336.7078297,29400621.39616448,283.3,1.871490567154714e-08,297.0,BID
1222,1712703360.4180984,29400621.39616448,283.3,0.0,297.0,BID
1223,1712703390.391663,29400621.39616448,283.3,0.0,297.0,BID
1224,1712703420.3832078,29400621.39616448,283.3,0.0,297.0,BID
1225,1712703450.375386,29400621.39616448,283.3,0.0,297.0,BID
1226,1712703480.5689795,29400621.39616448,283.3,0.0,297.0,BID
1227,1712703491.6193466,29400656.69443486,283.3,3.989725831550399e-09,297.0,BID
1228,1712703495.9592826,29400786.69443486,283.3,1.4693761267718313e-08,297.0,BID
1229,1712703510.5720177,29400786.69443486,283.3,0.0,297.0,BID
1230,1712703531.509971,29401390.59815403,283.3,6.825823161622472e-08,297.0,BID
1231,1712703531.5128803,29401492.65984255,283.3,1.1535862676413348e-08,297.0,BID
1232,1712703540.4130085,29401492.65984255,283.3,0.0,297.0,BID
1233,1712703570.3632371,29401492.65984255,283.3,0.0,297.0,BID
1234,1712703600.599052,29401492.65984255,283.3,0.0,297.0,BID
1235,1712703630.391698,29401492.65984255,283.3,0.0,297.0,BID
1236,1712703660.5402331,29401492.65984255,283.3,0.0,297.0,BID
1237,1712703674.368781,29401908.51347057,283.0,4.7507234355988e-08,297.0,BID
1238,1712703674.3729577,29403187.75285812,283.0,1.4614066413457557e-07,297.0,BID
1239,1712703675.8104627,29403364.24421004,283.0,-2.0162421227996044e-08,297.0,ASK
1240,1712703690.5764687,29403364.24421004,283.0,-0.0,297.0,ASK
1241,1712703720.387274,29403364.24421004,283.0,-0.0,297.0,ASK
1242,1712703727.3509667,29403381.91205456,283.3,2.0182573606244724e-09,297.0,BID
1243,1712703750.3918712,29403381.91205456,283.3,0.0,297.0,BID
1244,1712703770.0815914,29403983.97256339,283.0,-6.877535950425655e-08,297.0,ASK
1245,1712703770.0845716,29404001.6757436,283.0,-2.022292718713448e-09,297.0,ASK
1246,1712703780.5710304,29404001.6757436,283.0,-0.0,297.0,ASK
1247,1712703810.5813787,29404001.6757436,283.0,-0.0,297.0,ASK
1248,1712703840.4167726,29404001.6757436,283.0,-0.0,297.0,ASK
1249,1712703857.4920156,29404163.63822912,283.0,1.850113872358312e-08,297.0,BID
1250,1712703870.374715,29404163.63822912,283.0,0.0,297.0,BID
1251,1712703887.461795,29404234.30960721,283.0,8.072820812960876e-09,297.0,BID
1252,1712703900.6074884,29404234.30960721,283.0,0.0,297.0,BID
1253,1712703907.1518393,29404304.9809853,283.0,8.075909265378198e-09,297.0,BID
1254,1712703930.5807848,29404304.9809853,283.0,0.0,297.0,BID
1255,1712703960.412894,29404304.9809853,283.0,0.0,297.0,BID
1256,1712703990.3540895,29404304.9809853,283.0,0.0,297.0,BID
1257,1712704020.5523362,29404304.9809853,283.0,0.0,297.0,BID
1258,1712704050.6268194,29404304.9809853,283.0,0.0,297.0,BID
1259,1712704061.424896,29404428.08909351,283.0,1.4068038099885862e-08,297.0,BID
1260,1712704061.4272883,29405186.28026743,283.0,8.6641428226443e-08,297.0,BID
1261,1712704061.4295766,29407309.20950518,283.0,2.425953077664917e-07,297.0,BID
1262,1712704061.563158,29407838.54988989,283.0,-6.048976633677334e-08,297.0,ASK
1263,1712704080.39566,29407838.54988989,283.0,-0.0,297.0,ASK
1264,1712704085.470411,29407873.88557893,283.0,4.037484024959612e-09,297.0,BID
1265,1712704100.103201,29408933.95624993,282.8,-1.2112452071984388e-07,297.0,ASK
1266,1712704100.2032712,29409995.15186365,282.7,-1.212530575726379e-07,297.0,ASK
1267,1712704100.2057755,29409995.15186402,282.8,-4.2139809556548205e-17,297.0,ASK
1268,1712704100.2087784,29411696.33090884,282.6,-1.94378075065704e-07,297.0,ASK
1269,1712704100.2117095,29441464.73764993,282.7,-3.4013619070396066e-06,297.0,ASK
1270,1712704110.3990734,29441464.73764993,282.7,-0.0,297.0,ASK
1271,1712704134.042808,29441514.73764993,282.7,-5.706841289814441e-09,297.0,ASK
1272,1712704140.4594345,29441514.73764993,282.7,-0.0,297.0,ASK
1273,1712704164.633132,29448923.73737849,282.6,-8.456383470547868e-07,297.0,ASK
1274,1712704164.6362617,29449312.84243685,282.7,-4.441114461301962e-08,297.0,ASK
1275,1712704170.3979185,29449312.84243685,282.7,-0.0,297.0,ASK
1276,1712704185.5331554,29449319.91707427,282.9,8.072723009518393e-10,297.0,BID
1277,1712704200.428557,29449319.91707427,282.9,0.0,297.0,BID
1278,1712704225.1231122,29457118.02186119,282.6,-8.911102893124196e-07,297.0,ASK
1279,1712704230.4204972,29457118.02186119,282.6,-0.0,297.0,ASK
1280,1712704260.5730743,29457118.02186119,282.6,-0.0,297.0,ASK
1281,1712704268.84327,29457142.22338972,282.8,2.7648771166823726e-09,297.0,BID
1282,1712704278.5733695,29457153.3259913,282.8,-1.2684045559777759e-09,297.0,ASK
1283,1712704285.5039692,29464951.43077822,282.6,-8.90885939494948e-07,297.0,ASK
1284,1712704290.5669415,29464951.43077822,282.6,-0.0,297.0,ASK
1285,1712704303.2838385,29466688.07061251,282.6,-1.9835035179653605e-07,297.0,ASK
1286,1712704303.3433857,29467879.50592251,282.6,-1.360798066564067e-07,297.0,ASK
1287,1712704303.3633227,29469070.94123251,282.6,-1.360798066559812e-07,297.0,ASK
1288,1712704303.3836002,29469106.32693668,282.6,-4.041578876799288e-09,297.0,ASK
1289,1712704303.3867085,29469616.14575725,282.6,-5.8228966315239154e-08,297.0,ASK
1290,1712704310.7936628,29470050.08860933,282.4,-4.956279112697978e-08,297.0,ASK
1291,1712704310.7962704,29470375.79859425,282.4,-3.720097214007356e-08,297.0,ASK
1292,1712704310.8133142,29470375.79859516,282.4,-1.0381812100805392e-16,297.0,ASK
1293,1712704319.6634693,29470864.28301442,282.4,5.579225726276047e-08,297.0,BID
1294,1712704320.3880827,29470864.28301442,282.4,0.0,297.0,BID
1295,1712704339.1940434,29481349.52477842,282.3,-1.197343609047922e-06,297.0,ASK
1296,1712704339.2941697,29481349.5247785,282.3,-9.35886438141986e-18,297.0,ASK
1297,1712704345.8806348,29481389.5247785,282.0,-4.567729141579269e-09,297.0,ASK
1298,1712704345.8835473,29481830.15598417,282.0,-5.031709997076284e-08,297.0,ASK
1299,1712704345.8849914,29481936.5012518,282.1,-1.2143909450692097e-08,297.0,ASK
1300,1712704345.8865235,29482424.49733874,282.0,-5.5725848681906174e-08,297.0,ASK
1301,1712704346.013533,29482530.88031746,282.0,1.214821580196391e-08,297.0,BID
1302,1712704350.3975365,29482530.88031746,282.0,0.0,297.0,BID
1303,1712704360.3139017,29483594.71010469,282.0,1.2143649135319822e-07,297.0,BID
1304,1712704367.6794832,29483615.98670043,282.0,2.428729826715265e-09,297.0,BID
1305,1712704371.255578,29483651.47286082,281.8,-4.050755920827985e-09,297.0,ASK
1306,1712704371.2581584,29483757.93134201,281.8,-1.2152267764610172e-08,297.0,ASK
1307,1712704371.2607176,29485615.98670043,281.7,-2.1209758005981618e-07,297.0,ASK
1308,1712704380.586784,29485615.98670043,281.7,-0.0,297.0,ASK
1309,1712704381.0668182,29485749.65101139,281.7,-1.5256307350148978e-08,297.0,ASK
1310,1712704383.8538003,29486103.28100477,281.7,-4.0362964718124926e-08,297.0,ASK
1311,1712704390.4138143,29489689.41909493,281.7,4.093181232247395e-07,297.0,BID
1312,1712704391.7457633,29490703.21456931,281.7,1.1571357557192557e-07,297.0,BID
1313,1712704400.11382,29490731.58336363,282.0,3.237985084950613e-09,297.0,BID
1314,1712704410.73228,29490731.58336363,282.0,0.0,297.0,BID
1315,1712704431.1437788,29490752.85995937,282.0,2.428089435834815e-09,297.0,BID
1316,1712704440.4260058,29490752.85995937,282.0,0.0,297.0,BID
1317,1712704463.113968,29490774.13655511,282.0,2.4280877728464607e-09,297.0,BID
1318,1712704470.3874977,29490774.13655511,282.0,0.0,297.0,BID
1319,1712704481.0640476,29491128.74648418,282.0,4.046810185027896e-08,297.0,BID
1320,1712704492.7440228,29491150.02307992,282.0,2.428086110710644e-09,297.0,BID
1321,1712704500.427342,29491150.02307992,282.0,0.0,297.0,BID
1322,1712704524.9540863,29491171.29967566,282.0,2.4405579965340966e-09,297.0,BID
1323,1712704530.4013655,29491171.29967566,282.0,0.0,297.0,BID
1324,1712704560.5687609,29491171.29967566,282.0,0.0,297.0,BID
1325,1712704571.688466,29492637.42476914,282.0,1.68173560389618e-07,297.0,BID
1326,1712704590.584067,29492637.42476914,282.0,0.0,297.0,BID
1327,1712704620.394627,29492637.42476914,282.0,0.0,297.0,BID
1328,1712704634.8646877,29494416.15876914,282.0,2.0402204781750642e-07,297.0,BID
1329,1712704635.8851883,29495684.69476914,282.0,1.4550197637817329e-07,297.0,BID
1330,1712704650.4040658,29495684.69476914,282.0,0.0,297.0,BID
1331,1712704669.7164204,29495720.15576204,281.9,4.067000098425956e-09,297.0,BID
1332,1712704680.5799558,29495720.15576204,281.9,0.0,297.0,BID
1333,1712704692.694963,29495740.83696204,281.7,-2.371911758078112e-09,297.0,ASK
1334,1712704692.6966636,29496387.17216706,281.7,-7.41277136887757e-08,297.0,ASK
1335,1712704692.7956288,29496399.38696204,281.7,-1.400905935772911e-09,297.0,ASK
1336,1712704692.799398,29497148.87445806,281.7,-8.595817477802115e-08,297.0,ASK
1337,1712704692.895705,29497169.5556583,281.7,-2.371911785422165e-09,297.0,ASK
1338,1712704695.2147806,29497406.31012419,281.6,-2.7153197173391908e-08,297.0,ASK
1339,1712704701.1448722,29497879.78293102,281.6,-5.430225120277413e-08,297.0,ASK
1340,1712704701.1483948,29498646.5266898,281.6,-8.793728298008204e-08,297.0,ASK
1341,1712704701.1517954,29505721.38414743,281.6,-8.114102464727934e-07,297.0,ASK
1342,1712704701.2449498,29506076.75017443,281.4,-4.075667068644125e-08,297.0,ASK
1343,1712704701.2477229,29507930.57281905,281.5,-2.126135682587593e-07,297.0,ASK
1344,1712704701.2507904,29508107.18262715,281.4,-2.025525019789373e-08,297.0,ASK
1345,1712704701.254229,29509607.18262715,281.4,-1.7203390697243148e-07,297.0,ASK
1346,1712704701.3245125,29509641.90210951,281.2,-3.981952132561195e-09,297.0,ASK
1347,1712704701.3263693,29518608.92192915,281.2,-1.0284209689812214e-06,297.0,ASK
1348,1712704701.3446934,29520498.92193014,281.2,-2.167627228989124e-07,297.0,ASK
1349,1712704703.1449451,29520650.24708133,281.1,-1.7355371321197684e-08,297.0,ASK
1350,1712704703.1485536,29520721.3961386,281.1,-8.160033533365866e-09,297.0,ASK
1351,1712704703.1520228,29520791.3961386,281.0,-8.028248992046801e-09,297.0,ASK
1352,1712704703.1558423,29520831.3961386,281.0,-4.587570852598172e-09,297.0,ASK
1353,1712704703.1592624,29520965.0105107,281.1,-1.532413497343227e-08,297.0,ASK
1354,1712704703.160841,29521699.71473814,281.0,-8.426269247711686e-08,297.0,ASK
1355,1712704703.22843,29521737.52470255,281.0,-4.336397266310184e-09,297.0,ASK
1356,1712704703.2312026,29522376.52154272,281.0,-7.32860819718295e-08,297.0,ASK
1357,1712704710.5889523,29522376.52154272,281.0,-0.0,297.0,ASK
1358,1712704720.8951168,29522446.52154272,280.9,-8.021348777150107e-09,297.0,ASK
1359,1712704720.8979363,29522553.32111552,280.9,-1.223823746677512e-08,297.0,ASK
1360,1712704723.2550423,29522804.08811552,280.9,2.8735565268671592e-08,297.0,BID
1361,1712704728.714556,29522839.67530413,281.0,4.077960740436664e-09,297.0,BID
1362,1712704740.366698,29522839.67530413,281.0,0.0,297.0,BID
1363,1712704745.3145769,29531152.3555676,281.0,9.525416226983844e-07,297.0,BID
1364,1712704756.1446087,29531591.16077136,281.0,-5.028224442519212e-08,297.0,ASK
1365,1712704758.9347024,29531616.07180338,281.0,2.854529960534125e-09,297.0,BID
1366,1712704761.704624,29532683.68746174,281.0,1.223369983448899e-07,297.0,BID
1367,1712704765.7049506,29532719.27465035,281.0,4.077899944473933e-09,297.0,BID
1368,1712704770.4481454,29532719.27465035,281.0,0.0,297.0,BID
1369,1712704773.1249,29532769.27465035,280.8,-5.727627359896216e-09,297.0,ASK
1370,1712704773.1278846,29532803.36235088,280.5,-3.9048329239331034e-09,297.0,ASK
1371,1712704773.1355286,29532853.36235088,280.8,-5.727627359896216e-09,297.0,ASK
1372,1712704773.1384106,29532959.00026962,280.6,-1.2101092672412876e-08,297.0,ASK
1373,1712704773.1414044,29533161.03828804,280.5,-2.3143969640444204e-08,297.0,ASK
1374,1712704773.1443536,29534861.03828804,280.6,-1.947393302364714e-07,297.0,ASK
1375,1712704773.1472929,29534896.42399221,280.5,-4.053522547170243e-09,297.0,ASK
1376,1712704773.1501863,29534922.34938117,280.6,-2.969819342697535e-09,297.0,ASK
1377,1712704773.1522655,29538097.33119935,280.5,-3.6370225457967693e-07,297.0,ASK
1378,1712704773.1539488,29539852.99453743,280.4,-2.0111570739908014e-07,297.0,ASK
1379,1712704773.155684,29541685.52573172,280.5,-2.0992111612537725e-07,297.0,ASK
1380,1712704773.157418,29542041.98079572,280.4,-4.083283554265013e-08,297.0,ASK
1381,1712704773.1592405,29542044.27465035,280.3,-2.6276689093819726e-10,297.0,ASK
1382,1712704790.5048113,29542122.6020347,280.4,-8.972601392524055e-09,297.0,ASK
1383,1712704790.5078285,29542444.27465035,280.4,-3.6848417486645684e-08,297.0,ASK
1384,1712704796.788792,29542494.0967144,281.0,5.7072443435331636e-09,297.0,BID
1385,1712704800.4085162,29542494.0967144,281.0,0.0,297.0,BID
1386,1712704805.8848903,29542536.0967144,280.4,-4.819885860360079e-09,297.0,ASK
1387,1712704813.6848888,29542560.34635327,280.4,-2.7828688454780703e-09,297.0,ASK
1388,1712704820.995216,29542567.47902088,281.0,8.18539136979583e-10,297.0,BID
1389,1712704829.6058748,29542595.94877176,281.0,3.2671654695296675e-09,297.0,BID
1390,1712704830.3904383,29542595.94877176,281.0,0.0,297.0,BID
1391,1712704831.7587984,29542951.82065788,281.0,4.083943443201746e-08,297.0,BID
1392,1712704860.5969791,29542951.82065788,281.0,0.0,297.0,BID
1393,1712704865.8952477,29542980.29040876,281.0,3.267117260554633e-09,297.0,BID
1394,1712704890.5966284,29542980.29040876,281.0,0.0,297.0,BID
1395,1712704891.4292064,29543869.97012406,280.5,-1.0209732069079649e-07,297.0,ASK
1396,1712704891.4310863,29552306.29040876,280.5,-9.68130084059368e-07,297.0,ASK
1397,1712704900.635067,29552348.99503509,281.0,4.900671392576825e-09,297.0,BID
1398,1712704920.4306235,29552348.99503509,281.0,0.0,297.0,BID
1399,1712704938.360567,29552377.46478597,281.0,3.266129275351534e-09,297.0,BID
1400,1712704947.1852226,29553077.46571339,280.5,-8.030605997767407e-08,297.0,ASK
1401,1712704947.1883664,29558877.10798275,280.5,-6.653511469621095e-07,297.0,ASK
1402,1712704950.3801718,29558877.10798275,280.5,-0.0,297.0,ASK
1403,1712704957.434378,29559775.02756722,280.5,-1.029902050428013e-07,297.0,ASK
1404,1712704957.4382086,29560225.02756722,280.2,-5.161441299525624e-08,297.0,ASK
1405,1712704957.4447396,29561002.62683114,280.1,-8.918962122854527e-08,297.0,ASK
1406,1712704957.4467509,29564555.94898596,280.3,-4.075614160090479e-07,297.0,ASK
1407,1712704957.4485075,29564591.62504732,280.3,-4.09199769998121e-09,297.0,ASK
1408,1712704957.4502544,29564611.62504732,280.2,-2.293973910900277e-09,297.0,ASK
1409,1712704957.4520133,29565435.05512375,280.4,-9.444635563922216e-08,297.0,ASK
1410,1712704957.4537702,29565918.03989831,280.2,-5.539772361010434e-08,297.0,ASK
1411,1712704957.4555838,29568033.96438117,280.3,-2.426937780557623e-07,297.0,ASK
1412,1712704957.457338,29568083.96438117,280.2,-5.734934777250693e-09,297.0,ASK
1413,1712704975.8440776,29568134.09208528,280.3,-5.749582272083035e-09,297.0,ASK
1414,1712704975.8481345,29568183.93188592,280.3,-5.7165601197394415e-09,297.0,ASK
1415,1712704980.5990443,29568183.93188592,280.3,-0.0,297.0,ASK
1416,1712704992.8637934,29568233.93188592,280.3,-5.73321928949835e-09,297.0,ASK
1417,1712705006.4433782,29574319.2267304,280.3,-6.977665956929649e-07,297.0,ASK
1418,1712705006.459067,29574369.2267304,280.4,-5.73321928949835e-09,297.0,ASK
1419,1712705007.0939777,29586848.17725932,280.1,-1.4308911977019608e-06,297.0,ASK
1420,1712705007.0986643,29587291.63907231,280.2,-5.084927640799263e-08,297.0,ASK
1421,1712705007.1026628,29597051.20870832,280.3,-1.1190750578874564e-06,297.0,ASK
1422,1712705007.1066718,29598710.40610832,280.2,-1.902508507753041e-07,297.0,ASK
1423,1712705007.109934,29598910.40610832,280.2,-2.29328771579934e-08,297.0,ASK
1424,1712705010.6923378,29598910.40610832,280.2,-0.0,297.0,ASK
1425,1712705012.7051532,29598953.11073465,281.0,4.891870249510074e-09,297.0,BID
1426,1712705016.3830502,29599153.11073465,280.2,2.291025900470287e-08,297.0,BID
1427,1712705040.4064384,29599153.11073465,280.2,0.0,297.0,BID
1428,1712705040.4927964,29599353.11073464,280.2,-2.2910080441076145e-08,297.0,ASK
1429,1712705040.496019,29604081.73314722,280.1,-5.416655992582827e-07,297.0,ASK
1430,1712705040.4991772,29604153.11073465,280.2,-8.176331348881336e-09,297.0,ASK
1431,1712705050.1420407,29604195.81536098,281.0,4.891832122227532e-09,297.0,BID
1432,1712705070.3817255,29604195.81536098,281.0,0.0,297.0,BID
1433,1712705071.9817374,29604551.6872471,281.0,4.0758672710965385e-08,297.0,BID
1434,1712705100.5960164,29604551.6872471,281.0,0.0,297.0,BID
1435,1712705114.0306375,29604567.90678631,280.1,-1.858985348903478e-09,297.0,ASK
1436,1712705114.0349646,29604671.19768064,280.1,-1.1838576715731217e-08,297.0,ASK
1437,1712705118.4209936,29604706.84830452,280.5,4.0860585873559726e-09,297.0,BID
1438,1712705119.1808565,29604760.03979388,280.1,-6.096486350226527e-09,297.0,ASK
1439,1712705119.330553,29604813.23128324,280.1,-6.096486350653497e-09,297.0,ASK
1440,1712705130.596371,29604813.23128324,280.1,-0.0,297.0,ASK
1441,1712705134.140385,29604820.37159027,280.5,8.183718731764292e-10,297.0,BID
1442,1712705135.8142626,29609820.37159027,280.1,-5.730649043226599e-07,297.0,ASK
1443,1712705135.81627,29610054.74872246,280.1,-2.6862661766607733e-08,297.0,ASK
1444,1712705135.9173143,29639992.58573648,280.1,3.4312647408132927e-06,297.0,BID
1445,1712705153.3299482,29640028.23636036,280.5,4.0860242726045164e-09,297.0,BID
1446,1712705160.4065013,29640028.23636036,280.5,0.0,297.0,BID
1447,1712705167.3402514,29640736.35967607,280.5,8.106847509679111e-08,297.0,BID
1448,1712705167.4198303,29640916.99982796,280.5,2.0680326900588907e-08,297.0,BID
1449,1712705167.4396749,29641019.31352215,280.5,1.1713235513504534e-08,297.0,BID
1450,1712705188.9495556,29641040.66583531,281.0,2.4444887342906032e-09,297.0,BID
1451,1712705190.4075303,29641040.66583531,281.0,0.0,297.0,BID
1452,1712705214.6613412,29641395.65341074,280.5,-4.0638918591458514e-08,297.0,ASK
1453,1712705218.7587817,29641431.24059935,281.0,4.074015432861902e-09,297.0,BID
1454,1712705220.5697267,29641431.24059935,281.0,0.0,297.0,BID
1455,1712705226.7508955,29641858.42487912,281.0,4.890337185136399e-08,297.0,BID
1456,1712705226.755314,29642925.28120914,281.2,1.221320031888578e-07,297.0,BID
1457,1712705226.75951,29645012.60427538,281.0,2.389534000109328e-07,297.0,BID
1458,1712705226.7625835,29646752.60427538,281.2,1.991924119194076e-07,297.0,BID
1459,1712705226.764488,29646935.86157418,281.0,2.0979001925302023e-08,297.0,BID
1460,1712705226.7663891,29647290.14806516,282.4,4.05581497982048e-08,297.0,BID
1461,1712705226.7683294,29648747.18818066,282.6,1.66799617741023e-07,297.0,BID
1462,1712705226.77026,29649810.26401341,282.2,1.216992179188703e-07,297.0,BID
1463,1712705226.7721894,29650248.04808866,281.0,5.0116819453306334e-08,297.0,BID
1464,1712705226.7741306,29651908.04808866,281.3,1.9003414010702097e-07,297.0,BID
1465,1712705226.7763512,29652627.17927142,282.0,8.232498550598891e-08,297.0,BID
1466,1712705226.7782755,29659423.07610438,283.0,7.779833800649896e-07,297.0,BID
1467,1712705226.7802336,29661206.35140938,283.3,2.0414649949374042e-07,297.0,BID
1468,1712705226.7821798,29662256.06917556,282.8,1.2017000786216857e-07,297.0,BID
1469,1712705226.7841508,29662344.97187054,283.0,1.0177438068683562e-08,297.0,BID
1470,1712705226.7861824,29669004.55387598,282.3,7.623782770334329e-07,297.0,BID
1471,1712705226.7881477,29670742.78341958,283.3,1.9898973290764429e-07,297.0,BID
1472,1712705250.582235,29670742.78341958,283.3,0.0,297.0,BID
1473,1712705262.3083055,29671439.3465304,280.7,-7.966596198022076e-08,297.0,ASK
1474,1712705280.3679326,29671439.3465304,280.7,-0.0,297.0,ASK
1475,1712705287.1816764,29671446.47157493,282.8,8.14873519199682e-10,297.0,BID
1476,1712705310.3820565,29671446.47157493,282.8,0.0,297.0,BID
1477,1712705329.2076614,29672449.90846411,280.7,-1.1476054044218941e-07,297.0,ASK
1478,1712705329.2122345,29674129.90846411,280.8,-1.921373531522221e-07,297.0,ASK
1479,1712705329.2160382,29682054.67525245,280.7,-9.063355446784404e-07,297.0,ASK
1480,1712705340.5614026,29682054.67525245,280.7,-0.0,297.0,ASK
1481,1712705359.479663,29683054.67525245,280.7,-1.1432853480631353e-07,297.0,ASK
1482,1712705370.5691168,29683054.67525245,280.7,-0.0,297.0,ASK
1483,1712705387.446554,29685189.90656917,281.0,2.4411003392946534e-07,297.0,BID
1484,1712705390.9464262,29685902.41102232,280.7,-8.145697605258189e-08,297.0,ASK
1485,1712705390.9487703,29687700.17179182,280.7,-2.055287588763747e-07,297.0,ASK
1486,1712705393.2063754,29687850.07179182,280.7,-1.7137297396810026e-08,297.0,ASK
1487,1712705400.481822,29687850.07179182,280.7,-0.0,297.0,ASK
1488,1712705415.8661776,29687870.07179182,281.0,2.29348051976304e-09,297.0,BID
1489,1712705415.9665742,29690586.37609279,281.0,3.114895500013153e-07,297.0,BID
1490,1712705417.856114,29697914.49664947,281.0,8.403450871608754e-07,297.0,BID
1491,1712705418.1018386,29699191.09274172,281.0,-1.4639241345907253e-07,297.0,ASK
1492,1712705418.105661,29705242.61720614,281.0,-6.939526737009485e-07,297.0,ASK
1493,1712705424.1559525,29705262.61720614,281.8,2.29348051976304e-09,297.0,BID
1494,1712705425.7073436,29709175.50555252,281.0,-4.487066599212604e-07,297.0,ASK
1495,1712705425.746927,29709595.57049223,281.0,4.8170537813158594e-08,297.0,BID
1496,1712705425.7516315,29710134.15282383,281.0,6.17614042904062e-08,297.0,BID
1497,1712705430.4295518,29710134.15282383,281.0,0.0,297.0,BID
1498,1712705433.0161555,29710154.15282383,281.7,2.291834820282281e-09,297.0,BID
1499,1712705460.5857196,29710154.15282383,281.7,0.0,297.0,BID
1500,1712705480.7657125,29711221.76848219,281.0,1.2233985804175013e-07,297.0,BID
1501,1712705482.4617348,29711261.76848219,281.0,4.583666681304118e-09,297.0,BID
1502,1712705484.6457677,29711861.00267292,281.0,6.866724485851331e-08,297.0,BID
1503,1712705486.078653,29712394.40131916,280.7,-6.112304006590947e-08,297.0,ASK
1504,1712705486.082357,29713113.39214845,280.7,-8.23903577093755e-08,297.0,ASK
1505,1712705486.0859764,29713412.77237286,280.8,-3.4306478991787605e-08,297.0,ASK
1506,1712705486.089586,29713996.23398964,280.7,-6.685983931642774e-08,297.0,ASK
1507,1712705486.1561425,29714246.67150467,280.7,-2.8698052334540573e-08,297.0,ASK
1508,1712705486.159793,29714375.71434103,280.7,-1.4787233737180368e-08,297.0,ASK
1509,1712705490.5710871,29714375.71434103,280.7,-0.0,297.0,ASK
1510,1712705491.635531,29714425.06485592,280.7,-5.654389607887653e-09,297.0,ASK
1511,1712705491.6402862,29724489.28201003,280.7,-1.153118767169966e-06,297.0,ASK
1512,1712705491.7356114,29724489.28201006,280.7,-3.4146339177966857e-18,297.0,ASK
1513,1712705497.6553814,29726271.81320435,280.5,-2.0423547522166202e-07,297.0,ASK
1514,1712705497.6588082,29726672.08147529,280.5,-4.586117807827152e-08,297.0,ASK
1515,1712705497.715241,29727028.53653929,280.4,-4.084123162840776e-08,297.0,ASK
1516,1712705520.4456692,29727028.53653929,280.4,-0.0,297.0,ASK
1517,1712705534.8318107,29727099.81237678,280.6,8.163186228889379e-09,297.0,BID
1518,1712705538.195161,29730857.77941686,280.1,-4.303980966223986e-07,297.0,ASK
1519,1712705538.2001233,29734427.93293346,280.1,-4.0888790716009524e-07,297.0,ASK
1520,1712705538.2754498,29738080.13083447,280.1,-4.182844097135934e-07,297.0,ASK
1521,1712705538.555525,29739929.18736344,280.0,-2.11771524903395e-07,297.0,ASK
1522,1712705538.559026,29743701.40154206,280.0,-4.320298143157802e-07,297.0,ASK
1523,1712705540.82541,29745444.10098607,280.0,-1.995905008446006e-07,297.0,ASK
1524,1712705540.830372,29746701.40154206,280.0,-1.439980075419738e-07,297.0,ASK
1525,1712705544.29548,29749712.70723833,280.0,-3.448833441592905e-07,297.0,ASK
1526,1712705544.300332,29750991.43493336,280.0,-1.4645204712256506e-07,297.0,ASK
1527,1712705546.184944,29753846.37741255,280.0,-3.269751426513947e-07,297.0,ASK
1528,1712705547.3647,29753953.52026969,280.0,1.2271018156114816e-08,297.0,BID
1529,1712705550.3884895,29753953.52026969,280.0,0.0,297.0,BID
1530,1712705550.6971865,29755862.97055105,280.0,2.184997019746705e-07,297.0,BID
1531,1712705550.705135,29758946.38760207,280.0,3.528375225512461e-07,297.0,BID
1532,1712705553.0050662,29759132.76760207,280.0,2.1327590905145773e-08,297.0,BID
1533,1712705559.1354308,29760734.50616874,280.0,1.832880399530679e-07,297.0,BID
1534,1712705559.138412,29762704.19617349,280.0,2.2539297473227705e-07,297.0,BID
1535,1712705559.9796877,29762882.83140035,279.9,-2.044135121620808e-08,297.0,ASK
1536,1712705559.983622,29771423.75666725,279.9,-9.773439212427674e-07,297.0,ASK
1537,1712705560.0347135,29776333.06934472,279.8,-5.617760082040968e-07,297.0,ASK
1538,1712705560.0546348,29778564.5751072,279.8,-2.553527310005833e-07,297.0,ASK
1539,1712705560.1547232,29778583.1638052,279.6,-2.127117429289549e-09,297.0,ASK
1540,1712705560.158973,29781336.39477208,279.6,-3.150541030587545e-07,297.0,ASK
1541,1712705560.2549598,29783069.17644991,279.6,-1.9828339281134819e-07,297.0,ASK
1542,1712705560.2597537,29783962.48339433,279.6,-1.0222172477204429e-07,297.0,ASK
1543,1712705560.5982676,29791103.30178931,279.9,8.171287340589636e-07,297.0,BID
1544,1712705560.605476,29793037.77549433,279.8,2.2136314946255085e-07,297.0,BID
1545,1712705560.6148803,29793395.50634533,279.4,-4.093538600821609e-08,297.0,ASK
1546,1712705560.6186593,29793538.67026801,279.4,-1.6382345612312754e-08,297.0,ASK
1547,1712705560.6270652,29793576.08114846,279.4,-4.2809526431528655e-09,297.0,ASK
1548,1712705560.83453,29794417.00251511,279.8,-9.622720727042725e-08,297.0,ASK
1549,1712705561.1847446,29795510.55484846,279.8,-1.2513594161748806e-07,297.0,ASK
