,time,acc_trade_volume,trade_price,dev,high,ask_bid
0,1712689619.1334429,61577812.44483875,94.73,0.0,98.89,BID
1,1712689620.4519477,61577812.44483875,94.73,0.0,98.89,BID
2,1712689650.461973,61577812.44483875,94.73,0.0,98.89,BID
3,1712689680.4718292,61577812.44483875,94.73,0.0,98.89,BID
4,1712689710.4522002,61577812.44483875,94.73,0.0,98.89,BID
5,1712689740.7118886,61577812.44483875,94.73,0.0,98.89,BID
6,1712689770.692087,61577812.44483875,94.73,0.0,98.89,BID
7,1712689800.4561255,61577812.44483875,94.73,0.0,98.89,BID
8,1712689830.4619515,61577812.44483875,94.73,0.0,98.89,BID
9,1712689860.68257,61577812.44483875,94.73,0.0,98.89,BID
10,1712689890.672303,61577812.44483875,94.73,0.0,98.89,BID
11,1712689920.442147,61577812.44483875,94.73,0.0,98.89,BID
12,1712689950.4718952,61577812.44483875,94.73,0.0,98.89,BID
13,1712689980.6822667,61577812.44483875,94.73,0.0,98.89,BID
14,1712690010.692219,61577812.44483875,94.73,0.0,98.89,BID
15,1712690040.4423964,61577812.44483875,94.73,0.0,98.89,BID
16,1712690070.441973,61577812.44483875,94.73,0.0,98.89,BID
17,1712690100.4825304,61577812.44483875,94.73,0.0,98.89,BID
18,1712690130.4319503,61577812.44483875,94.73,0.0,98.89,BID
19,1712690160.68266,61577812.44483875,94.73,0.0,98.89,BID
20,1712690190.7423213,61577812.44483875,94.73,0.0,98.89,BID
21,1712690220.452169,61577812.44483875,94.73,0.0,98.89,BID
22,1712690222.7522302,61577918.00801831,94.73,1.6870778688790452e-08,98.89,BID
23,1712690250.5120518,61577918.00801831,94.73,0.0,98.89,BID
24,1712690280.6720245,61577918.00801831,94.73,0.0,98.89,BID
25,1712690310.6929953,61577918.00801831,94.73,0.0,98.89,BID
26,1712690340.442027,61577918.00801831,94.73,0.0,98.89,BID
27,1712690370.4621437,61577918.00801831,94.73,0.0,98.89,BID
28,1712690400.5022748,61577918.00801831,94.73,0.0,98.89,BID
29,1712690430.4552836,61577918.00801831,94.73,0.0,98.89,BID
30,1712690460.6825488,61577918.00801831,94.73,0.0,98.89,BID
31,1712690490.702207,61577918.00801831,94.73,0.0,98.89,BID
32,1712690520.4522707,61577918.00801831,94.73,0.0,98.89,BID
33,1712690550.452724,61577918.00801831,94.73,0.0,98.89,BID
34,1712690580.6826825,61577918.00801831,94.73,0.0,98.89,BID
35,1712690592.823048,61578445.82391612,94.73,8.435440504306846e-08,98.89,BID
36,1712690602.0421517,61579501.45571174,94.73,1.687088100837555e-07,98.89,BID
37,1712690610.692524,61579501.45571174,94.73,0.0,98.89,BID
38,1712690640.4621034,61579501.45571174,94.73,0.0,98.89,BID
39,1712690670.4520528,61579501.45571174,94.73,0.0,98.89,BID
40,1712690700.6823726,61579501.45571174,94.73,0.0,98.89,BID
41,1712690730.7217395,61579501.45571174,94.73,0.0,98.89,BID
42,1712690760.412155,61579501.45571174,94.73,0.0,98.89,BID
43,1712690790.4464204,61579501.45571174,94.73,0.0,98.89,BID
44,1712690820.68191,61579501.45571174,94.73,0.0,98.89,BID
45,1712690850.701767,61579501.45571174,94.73,0.0,98.89,BID
46,1712690880.4517522,61579501.45571174,94.73,0.0,98.89,BID
47,1712690910.4315648,61579501.45571174,94.73,0.0,98.89,BID
48,1712690921.772021,61579597.39611174,94.72,1.534955311915605e-08,98.89,BID
49,1712690940.6938803,61579597.39611174,94.72,0.0,98.89,BID
50,1712690967.6025653,61580010.00376091,94.61,-6.601321049232668e-08,98.89,ASK
51,1712690967.6042144,61580125.21200955,94.72,-1.843219916806816e-08,98.89,ASK
52,1712690970.691815,61580125.21200955,94.72,-0.0,98.89,ASK
53,1712691000.5418038,61580125.21200955,94.72,-0.0,98.89,ASK
54,1712691030.4413798,61580125.21200955,94.72,-0.0,98.89,ASK
55,1712691060.6817389,61580125.21200955,94.72,-0.0,98.89,ASK
56,1712691090.7115457,61580125.21200955,94.72,-0.0,98.89,ASK
57,1712691097.6820045,61580214.64950955,94.73,1.4309218806913769e-08,98.89,BID
58,1712691097.701541,61580345.88940955,94.73,2.099723768333318e-08,98.89,BID
59,1712691101.9022384,61585735.88940948,94.73,8.62352920959393e-07,98.89,BID
60,1712691101.9047177,61588238.88942955,94.73,4.004581407218589e-07,98.89,BID
61,1712691102.0215287,61588238.88942962,94.73,1.192027818308084e-17,98.89,BID
62,1712691120.4722116,61588238.88942962,94.73,0.0,98.89,BID
63,1712691134.601789,61598763.29912962,94.78,1.6836065921622164e-06,98.89,BID
64,1712691150.4413726,61598763.29912962,94.78,0.0,98.89,BID
65,1712691170.5557666,61638010.11650018,94.81,6.27737422668672e-06,98.89,BID
66,1712691180.6617532,61638010.11650018,94.81,0.0,98.89,BID
67,1712691210.6894898,61638010.11650018,94.81,0.0,98.89,BID
68,1712691240.421667,61638010.11650018,94.81,0.0,98.89,BID
69,1712691270.4417117,61638010.11650018,94.81,0.0,98.89,BID
70,1712691300.661403,61638010.11650018,94.81,0.0,98.89,BID
71,1712691330.7217574,61638010.11650018,94.81,0.0,98.89,BID
72,1712691360.4614449,61638010.11650018,94.81,0.0,98.89,BID
73,1712691390.451434,61638010.11650018,94.81,0.0,98.89,BID
74,1712691420.6714094,61638010.11650018,94.81,0.0,98.89,BID
75,1712691450.6815038,61638010.11650018,94.81,0.0,98.89,BID
76,1712691480.4214194,61638010.11650018,94.81,0.0,98.89,BID
77,1712691510.43125,61638010.11650018,94.81,0.0,98.89,BID
78,1712691540.6615765,61638010.11650018,94.81,0.0,98.89,BID
79,1712691570.6713731,61638010.11650018,94.81,0.0,98.89,BID
80,1712691600.451316,61638010.11650018,94.81,0.0,98.89,BID
81,1712691630.44167,61638010.11650018,94.81,0.0,98.89,BID
82,1712691648.3032618,61638115.49057816,94.9,1.6846315180056697e-08,98.89,BID
83,1712691648.3052914,61638324.46548435,94.81,3.3409138203624374e-08,98.89,BID
84,1712691648.3072202,61638326.43650355,94.92,3.1510985738786196e-10,98.89,BID
85,1712691648.3081012,61638431.86612928,94.85,1.6855195682942013e-08,98.89,BID
86,1712691648.308985,61638537.21800455,94.92,1.6842765597971808e-08,98.89,BID
87,1712691660.6845996,61638537.21800455,94.92,0.0,98.89,BID
88,1712691690.6822302,61638537.21800455,94.92,0.0,98.89,BID
89,1712691720.4677837,61638537.21800455,94.92,0.0,98.89,BID
90,1712691750.4413753,61638537.21800455,94.92,0.0,98.89,BID
91,1712691780.691436,61638537.21800455,94.92,0.0,98.89,BID
92,1712691810.7312558,61638537.21800455,94.92,0.0,98.89,BID
93,1712691828.011459,61638642.56987981,94.92,1.684263096392072e-08,98.89,BID
94,1712691840.431542,61638642.56987981,94.92,0.0,98.89,BID
95,1712691870.4412882,61638642.56987981,94.92,0.0,98.89,BID
96,1712691900.4759629,61638642.56987981,94.92,0.0,98.89,BID
97,1712691930.4413245,61638642.56987981,94.92,0.0,98.89,BID
98,1712691960.6714473,61638642.56987981,94.92,0.0,98.89,BID
99,1712691990.6813717,61638642.56987981,94.92,0.0,98.89,BID
100,1712692020.431156,61638642.56987981,94.92,0.0,98.89,BID
101,1712692050.4313407,61638642.56987981,94.92,0.0,98.89,BID
102,1712692080.6612318,61638642.56987981,94.92,0.0,98.89,BID
103,1712692110.681396,61638642.56987981,94.92,0.0,98.89,BID
104,1712692140.4612176,61638642.56987981,94.92,0.0,98.89,BID
105,1712692170.441276,61638642.56987981,94.92,0.0,98.89,BID
106,1712692200.4712658,61638642.56987981,94.92,0.0,98.89,BID
107,1712692230.4413338,61638642.56987981,94.92,0.0,98.89,BID
108,1712692249.5013292,61638726.23824203,94.75,-1.3393549584589884e-08,98.89,ASK
109,1712692260.671275,61638726.23824203,94.75,-0.0,98.89,ASK
110,1712692290.6815248,61638726.23824203,94.75,-0.0,98.89,ASK
111,1712692318.6717143,61641844.53430267,94.75,-4.991731497628687e-07,98.89,ASK
112,1712692320.4514005,61641844.53430267,94.75,-0.0,98.89,ASK
113,1712692347.3515177,61643919.61473469,94.75,-3.321607141870898e-07,98.89,ASK
114,1712692350.4513836,61643919.61473469,94.75,-0.0,98.89,ASK
115,1712692357.4114497,61644949.93865022,94.74,-1.6492004447009465e-07,98.89,ASK
116,1712692380.6730497,61644949.93865022,94.74,-0.0,98.89,ASK
117,1712692410.6921716,61644949.93865022,94.74,-0.0,98.89,ASK
118,1712692432.3214073,61683919.61473469,94.74,-6.237630904759398e-06,98.89,ASK
119,1712692440.421753,61683919.61473469,94.74,-0.0,98.89,ASK
120,1712692458.9312816,61687421.74587422,94.74,5.602330292154216e-07,98.89,BID
121,1712692468.3217638,61689398.82607422,94.74,3.162718885497893e-07,98.89,BID
122,1712692468.3241663,61692299.97637422,94.74,4.6409462010991e-07,98.89,BID
123,1712692470.4573734,61692299.97637422,94.74,0.0,98.89,BID
124,1712692500.6713183,61692299.97637422,94.74,0.0,98.89,BID
125,1712692530.6914322,61692299.97637422,94.74,0.0,98.89,BID
126,1712692560.4637704,61692299.97637422,94.74,0.0,98.89,BID
127,1712692590.4311488,61692299.97637422,94.74,0.0,98.89,BID
128,1712692610.8912127,61692726.06781964,94.92,6.81638762858361e-08,98.89,BID
129,1712692615.7715912,61693109.52862874,94.92,6.134405051419063e-08,98.89,BID
130,1712692620.681537,61693109.52862874,94.92,0.0,98.89,BID
131,1712692650.6908696,61693109.52862874,94.92,0.0,98.89,BID
132,1712692680.490439,61693109.52862874,94.92,0.0,98.89,BID
133,1712692686.2001328,61693173.74802506,94.75,-1.027335615945796e-08,98.89,ASK
134,1712692710.4698238,61693173.74802506,94.75,-0.0,98.89,ASK
135,1712692740.6590393,61693173.74802506,94.75,-0.0,98.89,ASK
136,1712692770.7032523,61693173.74802506,94.75,-0.0,98.89,ASK
137,1712692800.5377817,61693173.74802506,94.75,-0.0,98.89,ASK
138,1712692830.427297,61693173.74802506,94.75,-0.0,98.89,ASK
139,1712692860.6772535,61693173.74802506,94.75,-0.0,98.89,ASK
140,1712692890.6688564,61693173.74802506,94.75,-0.0,98.89,ASK
141,1712692920.4358122,61693173.74802506,94.75,-0.0,98.89,ASK
142,1712692950.4355466,61693173.74802506,94.75,-0.0,98.89,ASK
143,1712692980.675843,61693173.74802506,94.75,-0.0,98.89,ASK
144,1712693010.6676512,61693173.74802506,94.75,-0.0,98.89,ASK
145,1712693040.4181192,61693173.74802506,94.75,-0.0,98.89,ASK
146,1712693056.5822148,61693504.99921189,94.83,-5.3002110961077294e-08,98.89,ASK
147,1712693056.58322,61693836.25039872,94.81,-5.3002110959885134e-08,98.89,ASK
148,1712693056.584209,61698983.42848555,94.82,-8.235783445884466e-07,98.89,ASK
149,1712693056.585163,61699456.96727182,94.77,-7.576895205785765e-08,98.89,ASK
150,1712693056.5861225,61699788.21845865,94.82,-5.3002110961077294e-08,98.89,ASK
151,1712693056.5870886,61700119.46964548,94.81,-5.3002110959885134e-08,98.89,ASK
152,1712693056.5880935,61700781.97201914,94.8,-1.0600422192215453e-07,98.89,ASK
153,1712693056.5890894,61701111.0436091,94.78,-5.26533628200852e-08,98.89,ASK
154,1712693056.5900548,61701442.29479593,94.79,-5.3002110961077294e-08,98.89,ASK
155,1712693056.591038,61701915.8335822,94.75,-7.576895205785765e-08,98.89,ASK
156,1712693056.5920422,61702389.37236847,94.76,-7.576895205785765e-08,98.89,ASK
157,1712693056.5930498,61703444.78136847,94.75,-1.688715607701514e-07,98.89,ASK
158,1712693056.5940492,61703776.0325553,94.79,-5.3002110959885134e-08,98.89,ASK
159,1712693056.595086,61744927.61686662,94.75,-6.584492145514346e-06,98.89,ASK
160,1712693056.6543684,61747400.56946662,94.75,3.9568675771408e-07,98.89,BID
161,1712693056.6566567,61751029.35856662,94.75,5.806273009055568e-07,98.89,BID
162,1712693056.6742706,61755142.73498403,94.75,6.581640820217667e-07,98.89,BID
163,1712693070.4550457,61755142.73498403,94.75,0.0,98.89,BID
164,1712693100.673684,61755142.73498403,94.75,0.0,98.89,BID
165,1712693130.7032766,61755142.73498403,94.75,0.0,98.89,BID
166,1712693136.7435548,61755629.85403918,94.83,7.787403195079196e-08,98.89,BID
167,1712693160.4436357,61755629.85403918,94.83,0.0,98.89,BID
168,1712693174.012921,61755735.3059004,94.92,1.6858098406096996e-08,98.89,BID
169,1712693190.422573,61755735.3059004,94.92,0.0,98.89,BID
170,1712693220.692309,61755735.3059004,94.92,0.0,98.89,BID
171,1712693250.6823468,61755735.3059004,94.92,0.0,98.89,BID
172,1712693280.432696,61755735.3059004,94.92,0.0,98.89,BID
173,1712693310.4517298,61755735.3059004,94.92,0.0,98.89,BID
174,1712693340.671462,61755735.3059004,94.92,0.0,98.89,BID
175,1712693345.421311,61761301.9732004,94.73,-8.899157765633402e-07,98.89,ASK
176,1712693370.6711423,61761301.9732004,94.73,-0.0,98.89,ASK
177,1712693400.470937,61761301.9732004,94.73,-0.0,98.89,ASK
178,1712693430.4306266,61761301.9732004,94.73,-0.0,98.89,ASK
179,1712693460.6705656,61761301.9732004,94.73,-0.0,98.89,ASK
180,1712693490.6800148,61761301.9732004,94.73,-0.0,98.89,ASK
181,1712693520.4323766,61761301.9732004,94.73,-0.0,98.89,ASK
182,1712693550.4399416,61761301.9732004,94.73,-0.0,98.89,ASK
183,1712693580.649583,61761301.9732004,94.73,-0.0,98.89,ASK
184,1712693610.6992402,61761301.9732004,94.73,-0.0,98.89,ASK
185,1712693640.4693463,61761301.9732004,94.73,-0.0,98.89,ASK
186,1712693670.418698,61761301.9732004,94.73,-0.0,98.89,ASK
187,1712693682.67948,61774433.01155704,94.74,2.100126332671937e-06,98.89,BID
188,1712693682.682735,61802517.77690804,94.74,4.491766276101031e-06,98.89,BID
189,1712693700.4587522,61802517.77690804,94.74,0.0,98.89,BID
190,1712693708.969539,61803338.03859157,94.74,-1.311561591282264e-07,98.89,ASK
191,1712693730.4284816,61803338.03859157,94.74,-0.0,98.89,ASK
192,1712693760.6485667,61803338.03859157,94.74,-0.0,98.89,ASK
193,1712693760.7410593,61803416.77973254,94.75,-1.2590198345808836e-08,98.89,ASK
194,1712693790.668423,61803416.77973254,94.75,-0.0,98.89,ASK
195,1712693820.4281363,61803416.77973254,94.75,-0.0,98.89,ASK
196,1712693826.0212092,61806836.33959988,94.92,5.467648181950688e-07,98.89,BID
197,1712693826.058005,61810248.34941495,94.92,5.455576151885396e-07,98.89,BID
198,1712693826.2578926,61813667.90928229,94.92,5.467648181950688e-07,98.89,BID
199,1712693826.3793814,61815371.96471931,94.92,2.724671002594752e-07,98.89,BID
200,1712693826.4179697,61817072.25776933,94.92,2.718655196690323e-07,98.89,BID
201,1712693826.860081,61823858.23468377,94.92,1.0850324538363456e-06,98.89,BID
202,1712693850.4379086,61823858.23468377,94.92,0.0,98.89,BID
203,1712693880.6476722,61823858.23468377,94.92,0.0,98.89,BID
204,1712693910.6676934,61823858.23468377,94.92,0.0,98.89,BID
205,1712693932.9778311,61823936.95105818,94.75,-1.2582319761734717e-08,98.89,ASK
206,1712693940.4374657,61823936.95105818,94.75,-0.0,98.89,ASK
207,1712693970.4172857,61823936.95105818,94.75,-0.0,98.89,ASK
208,1712694000.4771411,61823936.95105818,94.75,-0.0,98.89,ASK
209,1712694018.6773646,61826699.85095818,94.75,-4.417594217129535e-07,98.89,ASK
210,1712694018.687076,61838222.77783085,94.75,-1.8423980947339005e-06,98.89,ASK
211,1712694018.736982,61844500.63142685,94.75,1.0037645497631255e-06,98.89,BID
212,1712694018.7570703,61861221.988961,94.75,2.673573962825273e-06,98.89,BID
213,1712694030.4168248,61861221.988961,94.75,0.0,98.89,BID
214,1712694060.6566515,61861221.988961,94.75,0.0,98.89,BID
215,1712694069.8070118,61863098.04106618,94.92,2.997921961400684e-07,98.89,BID
216,1712694069.8096323,61885973.3321974,94.92,3.655460179736316e-06,98.89,BID
217,1712694090.0585167,61888447.22916326,94.92,3.953275084282589e-07,98.89,BID
218,1712694090.667055,61888447.22916326,94.92,0.0,98.89,BID
219,1712694115.1066384,61889604.66313313,94.92,1.8488102653349842e-07,98.89,BID
220,1712694120.4163277,61889604.66313313,94.92,0.0,98.89,BID
221,1712694150.458444,61889604.66313313,94.92,0.0,98.89,BID
222,1712694180.6681554,61889604.66313313,94.92,0.0,98.89,BID
223,1712694210.6861048,61889604.66313313,94.92,0.0,98.89,BID
224,1712694226.2259953,61889708.29007613,94.94,1.6552408076365667e-08,98.89,BID
225,1712694240.425928,61889708.29007613,94.94,0.0,98.89,BID
226,1712694270.415722,61889708.29007613,94.94,0.0,98.89,BID
227,1712694291.376804,61889709.99281504,94.94,2.719793153570355e-10,98.89,BID
228,1712694291.3782809,61907444.72395708,95.02,2.8327772409127392e-06,98.89,BID
229,1712694291.3797374,61908497.35553603,95.0,1.6813735466525068e-07,98.89,BID
230,1712694300.6557555,61908497.35553603,95.0,0.0,98.89,BID
231,1712694320.2357304,61909549.76555497,95.02,1.68106148044097e-07,98.89,BID
232,1712694324.7757246,61928320.27926675,95.02,2.998297906803229e-06,98.89,BID
233,1712694330.655478,61928320.27926675,95.02,0.0,98.89,BID
234,1712694360.4356947,61928320.27926675,95.02,0.0,98.89,BID
235,1712694390.435285,61928320.27926675,95.02,0.0,98.89,BID
236,1712694420.6852317,61928320.27926675,95.02,0.0,98.89,BID
237,1712694450.6849513,61928320.27926675,95.02,0.0,98.89,BID
238,1712694480.404857,61928320.27926675,95.02,0.0,98.89,BID
239,1712694510.394942,61928320.27926675,95.02,0.0,98.89,BID
240,1712694540.4346757,61928320.27926675,95.02,0.0,98.89,BID
241,1712694570.4651723,61928320.27926675,95.02,0.0,98.89,BID
242,1712694600.7723477,61928320.27926675,95.02,0.0,98.89,BID
243,1712694607.8660734,61929372.68926675,95.02,1.6805670714360864e-07,98.89,BID
244,1712694630.6544814,61929372.68926675,95.02,0.0,98.89,BID
245,1712694660.404262,61929372.68926675,95.02,0.0,98.89,BID
246,1712694690.4706914,61929372.68926675,95.02,0.0,98.89,BID
247,1712694709.3346174,61931100.48056675,94.92,-2.7590224322078624e-07,98.89,ASK
248,1712694709.3371484,61932214.1963179,94.92,-1.7784362848368436e-07,98.89,ASK
249,1712694710.4845726,61932266.81681884,95.02,8.402701326230175e-09,98.89,BID
250,1712694720.6547542,61932266.81681884,95.02,0.0,98.89,BID
251,1712694750.654677,61932266.81681884,95.02,0.0,98.89,BID
252,1712694780.4552617,61932266.81681884,95.02,0.0,98.89,BID
253,1712694810.397183,61932266.81681884,95.02,0.0,98.89,BID
254,1712694840.715551,61932266.81681884,95.02,0.0,98.89,BID
255,1712694870.6563244,61932266.81681884,95.02,0.0,98.89,BID
256,1712694900.4360063,61932266.81681884,95.02,0.0,98.89,BID
257,1712694930.4262335,61932266.81681884,95.02,0.0,98.89,BID
258,1712694960.6563308,61932266.81681884,95.02,0.0,98.89,BID
259,1712694990.6765318,61932266.81681884,95.02,0.0,98.89,BID
260,1712695004.526755,61933320.00270614,94.95,-1.6817391804736796e-07,98.89,ASK
261,1712695020.4075336,61933320.00270614,94.95,-0.0,98.89,ASK
262,1712695050.4375422,61933320.00270614,94.95,-0.0,98.89,ASK
263,1712695071.474056,61934515.01395499,94.92,-1.9081770577923e-07,98.89,ASK
264,1712695071.475656,61938841.16444265,94.92,-6.90793590190981e-07,98.89,ASK
265,1712695080.677168,61938841.16444265,94.92,-0.0,98.89,ASK
266,1712695110.6672056,61938841.16444265,94.92,-0.0,98.89,ASK
267,1712695140.4272766,61938841.16444265,94.92,-0.0,98.89,ASK
268,1712695170.4183855,61938841.16444265,94.92,-0.0,98.89,ASK
269,1712695200.4688404,61938841.16444265,94.92,-0.0,98.89,ASK
270,1712695230.4293962,61938841.16444265,94.92,-0.0,98.89,ASK
271,1712695260.657444,61938841.16444265,94.92,-0.0,98.89,ASK
272,1712695267.0282197,61940203.90715012,94.92,-2.1759549368162618e-07,98.89,ASK
273,1712695267.0320556,61940330.22796246,94.92,-2.017023416974653e-08,98.89,ASK
274,1712695290.667979,61940330.22796246,94.92,-0.0,98.89,ASK
275,1712695320.4208615,61940330.22796246,94.92,-0.0,98.89,ASK
276,1712695350.4083917,61940330.22796246,94.92,-0.0,98.89,ASK
277,1712695380.6578476,61940330.22796246,94.92,-0.0,98.89,ASK
278,1712695386.9179642,61940980.56037755,94.93,-1.0383927100113865e-07,98.89,ASK
279,1712695387.080427,61941056.11287755,94.94,1.2063548332575145e-08,98.89,BID
280,1712695410.6679208,61941056.11287755,94.94,0.0,98.89,BID
281,1712695424.7879574,61941266.59488133,95.02,3.3607516475145326e-08,98.89,BID
282,1712695437.2782767,61941622.60488133,95.02,5.684387132892241e-08,98.89,BID
283,1712695437.2818675,61942266.38439932,95.02,1.027918319283153e-07,98.89,BID
284,1712695440.4279382,61942266.38439932,95.02,0.0,98.89,BID
285,1712695459.3414876,61942467.1411788,95.14,3.205410803723679e-08,98.89,BID
286,1712695470.4340365,61942467.1411788,95.14,0.0,98.89,BID
287,1712695500.4381511,61942467.1411788,95.14,0.0,98.89,BID
288,1712695530.4479709,61942467.1411788,95.14,0.0,98.89,BID
289,1712695560.6683123,61942467.1411788,95.14,0.0,98.89,BID
290,1712695590.6579914,61942467.1411788,95.14,0.0,98.89,BID
291,1712695620.4776754,61942467.1411788,95.14,0.0,98.89,BID
292,1712695650.4181848,61942467.1411788,95.14,0.0,98.89,BID
293,1712695680.6982155,61942467.1411788,95.14,0.0,98.89,BID
294,1712695681.1684766,61949233.80194631,95.14,1.08064226135489e-06,98.89,BID
295,1712695681.1731536,61955733.80194631,95.13,1.038056279181702e-06,98.89,BID
296,1712695681.1765609,61978356.40724929,95.15,3.61285192095416e-06,98.89,BID
297,1712695687.548082,61981094.6905563,94.96,-4.373064893886596e-07,98.89,ASK
298,1712695710.6583548,61981094.6905563,94.96,-0.0,98.89,ASK
299,1712695740.4281733,61981094.6905563,94.96,-0.0,98.89,ASK
300,1712695767.688172,61981199.78777122,95.15,1.677428272599022e-08,98.89,BID
301,1712695770.439084,61981199.78777122,95.15,0.0,98.89,BID
302,1712695800.527989,61981199.78777122,95.15,0.0,98.89,BID
303,1712695830.4182932,61981199.78777122,95.15,0.0,98.89,BID
304,1712695860.668152,61981199.78777122,95.15,0.0,98.89,BID
305,1712695886.0491996,61981257.37286465,95.01,-9.191188122360004e-09,98.89,ASK
306,1712695890.6683338,61981257.37286465,95.01,-0.0,98.89,ASK
307,1712695920.408295,61981257.37286465,95.01,-0.0,98.89,ASK
308,1712695950.4282098,61981257.37286465,95.01,-0.0,98.89,ASK
309,1712695980.6880536,61981257.37286465,95.01,-0.0,98.89,ASK
310,1712696010.6681638,61981257.37286465,95.01,-0.0,98.89,ASK
311,1712696040.4610517,61981257.37286465,95.01,-0.0,98.89,ASK
312,1712696070.43797,61981257.37286465,95.01,-0.0,98.89,ASK
313,1712696100.657844,61981257.37286465,95.01,-0.0,98.89,ASK
314,1712696130.6476696,61981257.37286465,95.01,-0.0,98.89,ASK
315,1712696130.7079034,61981925.67268631,94.96,-1.067193388584326e-07,98.89,ASK
316,1712696160.3976824,61981925.67268631,94.96,-0.0,98.89,ASK
317,1712696190.427628,61981925.67268631,94.96,-0.0,98.89,ASK
318,1712696220.650718,61981925.67268631,94.96,-0.0,98.89,ASK
319,1712696250.6850166,61981925.67268631,94.96,-0.0,98.89,ASK
320,1712696280.4274688,61981925.67268631,94.96,-0.0,98.89,ASK
321,1712696310.427981,61981925.67268631,94.96,-0.0,98.89,ASK
322,1712696340.6873746,61981925.67268631,94.96,-0.0,98.89,ASK
323,1712696345.4576185,61982486.93408631,94.96,-8.962569881770721e-08,98.89,ASK
324,1712696370.6775374,61982486.93408631,94.96,-0.0,98.89,ASK
325,1712696400.5874393,61982486.93408631,94.96,-0.0,98.89,ASK
326,1712696403.2680526,61987749.53802231,95.01,8.405960626021703e-07,98.89,BID
327,1712696403.3972998,61987749.53802274,95.01,6.902473942979143e-17,98.89,BID
328,1712696430.4309807,61987749.53802274,95.01,0.0,98.89,BID
329,1712696460.667614,61987749.53802274,95.01,0.0,98.89,BID
330,1712696490.658086,61987749.53802274,95.01,0.0,98.89,BID
331,1712696520.4170504,61987749.53802274,95.01,0.0,98.89,BID
332,1712696550.4374692,61987749.53802274,95.01,0.0,98.89,BID
333,1712696568.4474125,61995453.2164962,95.02,-1.2304107874835755e-06,98.89,ASK
334,1712696575.4371507,62007459.94767513,95.02,-1.917682781787027e-06,98.89,ASK
335,1712696580.6475673,62007459.94767513,95.02,-0.0,98.89,ASK
336,1712696610.6970985,62007459.94767513,95.02,-0.0,98.89,ASK
337,1712696626.0872607,62008009.94767513,95.02,-8.78182501646638e-08,98.89,ASK
338,1712696640.3970554,62008009.94767513,95.02,-0.0,98.89,ASK
339,1712696670.4072323,62008009.94767513,95.02,-0.0,98.89,ASK
340,1712696699.9676063,62008604.21551913,95.13,9.488568493482362e-08,98.89,BID
341,1712696700.6672492,62008604.21551913,95.13,0.0,98.89,BID
342,1712696703.3673117,62009168.75509655,95.13,9.0396611167247e-08,98.89,BID
343,1712696707.656992,62009705.05384563,95.13,8.587456297047424e-08,98.89,BID
344,1712696716.6388886,62010214.5240443,95.13,8.157865505382554e-08,98.89,BID
345,1712696720.2529202,62010698.50806616,95.13,7.749769402500748e-08,98.89,BID
346,1712696724.6471314,62011158.28048285,95.13,7.362082312629522e-08,98.89,BID
347,1712696728.3370888,62011595.05279442,95.13,6.993794305458638e-08,98.89,BID
348,1712696730.677068,62011595.05279442,95.13,0.0,98.89,BID
349,1712696738.968649,62012353.75443951,95.13,1.2148117848975896e-07,98.89,BID
350,1712696738.9722693,62012424.89932022,95.13,1.1391518666566717e-08,98.89,BID
351,1712696750.787978,62013359.85901745,95.13,1.497031232159444e-07,98.89,BID
352,1712696750.790779,62014291.94967236,95.13,1.4924374021227857e-07,98.89,BID
353,1712696750.8746438,62014509.23357513,95.13,3.4790888810438445e-08,98.89,BID
354,1712696750.92748,62014754.36947513,95.13,-3.925047245582448e-08,98.89,ASK
355,1712696750.9474494,62017814.41985049,95.13,-4.899666795789763e-07,98.89,ASK
356,1712696751.047732,62019946.81285049,95.13,-3.414327836498733e-07,98.89,ASK
357,1712696751.0672708,62021334.9434705,95.13,-2.2226357977158922e-07,98.89,ASK
358,1712696760.4276538,62021334.9434705,95.13,-0.0,98.89,ASK
359,1712696774.0780632,62021399.99915049,95.13,1.0414987791885256e-08,98.89,BID
360,1712696774.0884073,62021609.56965049,95.13,3.355086288125306e-08,98.89,BID
361,1712696790.4486158,62021609.56965049,95.13,0.0,98.89,BID
362,1712696809.3290913,62032578.31965049,95.04,-1.756017607617926e-06,98.89,ASK
363,1712696820.659243,62032578.31965049,95.04,-0.0,98.89,ASK
364,1712696825.6595922,62034455.24272539,95.04,-3.004316807951694e-07,98.89,ASK
365,1712696825.6624906,62057678.36143749,95.04,-3.7172331041743554e-06,98.89,ASK
366,1712696825.780007,62057678.36143842,95.04,-1.4907313474744626e-16,98.89,ASK
367,1712696825.781631,62062939.85780798,95.03,-8.421869915435037e-07,98.89,ASK
368,1712696825.7832663,62063992.37860798,95.01,-1.6847285711715677e-07,98.89,ASK
369,1712696825.784868,62067149.27642972,95.03,-5.053121949270563e-07,98.89,ASK
370,1712696825.7864685,62077021.96837535,95.0,-1.5802828975107611e-06,98.89,ASK
371,1712696825.939613,62077675.59221919,95.0,-1.046229931528514e-07,98.89,ASK
372,1712696825.9434285,62077886.11853497,95.0,-3.3698117811531086e-08,98.89,ASK
373,1712696825.945022,62096197.24570577,94.96,-2.930989973304893e-06,98.89,ASK
374,1712696825.946641,62117872.85501335,94.96,-3.4695293715777657e-06,98.89,ASK
375,1712696825.9592507,62117872.85501494,94.96,-2.55213206687628e-16,98.89,ASK
376,1712696826.039554,62118952.1278313,94.91,-1.7275494696229997e-07,98.89,ASK
377,1712696826.0420728,62120571.33448994,94.92,-2.591800295476744e-07,98.89,ASK
378,1712696850.6500716,62120571.33448994,94.92,-0.0,98.89,ASK
379,1712696851.3320148,62123731.89074784,94.92,-5.05221821540042e-07,98.89,ASK
380,1712696851.3351803,62123837.2426231,94.92,-1.6840727384231367e-08,98.89,ASK
381,1712696851.3372643,62123837.24262394,94.91,-1.3458204887744426e-16,98.89,ASK
382,1712696851.356412,62123837.24262423,94.91,-4.6448671736463065e-17,98.89,ASK
383,1712696880.4206345,62123837.24262423,94.91,-0.0,98.89,ASK
384,1712696882.1650743,62130347.24262423,94.94,1.0405861546336785e-06,98.89,BID
385,1712696882.168846,62138238.65676573,95.04,1.2613972805105624e-06,98.89,BID
386,1712696882.1725247,62148106.25766573,94.95,1.5772793972339052e-06,98.89,BID
387,1712696882.1771429,62157197.99596573,94.95,1.4532622114482676e-06,98.89,BID
388,1712696882.1808145,62162797.99596573,95.14,8.951278749537019e-07,98.89,BID
389,1712696882.182681,62179317.11081839,95.15,2.6404857453899674e-06,98.89,BID
390,1712696882.1843946,62185267.11081839,95.22,9.510733671383082e-07,98.89,BID
391,1712696882.1860723,62191147.11081839,95.27,9.39884268701387e-07,98.89,BID
392,1712696882.1878114,62192206.68889439,95.28,1.6936747705628613e-07,98.89,BID
393,1712696882.1895192,62197946.68889439,95.11,9.175060718275444e-07,98.89,BID
394,1712696882.1912365,62201280.37777371,95.36,5.328710432680694e-07,98.89,BID
395,1712696882.1929755,62201343.91017523,95.48,1.0155289921544216e-08,98.89,BID
396,1712696882.194692,62201398.3103457,95.27,8.695555177611562e-09,98.89,BID
397,1712696882.1964295,62206937.6062387,95.3,8.8542467168564e-07,98.89,BID
398,1712696882.1981533,62208171.59643404,95.36,1.972462537981533e-07,98.89,BID
399,1712696882.199906,62209508.72950951,95.6,2.137330514953921e-07,98.89,BID
400,1712696882.201666,62212968.6003459,95.36,5.530405052489105e-07,98.89,BID
401,1712696882.2034104,62213208.5888459,95.6,3.836078500312016e-08,98.89,BID
402,1712696882.2053144,62223648.6078369,95.54,1.6687771453376735e-06,98.89,BID
403,1712696882.207068,62223745.1229569,95.4,1.542738826181887e-08,98.89,BID
404,1712696882.2088366,62228886.00528031,95.6,8.217405481317915e-07,98.89,BID
405,1712696883.4910078,62231402.31238031,95.6,4.022172548485928e-07,98.89,BID
406,1712696883.4936695,62241303.43388031,95.6,1.5826374728488804e-06,98.89,BID
407,1712696883.5715778,62241303.43388109,95.6,-1.2504791956679458e-16,98.89,ASK
408,1712696883.5754683,62242872.90979609,95.6,-2.5087172153300466e-07,98.89,ASK
409,1712696883.5792818,62244442.38571109,95.61,-2.5087172153300466e-07,98.89,ASK
410,1712696883.5830915,62246011.86162531,95.61,-2.508717214079567e-07,98.89,ASK
411,1712696883.585795,62247581.33754031,95.61,-2.508717215341956e-07,98.89,ASK
412,1712696883.6508672,62264815.17524931,95.61,-2.7547300938838288e-06,98.89,ASK
413,1712696883.654735,62264815.17524949,95.61,-2.858238161526733e-17,98.89,ASK
414,1712696884.0542903,62266384.65114949,95.15,2.508717191356574e-07,98.89,BID
415,1712696884.056152,62270171.87767158,95.47,-6.053664336937458e-07,98.89,ASK
416,1712696884.1521704,62273708.57574949,95.15,5.653208990771618e-07,98.89,BID
417,1712696884.1543753,62276849.6612084,95.15,5.020844914078272e-07,98.89,BID
418,1712696884.156168,62280511.5023084,95.21,-5.853242932608907e-07,98.89,ASK
419,1712696884.157941,62282361.53584949,95.21,-2.957172486124407e-07,98.89,ASK
420,1712696884.311807,62282676.82749426,95.15,-5.0397560710276054e-08,98.89,ASK
421,1712696884.3909192,62288346.82749426,95.14,9.063169733906232e-07,98.89,BID
422,1712696884.4512815,62303105.57342141,95.14,2.359100871205215e-06,98.89,BID
423,1712696884.571159,62304303.80130289,95.14,1.9152985308145386e-07,98.89,BID
424,1712696884.5743403,62309125.57342141,95.14,7.707326124937758e-07,98.89,BID
425,1712696885.5557024,62311239.63392141,95.11,-3.379204433723094e-07,98.89,ASK
426,1712696893.85114,62316563.54120241,95.11,-8.509960376599206e-07,98.89,ASK
427,1712696893.8552554,62316563.54120339,95.11,-1.560121663166675e-16,98.89,ASK
428,1712696903.437688,62321910.54259,94.92,-8.54687497959479e-07,98.89,ASK
429,1712696903.5912268,62322023.54120339,94.92,-1.80621801203804e-08,98.89,ASK
430,1712696903.6313696,62325554.78470339,94.91,-5.644490160893965e-07,98.89,ASK
431,1712696907.721351,62346598.91590339,94.91,-3.363783650232763e-06,98.89,ASK
432,1712696908.5113623,62346720.43844807,94.92,1.942468163931931e-08,98.89,BID
433,1712696910.4514208,62346720.43844807,94.92,0.0,98.89,BID
434,1712696929.6019485,62350920.43844807,94.91,-6.690762550989739e-07,98.89,ASK
435,1712696933.4018996,62355120.43844807,94.91,-6.690762550989739e-07,98.89,ASK
436,1712696934.05192,62359995.43844807,94.91,-7.766063675255948e-07,98.89,ASK
437,1712696936.8418932,62362689.68544807,94.91,-4.292039745410863e-07,98.89,ASK
438,1712696939.852123,62368689.68544807,94.91,-9.558232215699628e-07,98.89,ASK
439,1712696940.4521675,62373762.09274807,94.91,-8.080541144327702e-07,98.89,ASK
440,1712696940.4776073,62376629.55354807,94.91,-4.567976032635232e-07,98.89,ASK
441,1712696940.6528006,62376629.55354807,94.91,-0.0,98.89,ASK
442,1712696944.1823127,62380229.55354807,94.91,-5.732347094577865e-07,98.89,ASK
443,1712696946.532147,62382229.55354807,94.91,-3.184637274765481e-07,98.89,ASK
444,1712696946.642002,62384125.65884807,94.91,-3.019203807633058e-07,98.89,ASK
445,1712696947.602054,62386424.68644807,94.91,-3.660784495333838e-07,98.89,ASK
446,1712696950.672617,62390824.68644807,94.91,-7.006202004484057e-07,98.89,ASK
447,1712696953.1021535,62395024.68644807,94.91,-6.687738277007509e-07,98.89,ASK
448,1712696964.2128882,62395341.1755292,94.91,-5.0395146241053225e-08,98.89,ASK
449,1712696968.0933585,62402541.1755292,94.91,-1.146469418915573e-06,98.89,ASK
450,1712696970.6828673,62402541.1755292,94.91,-0.0,98.89,ASK
451,1712696989.5710645,62402726.44047995,94.91,-2.94885358460746e-08,98.89,ASK
452,1712697000.4738078,62402726.44047995,94.91,-0.0,98.89,ASK
453,1712697015.7540488,62405226.97397995,94.91,-3.981374180520434e-07,98.89,ASK
454,1712697030.443889,62405226.97397995,94.91,-0.0,98.89,ASK
455,1712697041.4041054,62405331.01885061,94.91,-1.656550129056386e-08,98.89,ASK
456,1712697041.5040386,62410556.49769254,94.92,8.319744736184969e-07,98.89,BID
457,1712697041.5089247,62412176.07959161,94.92,2.578616886069621e-07,98.89,BID
458,1712697041.64403,62416258.63379161,94.91,-6.500037574183251e-07,98.89,ASK
459,1712697041.6487904,62422105.65719161,94.91,-9.3093367375568e-07,98.89,ASK
460,1712697041.843892,62422696.45969161,94.92,9.40646041854272e-08,98.89,BID
461,1712697041.8537743,62424629.83039161,94.92,3.078215641284779e-07,98.89,BID
462,1712697041.8636825,62424629.83039254,94.92,1.4828049873003822e-16,98.89,BID
463,1712697060.686293,62424629.83039254,94.92,0.0,98.89,BID
464,1712697090.6748636,62424629.83039254,94.92,0.0,98.89,BID
465,1712697120.455796,62424629.83039254,94.92,0.0,98.89,BID
466,1712697150.4356625,62424629.83039254,94.92,0.0,98.89,BID
467,1712697180.6967444,62424629.83039254,94.92,0.0,98.89,BID
468,1712697210.6995027,62424629.83039254,94.92,0.0,98.89,BID
469,1712697240.4168274,62424629.83039254,94.92,0.0,98.89,BID
470,1712697270.447164,62424629.83039254,94.92,0.0,98.89,BID
471,1712697290.0473397,62424981.40382634,95.13,-5.59593468059905e-08,98.89,ASK
472,1712697290.049957,62430581.40382634,95.14,-8.913424962889828e-07,98.89,ASK
473,1712697300.437379,62430581.40382634,95.14,-0.0,98.89,ASK
474,1712697330.4397533,62430581.40382634,95.14,-0.0,98.89,ASK
475,1712697353.6781027,62436041.40382634,95.15,-8.703629680477932e-07,98.89,ASK
476,1712697357.0281222,62442201.40382634,95.15,-9.819479639513564e-07,98.89,ASK
477,1712697360.668085,62447871.40382634,95.15,-9.03838466818862e-07,98.89,ASK
478,1712697360.6880708,62447871.40382634,95.15,-0.0,98.89,ASK
479,1712697390.678307,62447871.40382634,95.15,-0.0,98.89,ASK
480,1712697394.998344,62448969.26382634,95.17,-1.749608363702049e-07,98.89,ASK
481,1712697420.458328,62448969.26382634,95.17,-0.0,98.89,ASK
482,1712697450.4387624,62448969.26382634,95.17,-0.0,98.89,ASK
483,1712697480.6690202,62448969.26382634,95.17,-0.0,98.89,ASK
484,1712697491.0674975,62449814.57452634,95.15,-1.347109872675358e-07,98.89,ASK
485,1712697510.66917,62449814.57452634,95.15,-0.0,98.89,ASK
486,1712697540.4410307,62449814.57452634,95.15,-0.0,98.89,ASK
487,1712697570.4395995,62449814.57452634,95.15,-0.0,98.89,ASK
488,1712697600.480053,62449814.57452634,95.15,-0.0,98.89,ASK
489,1712697630.441087,62449814.57452634,95.15,-0.0,98.89,ASK
490,1712697657.6203227,62449919.20987215,95.57,1.6679948863299028e-08,98.89,BID
491,1712697660.4901469,62449919.20987215,95.57,0.0,98.89,BID
492,1712697690.440549,62449919.20987215,95.57,0.0,98.89,BID
493,1712697720.684537,62449919.20987215,95.57,0.0,98.89,BID
494,1712697750.696414,62449919.20987215,95.57,0.0,98.89,BID
495,1712697780.4543364,62449919.20987215,95.57,0.0,98.89,BID
496,1712697790.0113175,62451683.42981564,95.55,2.812343315136861e-07,98.89,BID
497,1712697810.440975,62451683.42981564,95.55,0.0,98.89,BID
498,1712697828.671107,62452206.77082464,95.54,8.342355748616033e-08,98.89,BID
499,1712697828.9712214,62452615.08962464,95.55,6.508835787561142e-08,98.89,BID
500,1712697828.981196,62453253.14296906,95.58,1.0170936147120333e-07,98.89,BID
501,1712697840.6712537,62453253.14296906,95.58,0.0,98.89,BID
502,1712697870.6751096,62453253.14296906,95.58,0.0,98.89,BID
503,1712697900.4373968,62453253.14296906,95.58,0.0,98.89,BID
504,1712697916.3717687,62453357.76736746,95.57,1.6714058880415255e-08,98.89,BID
505,1712697930.453636,62453357.76736746,95.57,0.0,98.89,BID
506,1712697960.665774,62453357.76736746,95.57,0.0,98.89,BID
507,1712697990.682203,62453357.76736746,95.57,0.0,98.89,BID
508,1712698020.4723265,62453357.76736746,95.57,0.0,98.89,BID
509,1712698024.0923364,62453410.3878684,95.54,8.406268131755183e-09,98.89,BID
510,1712698024.096955,62453543.9218684,95.56,2.1332419660220423e-08,98.89,BID
511,1712698024.1020002,62458116.74156097,95.57,7.305203821586136e-07,98.89,BID
512,1712698024.152046,62463940.75671397,95.57,-9.304022597205412e-07,98.89,ASK
513,1712698024.1617496,62463940.75671405,95.57,-1.3092755643060413e-17,98.89,ASK
514,1712698024.3319345,62469470.75671405,95.49,-8.834325394235668e-07,98.89,ASK
515,1712698050.422024,62469470.75671405,95.49,-0.0,98.89,ASK
516,1712698080.7121265,62469470.75671405,95.49,-0.0,98.89,ASK
517,1712698105.5050828,62469575.42491585,95.54,1.671691861777589e-08,98.89,BID
518,1712698110.6725044,62469575.42491585,95.54,0.0,98.89,BID
519,1712698140.4531188,62469575.42491585,95.54,0.0,98.89,BID
520,1712698170.452544,62469575.42491585,95.54,0.0,98.89,BID
521,1712698186.7331195,62470624.74285918,95.3,-1.6758991122224294e-07,98.89,ASK
522,1712698186.7379944,62474604.73986918,95.31,-6.356580003347552e-07,98.89,ASK
523,1712698186.742653,62474816.56094909,95.33,-3.3830619406473146e-08,98.89,ASK
524,1712698186.7460375,62480158.41426244,95.29,-8.531644085946405e-07,98.89,ASK
525,1712698199.1327534,62480367.68495407,95.24,-3.3423288770823725e-08,98.89,ASK
526,1712698199.13785,62480681.75527144,95.2,-5.0161170826009487e-08,98.89,ASK
527,1712698200.5635154,62480681.75527144,95.2,-0.0,98.89,ASK
528,1712698230.4345064,62480681.75527144,95.2,-0.0,98.89,ASK
529,1712698260.6627498,62480681.75527144,95.2,-0.0,98.89,ASK
530,1712698290.672986,62480681.75527144,95.2,-0.0,98.89,ASK
531,1712698320.443119,62480681.75527144,95.2,-0.0,98.89,ASK
532,1712698350.4439738,62480681.75527144,95.2,-0.0,98.89,ASK
533,1712698380.4856448,62480681.75527144,95.2,-0.0,98.89,ASK
534,1712698410.4531827,62480681.75527144,95.2,-0.0,98.89,ASK
535,1712698440.6837995,62480681.75527144,95.2,-0.0,98.89,ASK
536,1712698463.0537536,62481732.17547144,95.2,-1.677854049908521e-07,98.89,ASK
537,1712698463.0573387,62483205.56686802,95.3,-2.353473135666138e-07,98.89,ASK
538,1712698463.0603406,62506397.18110946,95.2,-3.7044359846653822e-06,98.89,ASK
539,1712698463.0630336,62512977.18110946,95.22,-1.0510345905783226e-06,98.89,ASK
540,1712698463.1533594,62519801.27907979,95.2,1.0900247745154011e-06,98.89,BID
541,1712698470.6634836,62519801.27907979,95.2,0.0,98.89,BID
542,1712698488.423569,62519906.33213158,95.19,-1.6770325725354482e-08,98.89,ASK
543,1712698500.4752574,62519906.33213158,95.19,-0.0,98.89,ASK
544,1712698530.4535131,62519906.33213158,95.19,-0.0,98.89,ASK
545,1712698560.6634898,62519906.33213158,95.19,-0.0,98.89,ASK
546,1712698590.6783392,62519906.33213158,95.19,-0.0,98.89,ASK
547,1712698591.293733,62520116.29583158,95.15,-3.35182608240756e-08,98.89,ASK
548,1712698593.8636713,62520116.52656142,95.15,-3.683333228775364e-11,98.89,ASK
549,1712698607.8937984,62520955.62892979,95.08,1.3395292634198082e-07,98.89,BID
550,1712698617.8636117,62521522.39963037,95.15,-9.047834539577853e-08,98.89,ASK
551,1712698620.460924,62521522.39963037,95.15,-0.0,98.89,ASK
552,1712698650.4676342,62521522.39963037,95.15,-0.0,98.89,ASK
553,1712698657.5943356,62522331.14973037,95.31,1.2910437201712816e-07,98.89,BID
554,1712698657.599368,62523412.82647234,95.31,1.726728645815425e-07,98.89,BID
555,1712698658.2943015,62524486.63627234,95.31,-1.7141702967878277e-07,98.89,ASK
556,1712698658.8939528,62525506.63627234,95.31,-1.628271322095603e-07,98.89,ASK
557,1712698659.1136212,62525560.44607234,95.31,-8.589897469222499e-09,98.89,ASK
558,1712698680.6838243,62525560.44607234,95.31,-0.0,98.89,ASK
559,1712698710.668043,62525560.44607234,95.31,-0.0,98.89,ASK
560,1712698740.4236586,62525560.44607234,95.31,-0.0,98.89,ASK
561,1712698770.4438295,62525560.44607234,95.31,-0.0,98.89,ASK
562,1712698800.4435277,62525560.44607234,95.31,-0.0,98.89,ASK
563,1712698823.4932294,62525652.74627234,95.31,-1.4734611666359084e-08,98.89,ASK
564,1712698830.4624913,62525652.74627234,95.31,-0.0,98.89,ASK
565,1712698860.682323,62525652.74627234,95.31,-0.0,98.89,ASK
566,1712698874.85193,62527327.26223257,95.55,2.673158644609468e-07,98.89,BID
567,1712698890.6714687,62527327.26223257,95.55,0.0,98.89,BID
568,1712698920.464038,62527327.26223257,95.55,0.0,98.89,BID
569,1712698934.040412,62531528.94290484,95.31,-6.707294766420302e-07,98.89,ASK
570,1712698950.4545474,62531528.94290484,95.31,-0.0,98.89,ASK
571,1712698980.6896615,62531528.94290484,95.31,-0.0,98.89,ASK
572,1712698981.590087,62531654.84784661,95.31,-2.0097376287883363e-08,98.89,ASK
573,1712698986.2394462,62552685.34206322,95.31,-3.356959225213904e-06,98.89,ASK
574,1712698988.649428,62552748.10501455,95.55,1.0018436385596108e-08,98.89,BID
575,1712699010.6716025,62552748.10501455,95.55,0.0,98.89,BID
576,1712699040.4139256,62552748.10501455,95.55,0.0,98.89,BID
577,1712699070.459609,62552748.10501455,95.55,0.0,98.89,BID
578,1712699100.4712534,62552748.10501455,95.55,0.0,98.89,BID
579,1712699130.445301,62552748.10501455,95.55,0.0,98.89,BID
580,1712699160.6768768,62552748.10501455,95.55,0.0,98.89,BID
581,1712699190.6863463,62552748.10501455,95.55,0.0,98.89,BID
582,1712699220.4458778,62552748.10501455,95.55,0.0,98.89,BID
583,1712699250.4256115,62552748.10501455,95.55,0.0,98.89,BID
584,1712699280.675476,62552748.10501455,95.55,0.0,98.89,BID
585,1712699310.6952884,62552748.10501455,95.55,0.0,98.89,BID
586,1712699340.449618,62552748.10501455,95.55,0.0,98.89,BID
587,1712699351.4650826,62553822.18721455,95.55,1.7139997984026197e-07,98.89,BID
588,1712699351.544625,62560082.07026823,95.55,-9.989401455463074e-07,98.89,ASK
589,1712699351.6448703,62563213.82976598,95.55,-4.997601810893131e-07,98.89,ASK
590,1712699370.4587443,62563213.82976598,95.55,-0.0,98.89,ASK
591,1712699400.506791,62563213.82976598,95.55,-0.0,98.89,ASK
592,1712699430.4437246,62563213.82976598,95.55,-0.0,98.89,ASK
593,1712699460.6740654,62563213.82976598,95.55,-0.0,98.89,ASK
594,1712699467.6546931,62563318.73954357,95.32,-1.6739502341882872e-08,98.89,ASK
595,1712699467.6592836,62578125.29927925,95.31,-2.36254853519263e-06,98.89,ASK
596,1712699467.6637297,62579425.6772061,95.32,-2.0748951958574762e-07,98.89,ASK
597,1712699490.6734889,62579425.6772061,95.32,-0.0,98.89,ASK
598,1712699510.2850764,62579483.26229953,95.31,-9.18606661984581e-09,98.89,ASK
599,1712699517.4934552,62585630.28941966,95.31,-9.805836419625882e-07,98.89,ASK
600,1712699520.4634523,62585630.28941966,95.31,-0.0,98.89,ASK
601,1712699550.4312534,62585630.28941966,95.31,-0.0,98.89,ASK
602,1712699563.232838,62585693.01588283,95.51,1.0005282332662853e-08,98.89,BID
603,1712699580.6426055,62585693.01588283,95.51,0.0,98.89,BID
604,1712699610.6524992,62585693.01588283,95.51,0.0,98.89,BID
605,1712699625.5926993,62586345.45528283,95.31,-1.040682645596652e-07,98.89,ASK
606,1712699640.4322865,62586345.45528283,95.31,-0.0,98.89,ASK
607,1712699670.4320483,62586345.45528283,95.31,-0.0,98.89,ASK
608,1712699700.4549108,62586345.45528283,95.31,-0.0,98.89,ASK
609,1712699730.4727092,62586345.45528283,95.31,-0.0,98.89,ASK
610,1712699760.5032828,62586345.45528283,95.31,-0.0,98.89,ASK
611,1712699762.4116588,62587472.50568283,95.32,-1.798942343699096e-07,98.89,ASK
612,1712699790.4386802,62587472.50568283,95.32,-0.0,98.89,ASK
613,1712699820.6613066,62587472.50568283,95.32,-0.0,98.89,ASK
614,1712699850.6610863,62587472.50568283,95.32,-0.0,98.89,ASK
615,1712699867.861337,62594142.49626564,95.57,1.064612793103968e-06,98.89,BID
616,1712699867.9418228,62595424.79196515,95.57,2.046702149409127e-07,98.89,BID
617,1712699869.3210652,62598812.02576515,95.32,-5.406443070564445e-07,98.89,ASK
618,1712699880.4512472,62598812.02576515,95.32,-0.0,98.89,ASK
619,1712699910.4410064,62598812.02576515,95.32,-0.0,98.89,ASK
620,1712699940.6708813,62598812.02576515,95.32,-0.0,98.89,ASK
621,1712699969.9907768,62599104.45396358,95.75,4.666708260497324e-08,98.89,BID
622,1712699970.6806722,62599104.45396358,95.75,0.0,98.89,BID
623,1712700000.511685,62599104.45396358,95.75,0.0,98.89,BID
624,1712700030.492331,62599104.45396358,95.75,0.0,98.89,BID
625,1712700060.650296,62599104.45396358,95.75,0.0,98.89,BID
626,1712700090.6703322,62599104.45396358,95.75,0.0,98.89,BID
627,1712700120.4200084,62599104.45396358,95.75,0.0,98.89,BID
628,1712700150.4297826,62599104.45396358,95.75,0.0,98.89,BID
629,1712700180.6676445,62599104.45396358,95.75,0.0,98.89,BID
630,1712700196.239951,62600148.94947224,95.74,1.6669166043130264e-07,98.89,BID
631,1712700210.7102466,62600148.94947224,95.74,0.0,98.89,BID
632,1712700240.4496417,62600148.94947224,95.74,0.0,98.89,BID
633,1712700270.4241047,62600148.94947224,95.74,0.0,98.89,BID
634,1712700289.8997345,62600253.3677039,95.74,1.6663901851914618e-08,98.89,BID
635,1712700300.6494508,62600253.3677039,95.74,0.0,98.89,BID
636,1712700330.6515596,62600253.3677039,95.74,0.0,98.89,BID
637,1712700360.442672,62600253.3677039,95.74,0.0,98.89,BID
638,1712700361.7995403,62600383.3677039,95.73,2.0765091059551853e-08,98.89,BID
639,1712700387.6651597,62601427.97232105,95.73,-1.6685623074092125e-07,98.89,ASK
640,1712700390.4314995,62601427.97232105,95.73,-0.0,98.89,ASK
641,1712700420.6507225,62601427.97232105,95.73,-0.0,98.89,ASK
642,1712700450.6991014,62601427.97232105,95.73,-0.0,98.89,ASK
643,1712700468.6491458,62601689.2053409,95.7,4.1726384744940055e-08,98.89,BID
644,1712700480.4265115,62601689.2053409,95.7,0.0,98.89,BID
645,1712700510.461005,62601689.2053409,95.7,0.0,98.89,BID
646,1712700524.52886,62601789.2053409,95.69,1.5972796297709573e-08,98.89,BID
647,1712700540.6793876,62601789.2053409,95.69,0.0,98.89,BID
648,1712700570.6996543,62601789.2053409,95.69,0.0,98.89,BID
649,1712700600.4390862,62601789.2053409,95.69,0.0,98.89,BID
650,1712700630.428572,62601789.2053409,95.69,0.0,98.89,BID
651,1712700660.6689968,62601789.2053409,95.69,0.0,98.89,BID
652,1712700690.6698594,62601789.2053409,95.69,0.0,98.89,BID
653,1712700720.448624,62601789.2053409,95.69,0.0,98.89,BID
654,1712700750.4557755,62601789.2053409,95.69,0.0,98.89,BID
655,1712700780.6877518,62601789.2053409,95.69,0.0,98.89,BID
656,1712700810.6814,62601789.2053409,95.69,0.0,98.89,BID
657,1712700840.4583662,62601789.2053409,95.69,0.0,98.89,BID
658,1712700870.420079,62601789.2053409,95.69,0.0,98.89,BID
659,1712700900.4788415,62601789.2053409,95.69,0.0,98.89,BID
660,1712700929.9489875,62602138.27315206,95.64,5.5802841586683546e-08,98.89,BID
661,1712700930.432709,62602138.27315206,95.64,0.0,98.89,BID
662,1712700939.8691626,62602876.39508032,95.63,1.1799736295320185e-07,98.89,BID
663,1712700960.6588516,62602876.39508032,95.63,0.0,98.89,BID
664,1712700974.5490484,62602969.18427497,95.42,-1.4833263060541512e-08,98.89,ASK
665,1712700981.50922,62603282.50020186,95.42,-5.0086624655559366e-08,98.89,ASK
666,1712700981.5190234,62607824.41790648,95.42,-7.260701029401929e-07,98.89,ASK
667,1712700990.6791537,62607824.41790648,95.42,-0.0,98.89,ASK
668,1712701020.4526465,62607824.41790648,95.42,-0.0,98.89,ASK
669,1712701050.4298463,62607824.41790648,95.42,-0.0,98.89,ASK
670,1712701080.700112,62607824.41790648,95.42,-0.0,98.89,ASK
671,1712701110.40179,62607939.69772204,95.42,-1.8427218636681232e-08,98.89,ASK
672,1712701110.6696403,62607939.69772204,95.42,-0.0,98.89,ASK
673,1712701117.219636,62607997.17890146,95.64,9.188220791167458e-09,98.89,BID
674,1712701140.4495802,62607997.17890146,95.64,0.0,98.89,BID
675,1712701150.243399,62608069.15154842,95.42,-1.15046350274188e-08,98.89,ASK
676,1712701170.4524937,62608069.15154842,95.42,-0.0,98.89,ASK
677,1712701200.4694865,62608069.15154842,95.42,-0.0,98.89,ASK
678,1712701230.4418032,62608069.15154842,95.42,-0.0,98.89,ASK
679,1712701251.559753,62608126.57787498,95.64,9.200362358394145e-09,98.89,BID
680,1712701260.659949,62608126.57787498,95.64,0.0,98.89,BID
681,1712701290.6899672,62608126.57787498,95.64,0.0,98.89,BID
682,1712701298.150162,62609126.57787498,95.64,1.6021143636103384e-07,98.89,BID
683,1712701320.4399714,62609126.57787498,95.64,0.0,98.89,BID
684,1712701323.0330536,62609195.31003105,95.64,1.1011508722675592e-08,98.89,BID
685,1712701323.150183,62612331.74495003,95.65,5.024850440351762e-07,98.89,BID
686,1712701350.4499862,62612331.74495003,95.65,0.0,98.89,BID
687,1712701380.6900191,62612331.74495003,95.65,0.0,98.89,BID
688,1712701410.690256,62612331.74495003,95.65,0.0,98.89,BID
689,1712701440.462432,62612331.74495003,95.65,0.0,98.89,BID
690,1712701470.4421694,62612331.74495003,95.65,0.0,98.89,BID
691,1712701500.660353,62612331.74495003,95.65,0.0,98.89,BID
692,1712701530.6705508,62612331.74495003,95.65,0.0,98.89,BID
693,1712701548.460471,62613142.40526867,95.64,-1.2988172829734172e-07,98.89,ASK
694,1712701550.940417,62617288.01636867,95.64,-6.6419821241949e-07,98.89,ASK
695,1712701560.4536784,62617288.01636867,95.64,-0.0,98.89,ASK
696,1712701571.2506096,62617393.76932975,95.64,-1.6942156876820787e-08,98.89,ASK
697,1712701573.2406766,62617490.95089517,95.64,-1.5568976131697762e-08,98.89,ASK
698,1712701573.2466402,62617960.54003033,95.64,-7.523054403929941e-08,98.89,ASK
699,1712701590.444971,62617960.54003033,95.64,-0.0,98.89,ASK
700,1712701617.0005825,62618133.37038492,95.64,-2.7688007772293816e-08,98.89,ASK
701,1712701617.006384,62627129.11157883,95.5,-1.441148186560682e-06,98.89,ASK
702,1712701617.0103498,62629293.31596764,95.64,-3.4671286812851135e-07,98.89,ASK
703,1712701620.650591,62629293.31596764,95.64,-0.0,98.89,ASK
704,1712701650.6908855,62629293.31596764,95.64,-0.0,98.89,ASK
705,1712701680.450569,62629293.31596764,95.64,-0.0,98.89,ASK
706,1712701710.4704766,62629293.31596764,95.64,-0.0,98.89,ASK
707,1712701739.2105467,62630401.92620797,95.7,1.775723150685233e-07,98.89,BID
708,1712701740.680544,62630401.92620797,95.7,0.0,98.89,BID
709,1712701770.67085,62630401.92620797,95.7,0.0,98.89,BID
710,1712701800.5125518,62630401.92620797,95.7,0.0,98.89,BID
711,1712701816.775528,62631509.55421215,95.7,-1.774328567841403e-07,98.89,ASK
712,1712701830.441037,62631509.55421215,95.7,-0.0,98.89,ASK
713,1712701855.8707085,62634644.02291971,95.71,5.02107468935074e-07,98.89,BID
714,1712701860.7116082,62634644.02291971,95.71,0.0,98.89,BID
715,1712701890.662986,62634644.02291971,95.71,0.0,98.89,BID
716,1712701898.6605031,62640538.58026,95.71,-9.441979857182804e-07,98.89,ASK
717,1712701898.860586,62649430.95225582,95.7,-1.42439189951004e-06,98.89,ASK
718,1712701898.866296,62649501.27372363,95.71,-1.1264185658944763e-08,98.89,ASK
719,1712701898.871077,62649605.76693,95.7,-1.673785990653293e-08,98.89,ASK
720,1712701898.9405422,62649605.76693157,95.7,-2.5181665184172943e-16,98.89,ASK
721,1712701899.7504623,62650318.55690022,95.68,1.141756392861167e-07,98.89,BID
722,1712701907.0306437,62650674.95911617,95.67,5.708897801457485e-08,98.89,BID
723,1712701913.3107026,62650779.47416633,95.68,1.6741358875041394e-08,98.89,BID
724,1712701920.450481,62650779.47416633,95.68,0.0,98.89,BID
725,1712701950.4504194,62650779.47416633,95.68,0.0,98.89,BID
726,1712701980.4204457,62650779.47416633,95.68,0.0,98.89,BID
727,1712701994.2908278,62651301.66737781,95.75,8.3624914080183e-08,98.89,BID
728,1712702010.4371564,62651301.66737781,95.75,0.0,98.89,BID
729,1712702040.6651683,62651301.66737781,95.75,0.0,98.89,BID
730,1712702070.684561,62651301.66737781,95.75,0.0,98.89,BID
731,1712702076.350441,62651471.48469056,95.5,-2.719461718200122e-08,98.89,ASK
732,1712702076.3604908,62713899.91855963,95.5,-9.99731613227038e-06,98.89,ASK
733,1712702076.48041,62717243.92072063,95.5,5.355099379969699e-07,98.89,BID
734,1712702076.5003884,62717243.92072162,95.5,1.5868750923816086e-16,98.89,BID
735,1712702100.4624922,62717243.92072162,95.5,0.0,98.89,BID
736,1712702130.440626,62717243.92072162,95.5,0.0,98.89,BID
737,1712702136.6108468,62723613.92072162,95.71,1.023528767368976e-06,98.89,BID
738,1712702136.6156633,62728865.26182619,95.72,8.437831534994585e-07,98.89,BID
739,1712702136.6202595,62734675.26182619,95.73,9.335482163914836e-07,98.89,BID
740,1712702136.7716196,62756413.25280059,95.73,-3.49285072325111e-06,98.89,ASK
741,1712702160.694242,62756413.25280059,95.73,-0.0,98.89,ASK
742,1712702162.0206358,62756466.25280059,95.72,8.510888893313967e-09,98.89,BID
743,1712702190.652745,62756466.25280059,95.72,0.0,98.89,BID
744,1712702220.4526207,62756466.25280059,95.72,0.0,98.89,BID
745,1712702250.458063,62756466.25280059,95.72,0.0,98.89,BID
746,1712702280.6706765,62756466.25280059,95.72,0.0,98.89,BID
747,1712702310.6714618,62756466.25280059,95.72,0.0,98.89,BID
748,1712702340.4621518,62756466.25280059,95.72,0.0,98.89,BID
749,1712702370.455117,62756466.25280059,95.72,0.0,98.89,BID
750,1712702400.490564,62756466.25280059,95.72,0.0,98.89,BID
751,1712702412.0671875,62757528.27489064,95.73,1.706032512629487e-07,98.89,BID
752,1712702412.071287,62759296.64209272,95.75,2.840705451693805e-07,98.89,BID
753,1712702412.0740798,62764616.64209272,95.8,8.546049138000602e-07,98.89,BID
754,1712702412.0768654,62764679.95326714,95.81,1.0170308413519424e-08,98.89,BID
755,1712702412.0796342,62764861.47304586,95.74,2.9159341136634533e-08,98.89,BID
756,1712702412.0826626,62767992.67020691,95.81,5.029955789302585e-07,98.89,BID
757,1712702412.085478,62768046.79359042,95.76,8.694381484338458e-09,98.89,BID
758,1712702430.415033,62768046.79359042,95.76,0.0,98.89,BID
759,1712702460.674192,62768046.79359042,95.76,0.0,98.89,BID
760,1712702490.6606655,62768046.79359042,95.76,0.0,98.89,BID
761,1712702520.4503376,62768046.79359042,95.76,0.0,98.89,BID
762,1712702550.434595,62768046.79359042,95.76,0.0,98.89,BID
763,1712702580.6921208,62768046.79359042,95.76,0.0,98.89,BID
764,1712702610.670585,62768046.79359042,95.76,0.0,98.89,BID
765,1712702640.4204435,62768046.79359042,95.76,0.0,98.89,BID
766,1712702670.4603617,62768046.79359042,95.76,0.0,98.89,BID
767,1712702677.520637,62772025.61979512,95.76,-6.390448530160589e-07,98.89,ASK
768,1712702677.620482,62772088.92428974,95.82,1.0167423601332732e-08,98.89,BID
769,1712702700.5004525,62772088.92428974,95.82,0.0,98.89,BID
770,1712702729.491125,62773078.25738974,95.88,1.590613269828733e-07,98.89,BID
771,1712702729.4978318,62774529.99618974,95.88,2.334052099960291e-07,98.89,BID
772,1712702729.5022268,62779289.99618974,95.89,7.652952442808181e-07,98.89,BID
773,1712702729.505053,62779319.93703248,95.91,4.8137782686688615e-09,98.89,BID
774,1712702729.6905308,62780764.42403248,95.88,2.3223929233664082e-07,98.89,BID
775,1712702729.6967938,62782024.81760227,95.88,2.0264142959711722e-07,98.89,BID
776,1712702730.5015557,62782024.81760227,95.88,0.0,98.89,BID
777,1712702743.4607298,62783006.95790227,95.98,1.578807122375819e-07,98.89,BID
778,1712702743.4671636,62784358.36265379,95.98,2.17240596574949e-07,98.89,BID
779,1712702760.6712694,62784358.36265379,95.98,0.0,98.89,BID
780,1712702779.3106062,62784448.14210227,95.98,1.4431678396600656e-08,98.89,BID
781,1712702779.4406714,62793720.50989101,96.0,1.4904951207488318e-06,98.89,BID
782,1712702779.4506304,62794815.86671725,96.0,1.760741206760419e-07,98.89,BID
783,1712702779.8305323,62795285.07681725,95.98,-7.542360059414752e-08,98.89,ASK
784,1712702780.7505171,62799206.97681724,95.98,-6.304293517293895e-07,98.89,ASK
785,1712702790.6706424,62799206.97681724,95.98,-0.0,98.89,ASK
786,1712702809.2104406,62799519.50937272,95.99,-5.0226819280956834e-08,98.89,ASK
787,1712702816.6404548,62847132.80611306,95.98,-7.651889087543317e-06,98.89,ASK
788,1712702820.420391,62847132.80611306,95.98,-0.0,98.89,ASK
789,1712702850.4488869,62847132.80611306,95.98,-0.0,98.89,ASK
790,1712702880.6729448,62847132.80611306,95.98,-0.0,98.89,ASK
791,1712702907.0312884,62847187.09034002,96.05,8.717523716478891e-09,98.89,BID
792,1712702910.672607,62847187.09034002,96.05,0.0,98.89,BID
793,1712702940.472727,62847187.09034002,96.05,0.0,98.89,BID
794,1712702970.4568076,62847187.09034002,96.05,0.0,98.89,BID
795,1712703000.5001898,62847187.09034002,96.05,0.0,98.89,BID
796,1712703030.4579785,62847187.09034002,96.05,0.0,98.89,BID
797,1712703060.633866,62847187.09034002,96.05,0.0,98.89,BID
798,1712703090.6778047,62847187.09034002,96.05,0.0,98.89,BID
799,1712703120.4563775,62847187.09034002,96.05,0.0,98.89,BID
800,1712703150.4254456,62847187.09034002,96.05,0.0,98.89,BID
801,1712703180.6557298,62847187.09034002,96.05,0.0,98.89,BID
802,1712703210.6766331,62847187.09034002,96.05,0.0,98.89,BID
803,1712703240.4466493,62847187.09034002,96.05,0.0,98.89,BID
804,1712703270.46707,62847187.09034002,96.05,0.0,98.89,BID
805,1712703273.6872327,62847250.13451195,96.03,1.0131563514933445e-08,98.89,BID
806,1712703288.751239,62847305.85541195,96.03,8.954671307018228e-09,98.89,BID
807,1712703300.6472902,62847305.85541195,96.03,0.0,98.89,BID
808,1712703311.1405878,62847327.4154591,96.03,-3.465075132649913e-09,98.89,ASK
809,1712703311.143861,62847828.04862343,95.82,-8.046047006589153e-08,98.89,ASK
810,1712703330.7075734,62847828.04862343,95.82,-0.0,98.89,ASK
811,1712703360.4887178,62847828.04862343,95.82,-0.0,98.89,ASK
812,1712703390.4583433,62847828.04862343,95.82,-0.0,98.89,ASK
813,1712703420.4384162,62847828.04862343,95.82,-0.0,98.89,ASK
814,1712703450.4391706,62847828.04862343,95.82,-0.0,98.89,ASK
815,1712703480.6890514,62847828.04862343,95.82,-0.0,98.89,ASK
816,1712703510.6793752,62847828.04862343,95.82,-0.0,98.89,ASK
817,1712703540.4817913,62847828.04862343,95.82,-0.0,98.89,ASK
818,1712703570.41966,62847828.04862343,95.82,-0.0,98.89,ASK
819,1712703600.6599326,62847828.04862343,95.82,-0.0,98.89,ASK
820,1712703614.0001495,62853778.04862343,95.83,-9.579216892863918e-07,98.89,ASK
821,1712703614.0100396,62876820.44101519,95.82,-3.7097155369946414e-06,98.89,ASK
822,1712703614.0600815,62894337.73449474,95.82,2.8202009011181627e-06,98.89,BID
823,1712703630.4571366,62894337.73449474,95.82,0.0,98.89,BID
824,1712703660.6414046,62894337.73449474,95.82,0.0,98.89,BID
825,1712703666.1508906,62895180.32237425,95.81,1.355553792785956e-07,98.89,BID
826,1712703666.1570034,62897315.96777425,95.81,3.435822295126422e-07,98.89,BID
827,1712703674.2948542,62898025.92809999,95.78,-1.1421828342058541e-07,98.89,ASK
828,1712703674.2997518,62905578.70819814,95.77,-1.2150898389485155e-06,98.89,ASK
829,1712703674.3627095,62906100.84687817,95.76,-8.40015724522622e-08,98.89,ASK
830,1712703674.3657196,62911322.77899305,95.75,-8.401034546235329e-07,98.89,ASK
831,1712703674.4405496,62920402.53870579,95.73,-1.4607500316011022e-06,98.89,ASK
832,1712703674.4470267,62920506.9991675,95.73,-1.6805579395978966e-08,98.89,ASK
833,1712703674.5004551,62922103.15052767,95.72,-2.5678853004616417e-07,98.89,ASK
834,1712703674.5037189,62972319.69356987,95.72,-8.078827981852649e-06,98.89,ASK
835,1712703690.6708405,62972319.69356987,95.72,-0.0,98.89,ASK
836,1712703700.5512238,62987990.39979587,95.72,-2.518075978198638e-06,98.89,ASK
837,1712703700.581602,62987990.39979636,95.72,-7.901586768176258e-17,98.89,ASK
838,1712703714.711078,62988304.53592201,95.5,-5.047753563150404e-08,98.89,ASK
839,1712703714.7164586,62988517.39979636,95.5,-3.4204419436293844e-08,98.89,ASK
840,1712703720.4427547,62988517.39979636,95.5,-0.0,98.89,ASK
841,1712703739.76094,62988571.87686249,95.71,-8.751566448055041e-09,98.89,ASK
842,1712703750.4445262,62988571.87686249,95.71,-0.0,98.89,ASK
843,1712703780.6715062,62988571.87686249,95.71,-0.0,98.89,ASK
844,1712703810.6823475,62988571.87686249,95.71,-0.0,98.89,ASK
845,1712703840.4838054,62988571.87686249,95.71,-0.0,98.89,ASK
846,1712703870.4433246,62988571.87686249,95.71,-0.0,98.89,ASK
847,1712703900.6960688,62988571.87686249,95.71,-0.0,98.89,ASK
848,1712703930.682248,62988571.87686249,95.71,-0.0,98.89,ASK
849,1712703938.9578695,62988632.99900228,95.71,9.838231212711736e-09,98.89,BID
850,1712703939.8319402,62988677.53165429,95.71,7.167984113946812e-09,98.89,BID
851,1712703941.1525369,62988738.64740857,95.72,9.837203399384532e-09,98.89,BID
852,1712703951.512137,62993225.80933437,95.73,7.222544345989175e-07,98.89,BID
853,1712703951.517794,62999184.69358009,95.72,9.591431383363685e-07,98.89,BID
854,1712703951.952111,62999194.49171901,95.71,-1.5771102982852563e-09,98.89,ASK
855,1712703951.9574616,62999194.49171993,95.66,-1.4870661137611135e-16,98.89,ASK
856,1712703951.9627016,63004654.49171901,95.66,-8.788426353790692e-07,98.89,ASK
857,1712703959.6220958,63006899.13101901,95.73,3.6129756744037137e-07,98.89,BID
858,1712703959.6276252,63009961.64919321,95.73,4.929435061477543e-07,98.89,BID
859,1712703959.6823363,63009961.64919353,95.73,-5.1567615235264425e-17,98.89,ASK
860,1712703959.6890085,63015100.53789053,95.73,-8.271564992955923e-07,98.89,ASK
861,1712703960.4620285,63015100.53789053,95.73,-0.0,98.89,ASK
862,1712703990.4121263,63015100.53789053,95.73,-0.0,98.89,ASK
863,1712704007.729782,63017299.64969053,95.69,3.53824843801746e-07,98.89,BID
864,1712704007.7347405,63018798.30359053,95.69,2.4112506789307664e-07,98.89,BID
865,1712704007.7823253,63024464.11056953,95.73,-9.11596795286012e-07,98.89,ASK
1066,1712704007.7876198,63024464.11056987,95.73,-5.514281890224277e-17,98.89,ASK
866,1712704007.7876198,63024464.11056987,95.73,-5.5142818902242764e-17,98.89,ASK
867,1712704007.8621886,63030624.11056987,95.61,-9.91109700661278e-07,98.89,ASK
868,1712704020.653859,63030624.11056987,95.61,-0.0,98.89,ASK
869,1712704045.2784696,63032671.22606987,95.61,3.292907988144626e-07,98.89,BID
870,1712704045.281766,63034066.29736987,95.61,2.244055808190068e-07,98.89,BID
871,1712704045.485668,63035853.68906487,95.61,-2.875126679673001e-07,98.89,ASK
872,1712704045.502798,63035853.68906584,95.61,-1.5580117132214263e-16,98.89,ASK
873,1712704046.3826306,63036167.7923011,95.51,-5.052538816277399e-08,98.89,ASK
874,1712704046.393752,63063635.81049878,95.5,-4.418395373481769e-06,98.89,ASK
875,1712704046.573046,63065256.20716546,95.42,-2.606505166743658e-07,98.89,ASK
876,1712704046.57934,63067439.24675478,95.42,-3.51155003327037e-07,98.89,ASK
877,1712704046.616442,63067439.24675546,95.42,-1.0906081992549983e-16,98.89,ASK
878,1712704050.668233,63067439.24675546,95.42,-0.0,98.89,ASK
879,1712704080.455319,63067439.24675546,95.42,-0.0,98.89,ASK
880,1712704087.8028371,63074369.60097889,95.42,-1.1141588622549808e-06,98.89,ASK
881,1712704110.4702332,63074369.60097889,95.42,-0.0,98.89,ASK
882,1712704140.5328395,63074369.60097889,95.42,-0.0,98.89,ASK
883,1712704164.9129872,63074893.60014049,95.42,8.423180547363793e-08,98.89,BID
884,1712704170.4638822,63074893.60014049,95.42,0.0,98.89,BID
885,1712704200.495492,63074893.60014049,95.42,0.0,98.89,BID
886,1712704230.483842,63074893.60014049,95.42,0.0,98.89,BID
887,1712704250.3333683,63095853.56660454,95.42,3.37012398891167e-06,98.89,BID
888,1712704250.453147,63097930.68575066,95.42,3.339771117565988e-07,98.89,BID
889,1712704250.4564695,63102122.67904348,95.42,6.740247977832923e-07,98.89,BID
890,1712704260.673138,63102122.67904348,95.42,0.0,98.89,BID
891,1712704271.8731737,63108142.67904348,95.43,-9.67543263754238e-07,98.89,ASK
892,1712704290.6733189,63108142.67904348,95.43,-0.0,98.89,ASK
893,1712704320.4446497,63108142.67904348,95.43,-0.0,98.89,ASK
894,1712704348.1439166,63108197.50626861,95.5,8.811098798119243e-09,98.89,BID
895,1712704350.4634178,63108197.50626861,95.5,0.0,98.89,BID
896,1712704357.39404,63108250.38584976,95.5,8.498092337966416e-09,98.89,BID
897,1712704380.6939,63108250.38584976,95.5,0.0,98.89,BID
898,1712704410.7489057,63108250.38584976,95.5,0.0,98.89,BID
899,1712704440.4858086,63108250.38584976,95.5,0.0,98.89,BID
900,1712704441.3436172,63111391.7471063,95.5,5.048367589382787e-07,98.89,BID
901,1712704470.4600732,63111391.7471063,95.5,0.0,98.89,BID
902,1712704500.4984205,63111391.7471063,95.5,0.0,98.89,BID
903,1712704517.877339,63117341.7471063,95.45,-9.568574589490148e-07,98.89,ASK
904,1712704517.8826072,63117394.63222516,95.49,-8.504793353425171e-09,98.89,ASK
905,1712704517.8858342,63118174.65108715,95.43,-1.2543980944754506e-07,98.89,ASK
906,1712704517.8890202,63119565.47690982,95.42,-2.236675735334901e-07,98.89,ASK
907,1712704517.8922553,63125585.47690982,95.49,-9.681146055248856e-07,98.89,ASK
908,1712704517.8954637,63125921.28998609,95.44,-5.400424316587045e-08,98.89,ASK
909,1712704517.8986623,63126884.58523816,95.41,-1.549136549770066e-07,98.89,ASK
910,1712704517.9019053,63134600.26005554,95.42,-1.2408068907291224e-06,98.89,ASK
911,1712704517.9051335,63135019.59122232,95.39,-6.743532011842982e-08,98.89,ASK
912,1712704517.9083903,63136209.47483351,95.37,-1.9135277456231842e-07,98.89,ASK
913,1712704517.9116466,63136628.98191269,95.35,-6.746360971294944e-08,98.89,ASK
914,1712704517.9148853,63136733.80371562,95.4,-1.6857062855989785e-08,98.89,ASK
915,1712704517.9181452,63142793.99333764,95.35,-9.745777550382125e-07,98.89,ASK
916,1712704517.9214067,63143864.49228942,95.4,-1.7215376584969828e-07,98.89,ASK
917,1712704517.924709,63144074.61525423,95.31,-3.3791214483873854e-08,98.89,ASK
918,1712704517.9279833,63144179.48102604,95.36,-1.686413377187764e-08,98.89,ASK
919,1712704517.9312608,63149709.48102604,95.37,-8.893145794937903e-07,98.89,ASK
920,1712704517.9345367,63150024.07834147,95.36,-5.059240131683109e-08,98.89,ASK
921,1712704517.9378254,63150181.47001075,95.31,-2.5311158441646372e-08,98.89,ASK
1121,1712704517.9378254,63150181.47001075,95.31,-2.531115844164637e-08,98.89,ASK
922,1712704530.4641962,63150181.47001075,95.31,-0.0,98.89,ASK
923,1712704560.664163,63150181.47001075,95.31,-0.0,98.89,ASK
924,1712704572.9642923,63150256.40718352,95.5,1.2043956424329992e-08,98.89,BID
925,1712704585.1743257,63150466.24875313,95.31,-3.37258883269484e-08,98.89,ASK
926,1712704585.1805887,63165937.60461137,95.31,-2.4865674656898296e-06,98.89,ASK
927,1712704585.2948253,63166042.5364057,95.3,-1.6864713622349742e-08,98.89,ASK
928,1712704585.3022614,63167513.85216753,95.23,-2.364709298045341e-07,98.89,ASK
929,1712704585.3056114,63167618.85006757,95.24,-1.6875338179467335e-08,98.89,ASK
930,1712704585.5961227,63167723.90311936,95.19,-1.6884202208984812e-08,98.89,ASK
931,1712704585.6024227,63168144.07118658,95.2,-6.752971463112216e-08,98.89,ASK
932,1712704585.608147,63168427.71442641,95.19,-4.558734596342077e-08,98.89,ASK
933,1712704585.612463,63170063.28749057,95.19,-2.628704818345628e-07,98.89,ASK
934,1712704585.7005353,63170063.2874908,95.19,-3.712134320738153e-17,98.89,ASK
1134,1712704585.7005353,63170063.2874908,95.19,-3.7121343207381525e-17,98.89,ASK
935,1712704585.7050707,63170798.73611446,95.18,-1.182018329246075e-07,98.89,ASK
936,1712704585.708211,63171463.91374742,95.14,-1.0690782864742618e-07,98.89,ASK
937,1712704590.6942062,63171463.91374742,95.14,-0.0,98.89,ASK
938,1712704620.458598,63171463.91374742,95.14,-0.0,98.89,ASK
939,1712704628.8145092,63171989.45505496,95.14,8.443785840130345e-08,98.89,BID
940,1712704650.4643743,63171989.45505496,95.14,0.0,98.89,BID
941,1712704663.914575,63172064.47525734,95.3,1.2053275826183369e-08,98.89,BID
942,1712704680.685175,63172064.47525734,95.3,0.0,98.89,BID
943,1712704710.68883,63172064.47525734,95.3,0.0,98.89,BID
944,1712704740.420854,63172064.47525734,95.3,0.0,98.89,BID
945,1712704762.5869448,63177767.29016634,95.3,-9.162534883897612e-07,98.89,ASK
946,1712704762.6048462,63177767.29016677,95.3,-6.942956998263948e-17,98.89,ASK
947,1712704770.4736292,63177767.29016677,95.3,-0.0,98.89,ASK
948,1712704800.4746494,63177767.29016677,95.3,-0.0,98.89,ASK
949,1712704822.5449617,63177767.29016722,95.11,-7.192741411658113e-17,98.89,ASK
950,1712704822.551432,63179618.73586122,95.11,-2.978955787724063e-07,98.89,ASK
951,1712704830.4507303,63179618.73586122,95.11,-0.0,98.89,ASK
952,1712704857.9153242,63179724.96063283,95.11,1.7090964852796592e-08,98.89,BID
953,1712704858.0067613,63181073.83918469,95.19,-2.170269285661065e-07,98.89,ASK
954,1712704858.0104878,63182455.34778783,95.1,-2.222769192339853e-07,98.89,ASK
955,1712704858.0171366,63185279.938028,95.1,-4.544605913106271e-07,98.89,ASK
956,1712704858.1800168,63189199.39913735,95.01,-6.306191206211957e-07,98.89,ASK
957,1712704858.186249,63238590.61018971,95.0,-7.946766458780558e-06,98.89,ASK
958,1712704858.191945,63259271.17134113,95.0,-3.3273853020648814e-06,98.89,ASK
959,1712704858.2851057,63259793.31002116,94.98,-8.400915994795257e-08,98.89,ASK
960,1712704860.6892653,63259793.31002116,94.98,-0.0,98.89,ASK
961,1712704868.7651968,63260320.06939688,94.92,-8.464885972974114e-08,98.89,ASK
962,1712704868.7700589,63282121.01726417,94.95,-3.503355541544723e-06,98.89,ASK
1163,1712704868.773432,63282449.40169316,94.92,-5.2770522458302214e-08,98.89,ASK
963,1712704868.773432,63282449.40169316,94.92,-5.277052245830221e-08,98.89,ASK
964,1712704868.864853,63282712.35178791,94.98,-4.2255395371197856e-08,98.89,ASK
965,1712704869.1449678,63283028.20775759,94.97,5.0757231678761256e-08,98.89,BID
966,1712704890.6997695,63283028.20775759,94.97,0.0,98.89,BID
967,1712704895.0856423,63283028.20775818,94.92,-9.455230204595223e-17,98.89,ASK
968,1712704895.0929182,63284503.44484859,94.9,-2.3698274273564125e-07,98.89,ASK
969,1712704895.1863415,63284503.44484984,94.9,-2.0107324992050608e-16,98.89,ASK
970,1712704895.265237,63294832.05290844,94.8,-1.6591921951274809e-06,98.89,ASK
971,1712704895.272676,63294937.53813984,94.8,-1.6945194516658082e-08,98.89,ASK
972,1712704895.3452334,63305377.55713084,94.78,-1.6770892968898917e-06,98.89,ASK
973,1712704895.3510654,63305377.5571315,94.8,-1.0532408329169364e-16,98.89,ASK
974,1712704895.3569112,63305641.11250777,94.78,-4.233765293524829e-08,98.89,ASK
975,1712704897.1452014,63306564.86699373,94.74,-1.4839233172860488e-07,98.89,ASK
976,1712704897.152785,63322373.08699577,94.73,-2.539439496341432e-06,98.89,ASK
977,1712704897.225077,63322373.0869973,94.73,-2.453572394863318e-16,98.89,ASK
978,1712704897.232453,63322802.98643063,94.7,-6.905923629044538e-08,98.89,ASK
979,1712704899.114987,63322866.03060256,94.55,-1.01274438356053e-08,98.89,ASK
980,1712704920.4651575,63322866.03060256,94.55,-0.0,98.89,ASK
981,1712704949.6444795,63324389.44861994,94.55,-2.445742208633357e-07,98.89,ASK
982,1712704949.8280642,63325082.2981508,94.55,1.1123219776357805e-07,98.89,BID
983,1712704950.4437375,63325082.2981508,94.55,0.0,98.89,BID
984,1712704962.5244815,63325822.64717248,94.55,1.1885391390169429e-07,98.89,BID
985,1712704980.703766,63325822.64717248,94.55,0.0,98.89,BID
986,1712704980.7446482,63328568.84551199,94.55,4.408633543897159e-07,98.89,BID
987,1712705010.7461596,63328568.84551199,94.55,0.0,98.89,BID
988,1712705040.4657102,63328568.84551199,94.55,0.0,98.89,BID
989,1712705066.0822608,63329380.89155098,94.56,-1.3035708795891388e-07,98.89,ASK
990,1712705070.445658,63329380.89155098,94.56,-0.0,98.89,ASK
991,1712705071.582599,63329698.15043423,94.56,-5.092868184961157e-08,98.89,ASK
1191,1712705071.582599,63329698.15043423,94.56,-5.0928681849611573e-08,98.89,ASK
992,1712705100.7106466,63329698.15043423,94.56,-0.0,98.89,ASK
993,1712705130.7002792,63329698.15043423,94.56,-0.0,98.89,ASK
994,1712705160.4408972,63329698.15043423,94.56,-0.0,98.89,ASK
995,1712705190.4692369,63329698.15043423,94.56,-0.0,98.89,ASK
996,1712705220.6586194,63329698.15043423,94.56,-0.0,98.89,ASK
997,1712705236.488823,63330323.55191513,94.56,-1.0043088412352961e-07,98.89,ASK
998,1712705238.2793689,63330429.37202095,94.5,-1.6993254909427926e-08,98.89,ASK
999,1712705238.2875552,63333069.75025464,94.5,-4.240084626098857e-07,98.89,ASK
1000,1712705240.2690177,63335069.75025464,94.55,3.211725177857949e-07,98.89,BID
1201,1712705243.078684,63338242.33908712,94.56,5.094741716137814e-07,98.89,BID
1202,1712705250.6820962,63338242.33908712,94.56,0.0,98.89,BID
1203,1712705280.434661,63338242.33908712,94.56,0.0,98.89,BID
1204,1712705308.437477,63339242.33908712,94.56,1.60565431285112e-07,98.89,BID
1205,1712705310.439852,63339242.33908712,94.56,0.0,98.89,BID
1206,1712705330.167665,63340751.42518264,94.43,-2.423033808649222e-07,98.89,ASK
1207,1712705330.1703095,63342452.40291641,94.41,-2.7311407671954e-07,98.89,ASK
1208,1712705330.1728914,63342986.62785732,94.5,-8.577675568638355e-08,98.89,ASK
1209,1712705330.1753774,63343042.25865732,94.47,-8.9322477760302e-09,98.89,ASK
1210,1712705330.1765494,63344242.33908712,94.41,-1.9268850618510165e-07,98.89,ASK
1211,1712705340.6616898,63344242.33908712,94.41,-0.0,98.89,ASK
1212,1712705370.6671486,63344242.33908712,94.41,-0.0,98.89,ASK
1213,1712705381.6366107,63345513.12167739,94.43,-2.040251902036868e-07,98.89,ASK
1214,1712705389.5564098,63345729.9152476,94.56,3.480638602920141e-08,98.89,BID
1215,1712705395.569396,63350520.31846721,94.56,7.691031774567241e-07,98.89,BID
1216,1712705395.5710218,63351016.72336114,94.72,7.969821406000823e-08,98.89,BID
1217,1712705400.538998,63351016.72336114,94.72,0.0,98.89,BID
1218,1712705430.5034726,63351016.72336114,94.72,0.0,98.89,BID
1219,1712705460.6957142,63351016.72336114,94.72,0.0,98.89,BID
1220,1712705490.6756835,63351016.72336114,94.72,0.0,98.89,BID
1221,1712705520.4782147,63351016.72336114,94.72,0.0,98.89,BID
1222,1712705550.4472327,63351016.72336114,94.72,0.0,98.89,BID
1223,1712705580.654439,63351016.72336114,94.72,0.0,98.89,BID
1224,1712705610.684165,63351016.72336114,94.72,0.0,98.89,BID
1225,1712705640.4244587,63351016.72336114,94.72,0.0,98.89,BID
1226,1712705670.4415295,63351016.72336114,94.72,0.0,98.89,BID
1227,1712705700.673457,63351016.72336114,94.72,0.0,98.89,BID
1228,1712705730.691546,63351016.72336114,94.72,0.0,98.89,BID
1229,1712705760.4346333,63351016.72336114,94.72,0.0,98.89,BID
1230,1712705790.4054997,63351016.72336114,94.72,0.0,98.89,BID
1231,1712705820.676317,63351016.72336114,94.72,0.0,98.89,BID
1232,1712705844.132934,63352058.98987828,94.72,-1.674343735254678e-07,98.89,ASK
1233,1712705850.6731942,63352058.98987828,94.72,-0.0,98.89,ASK
1234,1712705880.4422848,63352058.98987828,94.72,-0.0,98.89,ASK
1235,1712705893.6724725,63353213.56035438,94.72,-1.854724443057872e-07,98.89,ASK
1236,1712705910.4222076,63353213.56035438,94.72,-0.0,98.89,ASK
1237,1712705940.6722052,63353213.56035438,94.72,-0.0,98.89,ASK
1238,1712705970.6721146,63353213.56035438,94.72,-0.0,98.89,ASK
1239,1712706000.508015,63353213.56035438,94.72,-0.0,98.89,ASK
1240,1712706024.1719213,63354213.56035438,94.69,1.613991348294522e-07,98.89,BID
1241,1712706024.2717023,63354327.00173255,94.68,-1.830934029029885e-08,98.89,ASK
1242,1712706030.43153,63354327.00173255,94.68,-0.0,98.89,ASK
1243,1712706043.5520132,63354855.0963671,94.65,8.523256677158802e-08,98.89,BID
1244,1712706049.7117002,63354960.74877069,94.63,1.7051916370131103e-08,98.89,BID
1245,1712706060.6720796,63354960.74877069,94.63,0.0,98.89,BID
1246,1712706090.681616,63354960.74877069,94.63,0.0,98.89,BID
1247,1712706120.4133906,63354960.74877069,94.63,0.0,98.89,BID
1248,1712706121.7514153,63355277.47174366,94.43,-5.11174491112646e-08,98.89,ASK
1249,1712706121.7528422,63366920.49064509,94.43,-1.8791230096778005e-06,98.89,ASK
1250,1712706121.9005802,63371319.35861149,94.43,7.099545300213255e-07,98.89,BID
1251,1712706124.375239,63371399.10461149,94.42,-1.2870591795065152e-08,98.89,ASK
1252,1712706124.3816853,63375147.66881029,94.41,-6.049988666043691e-07,98.89,ASK
1253,1712706124.3831189,63380138.00355183,94.42,-8.054142072784068e-07,98.89,ASK
1254,1712706124.391292,63386711.90250734,94.41,-1.0609932780472124e-06,98.89,ASK
1255,1712706124.6035445,63393291.90250734,94.42,1.0619779550612277e-06,98.89,BID
1256,1712706124.6050398,63399291.90250734,94.42,-9.683689559828825e-07,98.89,ASK
1257,1712706124.6826413,63413393.23783834,94.43,2.275882562074229e-06,98.89,BID
1258,1712706124.7256432,63421964.57316905,94.43,-1.3833691742631091e-06,98.89,ASK
1259,1712706124.7269852,63421964.57316934,94.43,-4.6896921201711403e-17,98.89,ASK
1260,1712706124.7283216,63422211.88277896,94.41,-3.991449141112435e-08,98.89,ASK
1261,1712706124.7296677,63427741.88277896,94.41,-8.925133877642231e-07,98.89,ASK
1262,1712706150.4815726,63427741.88277896,94.41,-0.0,98.89,ASK
1263,1712706180.6630793,63427741.88277896,94.41,-0.0,98.89,ASK
1264,1712706186.7712288,63442292.867976,94.41,-2.345851800751812e-06,98.89,ASK
1265,1712706195.5012362,63443354.43910126,94.41,-1.7114226302072289e-07,98.89,ASK
1266,1712706210.6420093,63443354.43910126,94.41,-0.0,98.89,ASK
1267,1712706217.9216778,63447027.53861622,94.41,-5.920217728419291e-07,98.89,ASK
1268,1712706217.924105,63450205.16810462,94.41,-5.121630479913284e-07,98.89,ASK
1269,1712706218.0814104,63454914.84877362,94.41,7.590955507263152e-07,98.89,BID
1270,1712706218.084629,63454914.84877384,94.41,3.482515830460229e-17,98.89,BID
1271,1712706240.466017,63454914.84877384,94.41,0.0,98.89,BID
1272,1712706270.4526205,63454914.84877384,94.41,0.0,98.89,BID
1273,1712706282.300971,63455020.66887966,94.5,1.7052842650690022e-08,98.89,BID
1274,1712706300.4746845,63455020.66887966,94.5,0.0,98.89,BID
1275,1712706309.6061327,63463839.31382,94.5,1.42311361557668e-06,98.89,BID
1276,1712706309.6075945,63480569.08860027,94.5,2.699776489064905e-06,98.89,BID
1277,1712706330.463157,63480569.08860027,94.5,0.0,98.89,BID
1278,1712706342.3511982,63480887.08732828,94.5,-5.129723132434806e-08,98.89,ASK
1279,1712706360.6817806,63480887.08732828,94.5,-0.0,98.89,ASK
1280,1712706371.9111369,63486498.95229031,94.6,9.052606638991218e-07,98.89,BID
1281,1712706371.914251,63495317.59723065,94.7,1.4225524718414773e-06,98.89,BID
1282,1712706371.9173474,63501477.59723065,94.71,9.936813746133896e-07,98.89,BID
1283,1712706371.9205067,63532526.18830726,94.72,5.008507574808004e-06,98.89,BID
1284,1712706371.9223776,63538126.18830726,94.69,9.033467041939906e-07,98.89,BID
1285,1712706371.9237463,63544146.18830726,94.64,9.7109770700854e-07,98.89,BID
1286,1712706371.925135,63603581.28071351,94.72,9.587588364044949e-06,98.89,BID
1287,1712706372.0738811,63610113.51281351,94.72,-1.0537268461715516e-06,98.89,ASK
1288,1712706372.0825994,63612938.99845042,94.72,-4.557844889021736e-07,98.89,ASK
1289,1712706390.6769388,63612938.99845042,94.72,-0.0,98.89,ASK
1290,1712706405.05048,63613044.57277474,94.72,1.6996107588706152e-08,98.89,BID
1291,1712706408.02045,63619698.85341351,94.72,1.0712535495096633e-06,98.89,BID
1292,1712706420.4563522,63619698.85341351,94.72,0.0,98.89,BID
1293,1712706450.470636,63619698.85341351,94.72,0.0,98.89,BID
1294,1712706480.680501,63619698.85341351,94.72,0.0,98.89,BID
1295,1712706510.6504948,63619698.85341351,94.72,0.0,98.89,BID
1296,1712706540.460332,63619698.85341351,94.72,0.0,98.89,BID
1297,1712706570.4210413,63619698.85341351,94.72,0.0,98.89,BID
1298,1712706600.4999027,63619698.85341351,94.72,0.0,98.89,BID
1299,1712706630.4596844,63619698.85341351,94.72,0.0,98.89,BID
1300,1712706659.710015,63620217.40316466,94.56,-8.360594233000753e-08,98.89,ASK
1301,1712706659.7200377,63620317.40316466,94.72,-1.6123032002960925e-08,98.89,ASK
1302,1712706659.722521,63621373.36937374,94.7,-1.7025376982983237e-07,98.89,ASK
1303,1712706660.6617055,63621373.36937374,94.7,-0.0,98.89,ASK
1304,1712706690.689776,63621373.36937374,94.7,-0.0,98.89,ASK
1305,1712706720.467242,63621373.36937374,94.7,-0.0,98.89,ASK
1306,1712706750.420509,63621373.36937374,94.7,-0.0,98.89,ASK
1307,1712706780.679777,63621373.36937374,94.7,-0.0,98.89,ASK
1308,1712706810.6795332,63621373.36937374,94.7,-0.0,98.89,ASK
1309,1712706840.4474154,63621373.36937374,94.7,-0.0,98.89,ASK
1310,1712706870.425675,63621373.36937374,94.7,-0.0,98.89,ASK
1311,1712706882.5596838,63630165.97427117,94.5,1.4175982733887902e-06,98.89,BID
1312,1712706882.563016,63634560.8296912,94.5,7.085658377585461e-07,98.89,BID
1313,1712706894.5425396,63641151.26355363,94.5,1.0625506062470568e-06,98.89,BID
1314,1712706900.6808968,63641151.26355363,94.5,0.0,98.89,BID
1315,1712706917.5389838,63641680.36408273,94.5,8.575791387526677e-08,98.89,BID
1316,1712706919.6633284,63641786.26263191,94.43,-1.7164297066923692e-08,98.89,ASK
1317,1712706927.4097536,63641866.01663191,94.42,-1.2926724293473123e-08,98.89,ASK
1318,1712706927.4700377,63645043.64611998,94.41,-5.150379955713303e-07,98.89,ASK
1319,1712706927.4734895,63647162.06577891,94.41,-3.433586637488383e-07,98.89,ASK
1320,1712706927.4807315,63647162.06577924,94.41,-5.313477007906176e-17,98.89,ASK
1321,1712706927.5696816,63647480.33577924,94.4,-5.1585983660910375e-08,98.89,ASK
1322,1712706927.5731037,63647697.23087924,94.4,-3.515489076723651e-08,98.89,ASK
1323,1712706928.108995,63655395.25057637,94.42,1.2477139482621988e-06,98.89,BID
1324,1712706930.681702,63655395.25057637,94.42,0.0,98.89,BID
1325,1712706941.209278,63659781.52018129,94.4,-7.107824162671289e-07,98.89,ASK
1326,1712706941.9993286,63704595.96176565,94.4,-7.262051798469414e-06,98.89,ASK
1327,1712706947.1195216,63710055.96176565,94.41,8.847773489491463e-07,98.89,BID
1328,1712706960.5196311,63710055.96176565,94.41,0.0,98.89,BID
1329,1712706967.309766,63712288.73649892,94.41,-3.615124603678765e-07,98.89,ASK
1330,1712706967.3128507,63716610.44905282,94.4,-6.997360347543558e-07,98.89,ASK
1331,1712706969.8393123,63725403.05395025,94.4,-1.4236260300431955e-06,98.89,ASK
1332,1712706970.1994374,63740292.51887387,94.4,-2.41077929532256e-06,98.89,ASK
1333,1712706970.239308,63745887.81289951,94.4,-9.059438372999962e-07,98.89,ASK
1334,1712706970.5591109,63768285.55993845,94.4,-3.62645837848104e-06,98.89,ASK
1335,1712706981.780042,63768619.28193845,94.42,5.4033512427050834e-08,98.89,BID
1336,1712706981.7835827,63774639.28193845,94.57,9.747087240736883e-07,98.89,BID
1337,1712706981.7862806,63775128.98263845,94.42,7.928829642440574e-08,98.89,BID
1338,1712706981.788941,63781358.98263845,94.5,1.0087101911925382e-06,98.89,BID
1339,1712706981.7916088,63781473.62030797,94.57,1.856118547960897e-08,98.89,BID
1340,1712706983.1293,63782455.47320797,94.57,-1.589735195004617e-07,98.89,ASK
1341,1712706984.5294414,63786604.48998797,94.58,-6.717745600981177e-07,98.89,ASK
1342,1712706990.4765987,63786604.48998797,94.58,-0.0,98.89,ASK
1343,1712706997.689853,63811379.41843224,94.57,-4.00666246738639e-06,98.89,ASK
1344,1712707020.691276,63811379.41843224,94.57,-0.0,98.89,ASK
1345,1712707021.5813875,63831666.81953724,94.57,-3.2796857839372444e-06,98.89,ASK
1346,1712707029.2498343,63831666.8195375,94.57,-4.2156445267541285e-17,98.89,ASK
1347,1712707035.9096208,63841982.72534688,94.57,1.6676818019401702e-06,98.89,BID
1348,1712707039.0796506,63847821.09555685,94.41,-9.438379849593596e-07,98.89,ASK
1349,1712707050.669512,63847821.09555685,94.41,-0.0,98.89,ASK
1350,1712707080.439339,63847821.09555685,94.41,-0.0,98.89,ASK
1351,1712707110.4689057,63847821.09555685,94.41,-0.0,98.89,ASK
1352,1712707114.9195962,63847914.71617588,94.41,-1.5126397325808543e-08,98.89,ASK
1353,1712707140.6661255,63847914.71617588,94.41,-0.0,98.89,ASK
1354,1712707170.639634,63847914.71617588,94.41,-0.0,98.89,ASK
1355,1712707200.612247,63847914.71617588,94.41,-0.0,98.89,ASK
1356,1712707208.107463,68.78306878,94.5,1.1199526085998696e-08,94.5,BID
1357,1712707218.7825055,3152.79193815,94.41,-5.021502877755241e-07,94.5,ASK
1358,1712707218.7906408,17344.20336878,94.4,-2.3107006612751594e-06,94.5,ASK
1359,1712707230.544964,17344.20336878,94.4,-0.0,94.5,ASK
1360,1712707235.4496102,18382.33896201,94.4,-1.6898821281790526e-07,94.5,ASK
1361,1712707260.3707645,18382.33896201,94.4,-0.0,94.5,ASK
1362,1712707261.053868,18382.33896201,94.4,-0.0,94.5,ASK
1363,1712707266.114712,18691.60107364,94.4,-5.034103270075848e-08,94.5,ASK
1364,1712707272.116728,18841.55844879,94.4,-2.4409744492651643e-08,94.5,ASK
1365,1712707278.3905492,18916.42880544,94.49,1.2187238367382798e-08,94.5,BID
1366,1712707290.8837376,18916.42880544,94.49,0.0,94.5,BID
1367,1712707320.2219908,18916.42880544,94.49,0.0,94.5,BID
1368,1712707320.836503,18916.42880544,94.49,0.0,94.5,BID
1369,1712707323.8605769,19004.18680544,94.41,-1.4284944453849341e-08,94.5,ASK
1370,1712707323.8624918,24493.46642493,94.4,-8.935259971291557e-07,94.5,ASK
1371,1712707324.3255396,33257.38268412,94.4,-1.426560051057612e-06,94.5,ASK
1372,1712707324.848872,44429.71432924,94.4,-1.8185935979684983e-06,94.5,ASK
1373,1712707325.6596491,61917.45241708,94.4,-2.846593669047326e-06,94.5,ASK
1374,1712707325.7548003,81072.35583905,94.4,-3.1179690900166933e-06,94.5,ASK
1375,1712707325.874098,83362.68528476,94.4,-3.728119249866937e-07,94.5,ASK
1376,1712707326.8392756,89895.78649616,94.4,-1.0634356744253877e-06,94.5,ASK
1377,1712707331.5120935,149174.74246259,94.4,-9.649223925597867e-06,94.5,ASK
1378,1712707333.7815993,169276.07779359,94.4,-3.2720260107514875e-06,94.5,ASK
1379,1712707334.3398802,185700.70371159,94.4,-2.6735439380327715e-06,94.5,ASK
1380,1712707334.5999568,214086.18083759,94.4,-4.620490029865234e-06,94.5,ASK
1381,1712707335.244365,214244.39379922,94.41,2.575336002146617e-08,94.5,BID
1382,1712707340.4880202,216363.03786701,94.4,-3.448655715246101e-07,94.5,ASK
1383,1712707340.4930246,417248.66906659,94.4,-3.269946994305262e-05,94.5,ASK
1384,1712707340.5939095,423268.66906659,94.37,-9.799148295559543e-07,94.5,ASK
1385,1712707340.6211452,424195.41578439,94.34,-1.5085263322500104e-07,94.5,ASK
1386,1712707340.6262896,424249.5391679,94.34,-8.81001762909937e-09,94.5,ASK
1387,1712707340.6280522,428060.61988377,94.37,-6.203545697866701e-07,94.5,ASK
1388,1712707340.629773,429120.19795977,94.33,-1.7247446341274793e-07,94.5,ASK
1389,1712707347.592358,429226.24249847,94.3,-1.726156413049363e-08,94.5,ASK
1390,1712707347.5953798,432243.40440097,94.32,-4.911232045566402e-07,94.5,ASK
1391,1712707347.5983124,432902.58754149,94.25,-1.072995572738905e-07,94.5,ASK
1392,1712707347.6009626,433551.82251224,94.23,-1.0568022852230025e-07,94.5,ASK
1393,1712707347.602666,433657.92330799,94.25,-1.7270721458995372e-08,94.5,ASK
1394,1712707347.604393,433710.94493648,94.32,-8.630677748266807e-09,94.5,ASK
1395,1712707347.606095,433817.09078087,94.21,-1.727805432117537e-08,94.5,ASK
1396,1712707347.6078424,433923.24789339,94.2,-1.7279888508505193e-08,94.5,ASK
1397,1712707347.6095572,434276.73913368,94.16,-5.754008446483256e-08,94.5,ASK
1398,1712707349.3946755,437867.04228982,94.16,-5.844171603493527e-07,94.5,ASK
1399,1712707350.5352829,437867.04228982,94.16,-0.0,94.5,ASK
1400,1712707370.0748074,437941.96507437,94.33,1.2117666931656448e-08,94.5,BID
1401,1712707380.3370438,437941.96507437,94.33,0.0,94.5,BID
1402,1712707380.9801066,437941.96507437,94.33,0.0,94.5,BID
1403,1712707388.1821885,438321.21762482,94.16,-6.133849487622118e-08,94.5,ASK
1404,1712707401.9298916,439184.94724201,94.16,-1.396955000977026e-07,94.5,ASK
1405,1712707410.6597793,439184.94724201,94.16,-0.0,94.5,ASK
1406,1712707410.9556308,439570.99884194,94.16,-6.243695875140168e-08,94.5,ASK
1407,1712707428.5932286,440102.34846999,94.1,-8.593632254118965e-08,94.5,ASK
1408,1712707428.6004734,440208.6183956,94.1,-1.7187264508236046e-08,94.5,ASK
1409,1712707428.816941,442264.23775503,94.1,3.324597571323921e-07,94.5,BID
1410,1712707428.820537,445658.12545503,94.1,5.489007852064119e-07,94.5,BID
1411,1712707440.3377402,445658.12545503,94.1,0.0,94.5,BID
1412,1712707440.8020947,445658.12545503,94.1,0.0,94.5,BID
1413,1712707445.6900516,448658.12545503,94.16,-4.851486806994898e-07,94.5,ASK
1414,1712707470.623103,448658.12545503,94.16,-0.0,94.5,ASK
1415,1712707500.2899463,448658.12545503,94.16,-0.0,94.5,ASK
1416,1712707501.2755897,448658.12545503,94.16,-0.0,94.5,ASK
1417,1712707518.4103012,454970.24795609,94.04,1.0321482787639238e-06,94.5,BID
1418,1712707523.2500095,460734.16421529,94.1,9.42506461950566e-07,94.5,BID
1419,1712707530.6906502,460734.16421529,94.1,0.0,94.5,BID
1420,1712707542.431751,466264.16421529,94.04,-9.04088908253583e-07,94.5,ASK
1421,1712707542.5699792,466370.51325283,94.03,-1.7386796608206863e-08,94.5,ASK
1422,1712707552.1794865,469409.67114757,94.03,4.968659933211107e-07,94.5,BID
1423,1712707552.2219472,471318.07914757,94.03,3.120018996785534e-07,94.5,BID
1424,1712707552.2298205,476757.22562136,94.03,8.892354425533675e-07,94.5,BID
1425,1712707552.390817,482914.09968851,94.05,-1.0065753261527015e-06,94.5,ASK
1426,1712707552.392741,494505.66918038,94.02,-1.8950830753798e-06,94.5,ASK
1427,1712707552.3945858,495569.27266899,94.02,-1.7388645873998658e-07,94.5,ASK
1428,1712707557.519877,496297.80489617,94.01,1.1910631209741189e-07,94.5,BID
1429,1712707560.3739016,496297.80489617,94.01,0.0,94.5,BID
1430,1712707560.8366022,496297.80489617,94.01,0.0,94.5,BID
1431,1712707563.9534552,496404.18787489,94.0,-1.738284206992371e-08,94.5,ASK
1432,1712707563.9553535,511223.24531636,94.0,-2.4214149503011783e-06,94.5,ASK
1433,1712707565.9779646,519526.33467806,93.97,-1.3567141360721275e-06,94.5,ASK
1434,1712707574.1046472,521298.28858755,93.94,-2.8953499266941334e-07,94.5,ASK
1435,1712707575.8788726,521386.60719243,93.94,-1.4431146588834029e-08,94.5,ASK
1436,1712707575.8855176,522042.81647495,93.94,-1.072237538383351e-07,94.5,ASK
1437,1712707584.6015062,530345.90583665,93.93,-1.3567141360721275e-06,94.5,ASK
1438,1712707590.4630663,530345.90583665,93.93,-0.0,94.5,ASK
1439,1712707592.9715097,536776.61162119,93.89,-1.0502200088951985e-06,94.5,ASK
1440,1712707592.9804864,537309.09298434,93.9,-8.696130730913082e-08,94.5,ASK
1441,1712707592.9836931,545612.18234604,93.89,-1.3560052155186666e-06,94.5,ASK
1442,1712707592.9868891,545718.67861867,93.9,-1.7392261461814756e-08,94.5,ASK
1443,1712707608.0602748,546132.35984601,93.9,-6.755966091642432e-08,94.5,ASK
1444,1712707620.4268296,546132.35984601,93.9,-0.0,94.5,ASK
1445,1712707620.8242583,546132.35984601,93.9,-0.0,94.5,ASK
1446,1712707622.2414627,546185.55699464,93.99,8.685701273920719e-09,94.5,BID
1447,1712707629.577489,546466.41395397,93.99,4.585658653260127e-08,94.5,BID
1448,1712707629.5794826,552043.45157345,94.0,9.105841948991596e-07,94.5,BID
1449,1712707629.5814228,558933.64476059,94.0,1.1249881109097724e-06,94.5,BID
1450,1712707629.6698604,566384.40545214,94.0,1.216514104549625e-06,94.5,BID
1451,1712707647.7968817,568149.8124284,94.1,-2.8824472772642984e-07,94.5,ASK
1452,1712707647.8032234,574099.8124284,94.11,-9.714791847065077e-07,94.5,ASK
1453,1712707650.531965,574099.8124284,94.11,-0.0,94.5,ASK
1454,1712707655.139582,574897.14001006,94.49,1.3012684125400836e-07,94.5,BID
1455,1712707680.400073,574897.14001006,94.49,0.0,94.5,BID
1456,1712707680.9051745,574897.14001006,94.49,0.0,94.5,BID
1457,1712707687.6635702,574897.14001032,94.1,4.242517341512566e-17,94.5,BID
1458,1712707687.6656058,576662.54698632,94.1,2.8811747390238333e-07,94.5,BID
1459,1712707688.4602847,576789.93552135,94.2,2.0790029390341693e-08,94.5,BID
1460,1712707690.137071,582239.58460581,94.2,8.893921623820512e-07,94.5,BID
1461,1712707690.139173,591003.50086501,94.2,1.430286301356859e-06,94.5,BID
1462,1712707710.0590997,591153.29400621,94.21,-2.4446499893332122e-08,94.5,ASK
1463,1712707710.6877198,591153.29400621,94.21,-0.0,94.5,ASK
1464,1712707715.7922196,596533.50086501,94.21,-8.77839710157884e-07,94.5,ASK
1465,1712707715.8672256,659948.99374201,94.21,1.0346932626877158e-05,94.5,BID
1466,1712707715.8802922,695238.62048525,94.21,5.757889338622149e-06,94.5,BID
1467,1712707716.29014,695313.07677747,94.72,1.2148360034682644e-08,94.72,BID
1468,1712707734.5132167,697642.1909366,94.72,3.8002049958937537e-07,94.72,BID
1469,1712707740.5115125,697642.1909366,94.72,0.0,94.72,BID
1470,1712707741.001774,697642.1909366,94.72,0.0,94.72,BID
1471,1712707745.112958,699772.86819589,94.72,3.4707515396879934e-07,94.72,BID
1472,1712707757.2000003,700625.19686604,94.73,1.3883947140962794e-07,94.73,BID
1473,1712707763.3089907,703820.34095978,94.73,5.204707204960978e-07,94.73,BID
1474,1712707769.022517,705345.69635989,94.73,2.4847168103100465e-07,94.73,BID
1475,1712707770.5476372,705345.69635989,94.73,0.0,94.73,BID
1476,1712707770.9121425,705401.52275989,94.77,9.092720805830177e-09,94.77,BID
1477,1712707770.9143448,711071.52275989,94.83,9.23500834177848e-07,94.83,BID
1478,1712707770.9163723,721595.93245989,94.78,1.71416245805635e-06,94.83,BID
1479,1712707770.9195633,721795.93245989,95.16,3.2574985332551955e-08,95.16,BID
1480,1712707770.925575,726423.38997334,95.19,7.536968031381967e-07,95.19,BID
1481,1712707776.4307122,732863.38997334,95.16,1.048914527708173e-06,95.19,BID
1482,1712707776.4351892,732943.14437334,95.17,1.2989992051028524e-08,95.19,BID
1483,1712707776.4395504,733943.14437334,95.2,1.6287492666275977e-07,95.2,BID
1484,1712707776.4419346,739473.14437334,95.18,9.006983444450615e-07,95.2,BID
1485,1712707776.4441955,742724.66574414,95.19,5.295913048114617e-07,95.2,BID
1486,1712707776.4461868,743214.22313193,95.22,7.97366236334994e-08,95.22,BID
1487,1712707782.974272,743341.61166696,94.74,-2.0748398300680056e-08,95.22,ASK
1488,1712707800.4732983,743341.61166696,94.74,-0.0,95.22,ASK
1489,1712707800.8347905,743341.61166696,94.74,-0.0,95.22,ASK
1490,1712707827.2701397,743415.611008,95.21,1.2118466105340428e-08,95.22,BID
1491,1712707830.4997046,743415.611008,95.21,0.0,95.22,BID
1492,1712707838.273546,811921.11398476,95.22,1.1218757441938296e-05,95.22,BID
1493,1712707838.371518,815858.66918905,95.22,-6.44831069500457e-07,95.22,ASK
1494,1712707838.5729752,816488.70728905,95.13,-1.031777640619261e-07,95.22,ASK
1495,1712707838.8819215,817125.10948905,95.13,-1.0421997660156005e-07,95.22,ASK
1496,1712707839.1598375,817412.99218905,95.13,-4.714491599493064e-08,95.22,ASK
1497,1712707840.8639104,817701.73844773,95.13,4.7286336099118034e-08,95.22,BID
1498,1712707840.8687267,818315.83631694,95.28,1.0056732292902093e-07,95.28,BID
1499,1712707841.5212317,818807.68591694,95.13,-8.054741766053187e-08,95.28,ASK
1500,1712707860.3281834,818807.68591694,95.13,-0.0,95.28,ASK
1501,1712707860.743304,819253.16612373,95.28,7.295376528886028e-08,95.28,BID
1502,1712707860.8688638,824792.46201673,95.3,9.071390519353396e-07,95.3,BID
1503,1712707860.8710134,825792.46201673,95.3,1.6376432482722118e-07,95.3,BID
1504,1712707860.874391,825792.46201673,95.3,0.0,95.3,BID
1505,1712707881.2503088,830024.20644362,95.3,-6.921304485840847e-07,95.3,ASK
1506,1712707882.0005405,841019.35881674,95.28,-1.798331604314444e-06,95.3,ASK
1507,1712707882.0052965,844237.77178728,95.3,-5.263932289658015e-07,95.3,ASK
1508,1712707890.7000546,844237.77178728,95.3,-0.0,95.3,ASK
1509,1712707911.040701,845237.77178728,95.4,1.635072176262946e-07,95.4,BID
1510,1712707911.1598034,847933.76655169,95.5,4.4081460266373e-07,95.5,BID
1511,1712707911.1634767,848933.76655128,95.5,1.6350721755927325e-07,95.5,BID
1512,1712707911.1798718,848933.76655169,95.5,6.702133841605195e-17,95.5,BID
1513,1712707911.242111,859373.78554269,95.54,1.7070184571840885e-06,95.54,BID
1514,1712707917.255412,879373.78554269,95.4,-3.270144352525892e-06,95.54,ASK
1515,1712707917.2591932,885533.78554269,95.41,-1.0072044605779746e-06,95.54,ASK
1516,1712707920.3423183,885533.78554269,95.41,-0.0,95.54,ASK
1517,1712707920.717518,885533.78554269,95.41,-0.0,95.54,ASK
1518,1712707932.3235726,944919.08111416,95.4,9.703670731691596e-06,95.54,BID
1519,1712707950.4813051,944919.08111416,95.4,0.0,95.54,BID
1520,1712707966.8897493,946390.53544716,95.6,2.402160734520717e-07,95.6,BID
1521,1712707966.8994346,946390.53544746,95.6,4.897560811541069e-17,95.6,BID
1522,1712707979.1512656,952970.53544746,95.77,1.0741901585841672e-06,95.77,BID
1523,1712707979.155996,953970.53544746,95.7,1.6325078397935674e-07,95.77,BID
1524,1712707979.1606734,954145.54328786,95.6,2.8570167147830808e-08,95.77,BID
1525,1712707979.1629238,959815.54328786,95.8,9.256319451629524e-07,95.8,BID
1526,1712707979.1678286,959869.66667137,95.76,8.835684789629892e-09,95.8,BID
1527,1712707979.1699789,960869.66667137,95.8,1.6325078397935674e-07,95.8,BID
1528,1712707979.2925212,961172.80340437,95.86,4.948730931518015e-08,95.86,BID
1529,1712707979.2948482,966469.66667137,95.86,8.647170809692174e-07,95.86,BID
1530,1712707979.2970376,972699.66667137,95.89,1.0170523841913922e-06,95.89,BID
1531,1712707979.399364,972928.05767137,95.9,3.7285009803820296e-08,95.9,BID
1532,1712707979.4015794,973928.05767137,95.9,1.6325078397935674e-07,95.9,BID
1533,1712707979.4038208,979738.05767137,95.93,9.484870549200624e-07,95.93,BID
1534,1712707979.449746,980779.72433804,96.0,1.7005289997904136e-07,96.0,BID
1535,1712707979.4519856,981779.72433737,96.0,1.6325078386998356e-07,96.0,BID
1536,1712707979.6903682,982875.27263737,95.8,-1.788491188622554e-07,96.0,ASK
1537,1712707980.3175364,982875.27263737,95.8,-0.0,96.0,ASK
1538,1712707980.9682648,982875.27263737,95.8,-0.0,96.0,ASK
1539,1712707982.791744,982929.6034283,96.0,8.864280012304033e-09,96.0,BID
1540,1712707982.7940464,982929.60342897,96.0,1.0930824212530324e-16,96.0,BID
1541,1712707983.299666,982983.76360244,96.06,8.83644310962202e-09,96.06,BID
1542,1712707983.3034942,983295.84099697,96.13,5.0916641618374544e-08,96.13,BID
1543,1712707983.309529,984295.84099697,96.12,1.6315389230631693e-07,96.13,BID
1544,1712707983.3193476,984295.84099764,96.13,1.093272357381834e-16,96.13,BID
1545,1712707983.5111988,986845.6768727,96.0,-4.160156477583134e-07,96.13,ASK
1546,1712707983.5135098,992445.6768727,95.81,-9.136617969153748e-07,96.13,ASK
1547,1712707983.5157936,997835.6768727,96.0,-8.793994795310483e-07,96.13,ASK
1548,1712707983.5180404,1005453.14555703,95.8,-1.2428196653699186e-06,96.13,ASK
1549,1712707994.264082,1006396.34404703,96.1,1.5388650486093758e-07,96.13,BID
1550,1712707994.7199132,1006602.36429982,96.2,3.3613006136631146e-08,96.2,BID
1551,1712707994.7222326,1011881.08051603,96.2,8.612430970551232e-07,96.2,BID
1552,1712707994.7514627,1011881.08051702,96.2,1.615216839328547e-16,96.2,BID
1553,1712707996.1764913,1013854.41051702,96.11,-3.2195647030483653e-07,96.2,ASK
1554,1712707998.1605985,1014871.20411844,96.24,1.658938337438324e-07,96.24,BID
1555,1712707998.164498,1015974.07263102,96.24,1.799372905294952e-07,96.24,BID
1556,1712707998.1943653,1015974.0726312,96.24,2.936412551272264e-17,96.24,BID
1557,1712707998.2023163,1018093.73474502,96.24,-3.458311242439825e-07,96.24,ASK
1558,1712707998.2045486,1022140.40474502,96.11,-6.602299613791913e-07,96.24,ASK
1559,1712707998.2799358,1022140.40474556,96.11,8.811137015104811e-17,96.24,BID
1560,1712707998.282458,1037139.21654756,96.11,2.447114525466211e-06,96.24,BID
1561,1712707999.8598511,1037373.64693201,96.27,3.824822969788541e-08,96.27,BID
1562,1712707999.9831336,1037479.16555604,96.3,1.7215774221310112e-08,96.3,BID
1563,1712707999.9855068,1043509.25447801,96.31,9.838324785726064e-07,96.31,BID
1564,1712707999.991245,1043509.25447829,96.31,4.5679638976777457e-17,96.31,BID
1565,1712708000.6104493,1064303.55037829,96.27,-3.392670313854292e-06,96.31,ASK
1566,1712708001.5096865,1065303.55037829,96.3,1.6315389230631693e-07,96.31,BID
1567,1712708001.5122385,1065394.24427829,96.31,1.4797062793451486e-08,96.31,BID
1568,1712708005.5598738,1065497.25440518,96.37,1.680650314905742e-08,96.37,BID
1569,1712708005.8398788,1069072.58440518,96.37,-5.833290057795563e-07,96.37,ASK
1570,1712708007.7797143,1069189.7995974,96.44,1.9124114848116484e-08,96.44,BID
1571,1712708010.245772,1070089.7995974,96.5,1.4683850307568528e-07,96.5,BID
1572,1712708010.7030869,1070089.7995974,96.5,0.0,96.5,BID
1573,1712708011.1333463,1070274.76298135,96.44,-3.013627088890393e-08,96.5,ASK
1574,1712708011.1357777,1086299.02623832,96.5,-2.6108493908045007e-06,96.5,ASK
1575,1712708011.3702943,1090036.83147126,96.44,-6.090043803494442e-07,96.5,ASK
1576,1712708011.4543035,1102236.83147126,96.44,-1.9877583173105017e-06,96.5,ASK
1577,1712708011.510867,1102364.64110885,96.44,-2.0824153291157362e-08,96.5,ASK
1578,1712708011.5161018,1114010.87247126,96.44,-1.897532234094481e-06,96.5,ASK
1579,1712708011.6500206,1123711.14638697,96.37,-1.5804754226346705e-06,96.5,ASK
1580,1712708011.6545243,1128432.70847126,96.44,-7.692888773561711e-07,96.5,ASK
1581,1712708011.659556,1131776.11927126,96.37,-5.447452972037431e-07,96.5,ASK
1582,1712708015.0213742,1132800.70943519,96.59,1.6693750985135734e-07,96.59,BID
1583,1712708015.0252323,1133800.70943519,96.59,1.629310096156149e-07,96.59,BID
1584,1712708015.0275433,1133854.29323202,96.72,8.730462116536286e-09,96.72,BID
1585,1712708015.0298347,1135513.96587448,96.56,2.704121392674384e-07,96.72,BID
1586,1712708015.032212,1135631.1810667,96.63,1.9097989610683345e-08,96.72,BID
1587,1712708015.03455,1145894.96019017,96.8,1.6722878950586304e-06,96.8,BID
