,time,acc_trade_volume,trade_price,dev,high,ask_bid
0,1712689619.1224256,15065827.95142235,899.1,0.0,930.0,ASK
1,1712689620.4733148,15065827.95142235,899.1,-0.0,930.0,ASK
2,1712689620.493423,15065833.51241423,899.3,3.697249422972401e-10,930.0,BID
3,1712689631.2621908,15065839.07402455,899.2,-3.6976605961573747e-10,930.0,ASK
4,1712689650.4823182,15065839.07402455,899.2,-0.0,930.0,ASK
5,1712689662.752266,15066399.07402455,898.3,-3.723181664136295e-08,930.0,ASK
6,1712689680.491992,15066399.07402455,898.3,-0.0,930.0,ASK
7,1712689694.3023565,15066410.19502099,899.2,7.39359022451492e-10,930.0,BID
8,1712689710.4826343,15066410.19502099,899.2,0.0,930.0,BID
9,1712689718.482241,15066421.31601743,899.2,-7.393585309025529e-10,930.0,ASK
10,1712689740.7521222,15066421.31601743,899.2,-0.0,930.0,ASK
11,1712689769.4225569,15066521.20276714,898.3,-6.640778263163224e-09,930.0,ASK
12,1712689770.7318726,15066521.20276714,898.3,-0.0,930.0,ASK
13,1712689792.0125294,15066791.50676273,899.1,1.7970533585006183e-08,930.0,BID
14,1712689792.014231,15066974.61848352,899.2,1.2173757628186397e-08,930.0,BID
15,1712689800.4824302,15066974.61848352,899.2,0.0,930.0,BID
16,1712689828.6626637,15070065.15085752,898.3,-2.0554951193237605e-07,930.0,ASK
17,1712689828.6824048,15070065.15085798,898.3,-3.059921123088659e-17,930.0,ASK
18,1712689828.7426944,15070120.81774731,898.2,-3.702372454957153e-09,930.0,ASK
19,1712689828.7440658,15070454.6824493,898.1,-2.220514728233569e-08,930.0,ASK
20,1712689828.7453785,15071588.02023598,898.2,-7.537763747968358e-08,930.0,ASK
21,1712689828.761908,15071588.02023637,898.1,-2.5891640272288648e-17,930.0,ASK
22,1712689830.4843383,15071588.02023637,898.1,-0.0,930.0,ASK
23,1712689841.8424218,15071599.15733309,897.9,-7.405177304674e-10,930.0,ASK
24,1712689841.844093,15072711.50618037,898.1,-7.396129031293321e-08,930.0,ASK
25,1712689841.861911,15072711.50618132,897.9,-6.316314874986625e-17,930.0,ASK
26,1712689860.732126,15072711.50618132,897.9,-0.0,930.0,ASK
27,1712689890.711988,15072711.50618132,897.9,-0.0,930.0,ASK
28,1712689920.4638467,15072711.50618132,897.9,-0.0,930.0,ASK
29,1712689950.492098,15072711.50618132,897.9,-0.0,930.0,ASK
30,1712689953.3624015,15073000.18613157,897.5,-1.9193357657454943e-08,930.0,ASK
31,1712689953.3640926,15074544.18613157,897.5,-1.026553600186452e-07,930.0,ASK
32,1712689980.7221591,15074544.18613157,897.5,-0.0,930.0,ASK
33,1712690010.0332189,15074549.75827641,897.5,-3.7043263395673327e-10,930.0,ASK
34,1712690010.0351553,15074555.32980047,897.6,-3.7039136486430446e-10,930.0,ASK
35,1712690010.036567,15074560.90008338,897.8,-3.7030885404531575e-10,930.0,ASK
36,1712690010.0379138,15074566.46974592,897.9,-3.7026761219492847e-10,930.0,ASK
37,1712690010.0392437,15074572.04064933,897.7,-3.7035010456362544e-10,930.0,ASK
38,1712690010.0405943,15075202.00656609,897.5,-4.1879732231104664e-08,930.0,ASK
39,1712690010.7322176,15075202.00656609,897.5,-0.0,930.0,ASK
40,1712690026.9421265,15075366.46167472,897.5,-1.09324416086388e-08,930.0,ASK
41,1712690040.4639883,15075366.46167472,897.5,-0.0,930.0,ASK
42,1712690070.4620397,15075366.46167472,897.5,-0.0,930.0,ASK
43,1712690076.0422134,15075923.50267294,897.6,-3.702991342449057e-08,930.0,ASK
44,1712690100.512215,15075923.50267294,897.6,-0.0,930.0,ASK
45,1712690130.4521563,15075923.50267294,897.6,-0.0,930.0,ASK
46,1712690160.73207,15075923.50267294,897.6,-0.0,930.0,ASK
47,1712690164.623336,15077691.50267294,897.5,-1.1753531678199593e-07,930.0,ASK
48,1712690164.6248586,15079275.50267294,897.4,-1.0530313449246696e-07,930.0,ASK
49,1712690164.6263976,15079386.65094495,897.0,-7.3890539368867875e-09,930.0,ASK
50,1712690164.6279376,15079787.54239708,897.3,-2.6650963699822244e-08,930.0,ASK
51,1712690164.6290913,15080155.06936416,897.4,-2.443291770458734e-08,930.0,ASK
52,1712690164.6302552,15080205.06936416,897.3,-3.323962578676355e-09,930.0,ASK
53,1712690164.6314209,15080316.55208433,897.0,-7.411287800293861e-09,930.0,ASK
54,1712690164.632583,15087218.56659161,896.5,-4.5884075879352105e-07,930.0,ASK
55,1712690190.7832997,15087218.56659161,896.5,-0.0,930.0,ASK
56,1712690220.482579,15087218.56659161,896.5,-0.0,930.0,ASK
57,1712690250.5322876,15087218.56659161,896.5,-0.0,930.0,ASK
58,1712690280.712121,15087218.56659161,896.5,-0.0,930.0,ASK
59,1712690307.982408,15087229.69129958,898.9,7.390645470297743e-10,930.0,BID
60,1712690310.7324204,15087229.69129958,898.9,0.0,930.0,BID
61,1712690340.4639342,15087229.69129958,898.9,0.0,930.0,BID
62,1712690370.483045,15087229.69129958,898.9,0.0,930.0,BID
63,1712690394.58292,15088142.96071705,898.9,6.067256791845477e-08,930.0,BID
64,1712690400.53218,15088142.96071705,898.9,0.0,930.0,BID
65,1712690430.4826877,15088142.96071705,898.9,0.0,930.0,BID
66,1712690442.2524347,15089933.63580079,898.9,-1.1900736571593553e-07,930.0,ASK
67,1712690442.392383,15090321.76950079,898.9,2.5795170548823413e-08,930.0,BID
68,1712690442.4019618,15093974.72687379,898.9,2.427737103067959e-07,930.0,BID
69,1712690442.4121842,15100731.93832179,898.9,4.4908087531574354e-07,930.0,BID
70,1712690442.414044,15103248.86062579,898.9,1.6727339081820336e-07,930.0,BID
71,1712690442.4722283,15103748.86062579,898.9,3.322974860056635e-08,930.0,BID
72,1712690450.3023536,15109674.86062579,898.2,-3.938389804139124e-07,930.0,ASK
73,1712690450.3041186,15111306.86062579,898.3,-1.084618994322487e-07,930.0,ASK
74,1712690450.3827906,15111906.12570819,898.2,3.982685606651879e-08,930.0,BID
75,1712690450.3841076,15115367.77772919,898.2,2.3005965280095562e-07,930.0,BID
76,1712690450.4023056,15119027.26538519,898.2,2.4320770963145445e-07,930.0,BID
77,1712690450.4040225,15122044.13116019,898.2,2.004993825298258e-07,930.0,BID
78,1712690450.4227982,15122199.3397417,898.2,1.0315084288393722e-08,930.0,BID
79,1712690450.4241817,15123279.38078322,898.2,7.177898457609698e-08,930.0,BID
80,1712690450.7422824,15123448.68588714,898.2,1.1251932080011525e-08,930.0,BID
81,1712690450.8821962,15123637.95353379,898.2,1.257863263279084e-08,930.0,BID
82,1712690450.9423027,15123780.17132515,898.2,9.451722906956454e-09,930.0,BID
83,1712690451.0021706,15124891.22832515,898.2,7.384028958180089e-08,930.0,BID
84,1712690451.8733876,15125732.22832515,898.2,5.58924371461526e-08,930.0,BID
85,1712690452.4522614,15125986.45402966,898.2,1.689571249732271e-08,930.0,BID
86,1712690452.814988,15126242.21875283,898.2,1.6997994903577772e-08,930.0,BID
87,1712690452.832014,15126558.24496093,898.2,2.1002942892762388e-08,930.0,BID
88,1712690452.855761,15126817.23741993,898.2,1.7212508603968947e-08,930.0,BID
89,1712690453.1556544,15126984.09261604,898.2,1.1089112438927089e-08,930.0,BID
90,1712690453.2324653,15127372.70761604,898.2,2.5827157504833043e-08,930.0,BID
91,1712690453.3721385,15127763.69761604,898.2,2.598499881068573e-08,930.0,BID
92,1712690453.5723405,15127930.55814418,898.2,1.1089466802859812e-08,930.0,BID
93,1712690454.8826694,15128321.54814418,898.2,2.598499881068573e-08,930.0,BID
94,1712690455.0224755,15128485.56354336,898.2,1.0900380962769313e-08,930.0,BID
95,1712690455.0623882,15128642.77063313,898.2,1.0447904142482641e-08,930.0,BID
96,1712690455.902227,15129201.75463313,898.2,3.7149795583551255e-08,930.0,BID
97,1712690456.3895037,15129377.75193313,898.2,1.1696692066690365e-08,930.0,BID
98,1712690457.1321416,15129964.65553313,898.2,3.900531816152441e-08,930.0,BID
99,1712690460.7220657,15129964.65553313,898.2,0.0,930.0,BID
100,1712690465.922555,15130004.34053313,898.2,2.6308752254564156e-09,930.0,BID
101,1712690466.042168,15130815.78144829,898.2,5.379361977038572e-08,930.0,BID
102,1712690466.1220944,15131936.65194829,898.2,7.430692779026586e-08,930.0,BID
103,1712690471.7026193,15132004.44594829,898.2,4.494331738229079e-09,930.0,BID
104,1712690474.712739,15132297.00194829,898.2,1.9394691506820192e-08,930.0,BID
105,1712690474.8123713,15132623.14508607,898.2,2.1621315386902905e-08,930.0,BID
106,1712690474.932551,15134624.44643569,898.2,1.3267416251271216e-07,930.0,BID
107,1712690475.4723203,15134927.16884968,898.2,2.0068663201408243e-08,930.0,BID
108,1712690475.9129734,15135207.24564968,898.2,1.8567396102689282e-08,930.0,BID
109,1712690477.1625676,15136113.00900531,898.2,6.00466264941578e-08,930.0,BID
110,1712690477.2625043,15138071.01821749,898.2,1.2980415591457114e-07,930.0,BID
111,1712690477.2643924,15138895.68801727,898.2,5.4670614725867124e-08,930.0,BID
112,1712690477.302176,15139766.27108843,898.2,5.7714386634478923e-08,930.0,BID
113,1712690477.3224893,15139939.92053583,898.2,1.1511906994410387e-08,930.0,BID
114,1712690477.3421545,15140592.92053583,898.2,4.328994638277591e-08,930.0,BID
115,1712690477.3621314,15141483.85844452,898.2,5.90637891232929e-08,930.0,BID
116,1712690477.3825388,15144662.29640032,898.2,2.107111924771533e-07,930.0,BID
117,1712690477.402388,15146431.52710032,898.2,1.172892835249764e-07,930.0,BID
118,1712690477.4823823,15149537.73952605,898.2,2.059230771260826e-07,930.0,BID
119,1712690477.6236267,15150414.09657798,898.2,5.8097166600603145e-08,930.0,BID
120,1712690477.6829393,15150571.98297707,898.2,1.0466912329537853e-08,930.0,BID
121,1712690477.7423978,15152798.90648224,898.2,1.4763154538646926e-07,930.0,BID
122,1712690477.744504,15156139.29174,898.2,2.2144731808001258e-07,930.0,BID
123,1712690477.8225913,15156658.62457473,898.2,3.442862261910178e-08,930.0,BID
124,1712690477.824641,15158885.5480799,898.2,1.4763154538646926e-07,930.0,BID
125,1712690490.7421443,15158885.5480799,898.2,0.0,930.0,BID
126,1712690520.4826374,15158885.5480799,898.2,0.0,930.0,BID
127,1712690550.4742467,15158885.5480799,898.2,0.0,930.0,BID
128,1712690574.772613,15159325.6080799,900.2,-2.9123160614384933e-08,930.0,ASK
129,1712690574.91242,15161847.14210386,900.2,1.668750633429029e-07,930.0,BID
130,1712690574.9144866,15162232.09350386,900.2,2.5476074742044345e-08,930.0,BID
131,1712690575.4923284,15162912.15050386,901.3,4.5006156519560953e-08,930.0,BID
132,1712690580.7223194,15162912.15050386,901.3,0.0,930.0,BID
133,1712690595.3930862,15166321.24141286,902.1,2.2555943779985082e-07,930.0,BID
134,1712690595.395569,15166321.24141295,902.1,6.038771916300591e-18,930.0,BID
135,1712690605.872548,15166983.61548528,902.6,4.382538552245725e-08,930.0,BID
136,1712690605.8750758,15167039.10938095,902.1,3.671703759872865e-09,930.0,BID
137,1712690605.972535,15167074.1992225,902.6,2.3216878469449406e-09,930.0,BID
138,1712690605.975072,15167755.13463995,902.7,4.5053480249771865e-08,930.0,BID
139,1712690610.7323484,15167755.13463995,902.7,0.0,930.0,BID
140,1712690613.8023744,15167766.25687329,901.4,-7.356798848344152e-10,930.0,ASK
141,1712690614.686936,15167876.96206536,903.3,7.322592547120542e-09,930.0,BID
142,1712690619.9222186,15168046.52840107,903.1,1.1215961626448882e-08,930.0,BID
143,1712690621.222258,15169262.43523941,903.0,8.042613165568629e-08,930.0,BID
144,1712690621.382585,15169757.96591857,903.0,3.2776866109248635e-08,930.0,BID
145,1712690621.392264,15170174.05908023,903.0,2.7522473223615803e-08,930.0,BID
146,1712690640.485143,15170174.05908023,903.0,0.0,930.0,BID
147,1712690642.2927015,15170209.79504842,903.2,2.363413376446976e-09,930.0,BID
148,1712690642.294368,15170571.89440895,903.2,2.3947594416603176e-08,930.0,BID
149,1712690645.2822154,15171089.02931776,903.2,3.4200935999134944e-08,930.0,BID
150,1712690649.4222882,15171112.32565516,901.9,-1.5407131308387403e-09,930.0,ASK
151,1712690649.4243212,15171122.32565516,902.1,-6.61354231100334e-10,930.0,ASK
152,1712690670.4824076,15171122.32565516,902.1,-0.0,930.0,ASK
153,1712690700.7320764,15171122.32565516,902.1,-0.0,930.0,ASK
154,1712690704.7225478,15171673.80249983,902.6,3.647780079650168e-08,930.0,BID
155,1712690730.761819,15171673.80249983,902.6,0.0,930.0,BID
156,1712690760.433627,15171673.80249983,902.6,0.0,930.0,BID
157,1712690790.4638216,15171673.80249983,902.6,0.0,930.0,BID
158,1712690820.7221646,15171673.80249983,902.6,0.0,930.0,BID
159,1712690850.7417276,15171673.80249983,902.6,0.0,930.0,BID
160,1712690880.4719229,15171673.80249983,902.6,0.0,930.0,BID
161,1712690910.4525354,15171673.80249983,902.6,0.0,930.0,BID
162,1712690940.7317348,15171673.80249983,902.6,0.0,930.0,BID
163,1712690970.7318254,15171673.80249983,902.6,0.0,930.0,BID
164,1712690972.0519657,15171696.06829018,903.8,1.472736945977446e-09,930.0,BID
165,1712690972.0538015,15171806.51413633,904.3,7.305273049184054e-09,930.0,BID
166,1712691000.572039,15171806.51413633,904.3,0.0,930.0,BID
167,1712691030.4628644,15171806.51413633,904.3,0.0,930.0,BID
168,1712691060.7215793,15171806.51413633,904.3,0.0,930.0,BID
169,1712691090.7516503,15171806.51413633,904.3,0.0,930.0,BID
170,1712691112.9617617,15174519.85311901,904.0,-1.797271251365901e-07,930.0,ASK
171,1712691120.493461,15174519.85311901,904.0,-0.0,930.0,ASK
172,1712691129.3113096,15175165.23690135,904.6,4.274221903275831e-08,930.0,BID
173,1712691136.9016614,15177851.31690135,904.6,1.778926320137885e-07,930.0,BID
174,1712691138.6919775,15177987.02590135,904.6,8.987681378721815e-09,930.0,BID
175,1712691140.19176,15177998.08890135,904.6,7.326759397146558e-10,930.0,BID
176,1712691141.7224653,15178897.75196139,904.7,5.9582525343981737e-08,930.0,BID
177,1712691141.7249737,15180570.30144908,904.6,1.107689385791651e-07,930.0,BID
178,1712691141.72744,15181324.49341568,904.7,4.9948323944901714e-08,930.0,BID
179,1712691141.729817,15182846.25763334,904.7,1.0078279201807226e-07,930.0,BID
180,1712691141.7322226,15183011.25763334,905.0,1.0927554012640832e-08,930.0,BID
181,1712691142.0415795,15183943.25763334,905.3,6.172412327140156e-08,930.0,BID
182,1712691142.0614834,15184313.25763334,905.3,2.4504212028346123e-08,930.0,BID
183,1712691145.111441,15184701.78693334,905.3,2.5731363098480005e-08,930.0,BID
184,1712691150.4614992,15184701.78693334,905.3,0.0,930.0,BID
185,1712691159.8238554,15185151.43693334,905.3,2.97610834907683e-08,930.0,BID
186,1712691161.3219514,15185623.72693334,905.3,3.125956215237786e-08,930.0,BID
187,1712691161.4218931,15185738.52794978,905.3,7.598360135908771e-09,930.0,BID
188,1712691161.424883,15185904.40852575,905.3,1.097917418198669e-08,930.0,BID
189,1712691161.861593,15185923.44904415,905.3,1.2602389809617275e-09,930.0,BID
190,1712691162.551387,15187470.44904415,905.3,1.0239162940104618e-07,930.0,BID
191,1712691162.8314865,15187880.44904415,905.3,2.7136760216179014e-08,930.0,BID
192,1712691163.231512,15187924.45537607,905.3,2.912656773959882e-09,930.0,BID
193,1712691163.4119716,15187968.20395689,906.4,2.8955969452043043e-09,930.0,BID
194,1712691163.414832,15188314.45537607,905.3,2.2917418870185488e-08,930.0,BID
195,1712691164.2318523,15188470.84910821,906.4,1.0351266361932162e-08,930.0,BID
196,1712691165.5215962,15188530.84910821,906.5,3.97123320236766e-09,930.0,BID
197,1712691166.8415382,15188660.70637607,906.9,8.594891561594441e-09,930.0,BID
198,1712691172.082601,15188907.75517607,906.9,1.6351473286022463e-08,930.0,BID
199,1712691172.721949,15189084.55739983,906.9,1.1702047687511148e-08,930.0,BID
200,1712691172.724615,15189888.16680996,907.0,5.318867285402186e-08,930.0,BID
201,1712691178.181738,15189916.17780996,907.5,1.853970220521397e-09,930.0,BID
202,1712691180.702081,15189916.17780996,907.5,0.0,930.0,BID
203,1712691210.722755,15189916.17780996,907.5,0.0,930.0,BID
204,1712691236.8820207,15189938.21637745,906.8,1.458215655677047e-09,930.0,BID
205,1712691240.4434695,15189938.21637745,906.8,0.0,930.0,BID
206,1712691249.6723886,15190857.29430839,906.0,-6.081212202488013e-08,930.0,ASK
207,1712691249.751432,15191234.27585323,906.0,-2.4943529742288106e-08,930.0,ASK
208,1712691255.6718435,15191269.27750323,905.2,-2.3159348508062784e-09,930.0,ASK
209,1712691270.4635808,15191269.27750323,905.2,-0.0,930.0,ASK
210,1712691276.9819598,15192751.04404068,905.2,-9.803540604255665e-08,930.0,ASK
211,1712691276.9858367,15192941.82699092,905.2,-1.2622422979591856e-08,930.0,ASK
212,1712691300.7015502,15192941.82699092,905.2,-0.0,930.0,ASK
213,1712691319.831597,15193038.98017664,905.0,-6.428981358949797e-09,930.0,ASK
214,1712691330.7614374,15193038.98017664,905.0,-0.0,930.0,ASK
215,1712691360.4837625,15193038.98017664,905.0,-0.0,930.0,ASK
216,1712691375.041773,15193448.98017664,906.8,2.7131040547142963e-08,930.0,BID
217,1712691375.3919184,15194031.79917664,906.8,3.856703883085109e-08,930.0,BID
218,1712691376.52603,15194039.19036237,906.8,4.890989260986202e-10,930.0,BID
219,1712691376.5322225,15194411.90917664,906.9,2.4664022591848538e-08,930.0,BID
220,1712691380.9016004,15194869.53917664,907.5,3.0282873379416414e-08,930.0,BID
221,1712691380.921383,15194915.22720131,907.5,3.023325975336756e-09,930.0,BID
222,1712691384.1115315,15195372.84040131,907.8,3.028176166852631e-08,930.0,BID
223,1712691390.4732366,15195372.84040131,907.8,0.0,930.0,BID
224,1712691416.501753,15195981.25177174,907.8,4.025492988387559e-08,930.0,BID
225,1712691420.7113576,15195981.25177174,907.8,0.0,930.0,BID
226,1712691442.5716372,15196165.78717533,907.8,1.2209154269854789e-08,930.0,BID
227,1712691450.721474,15196165.78717533,907.8,0.0,930.0,BID
228,1712691456.9018116,15196447.65320689,907.8,1.864849592112608e-08,930.0,BID
229,1712691456.9052184,15196575.78717533,907.8,8.477452123470913e-09,930.0,BID
230,1712691458.6916175,15196985.78717533,907.8,2.7125948044597e-08,930.0,BID
231,1712691460.551486,15197147.77307533,907.8,1.0717124652073585e-08,930.0,BID
232,1712691474.9818416,15197747.77307533,908.0,3.969650933355657e-08,930.0,BID
233,1712691474.9853215,15197747.77313244,907.8,3.7784833233684866e-15,930.0,BID
234,1712691474.991278,15198630.06516012,907.9,5.8373189519549575e-08,930.0,BID
235,1712691475.6715171,15201555.98014922,908.0,-1.935810194567196e-07,930.0,ASK
236,1712691477.5121007,15201625.98014922,908.7,4.631259422248267e-09,930.0,BID
237,1712691477.5155816,15201866.52995172,909.0,1.5914979133470757e-08,930.0,BID
238,1712691477.5189655,15201872.17501061,908.8,3.734818882455054e-10,930.0,BID
239,1712691480.451502,15201872.17501061,908.8,0.0,930.0,BID
240,1712691480.7415235,15201884.17501061,909.5,7.936581155443338e-10,930.0,BID
241,1712691480.7516284,15203538.03003725,909.6,1.093829553188854e-07,930.0,BID
242,1712691480.7538877,15204623.80636732,910.0,7.181126633541441e-08,930.0,BID
243,1712691480.7561245,15204629.80636732,909.9,3.968290577721669e-10,930.0,BID
244,1712691480.7583869,15207090.98755001,910.0,1.6277803495569753e-07,930.0,BID
245,1712691481.472504,15207190.98755001,909.6,-6.613817629536113e-09,930.0,ASK
246,1712691484.1019337,15207690.98165001,910.0,3.3068697932364154e-08,930.0,BID
247,1712691485.6849234,15208031.22597775,910.0,2.2503139331613952e-08,930.0,BID
248,1712691485.6873066,15208143.22597775,910.0,7.407475745080448e-09,930.0,BID
249,1712691485.6894853,15209392.01469331,910.0,8.259260822536419e-08,930.0,BID
250,1712691485.7612534,15211916.32392392,910.0,-1.6695320891801662e-07,930.0,ASK
251,1712691487.291847,15212245.95802392,910.1,2.1801398218849043e-08,930.0,BID
252,1712691488.272982,15212262.89617146,910.0,-1.120258188069269e-09,930.0,ASK
253,1712691490.3821924,15212268.49686814,910.6,3.7041986434608433e-10,930.0,BID
254,1712691490.3861103,15212268.49687429,910.1,4.067798296497809e-16,930.0,BID
255,1712691504.6917758,15213276.23466408,910.2,-6.664993960069988e-08,930.0,ASK
256,1712691504.7015295,15215757.36466408,910.2,-1.6409741335164041e-07,930.0,ASK
257,1712691504.7043538,15216676.70394818,910.1,-6.0803423647033e-08,930.0,ASK
258,1712691507.1452737,15217416.90501125,910.1,-4.895554840336692e-08,930.0,ASK
259,1712691509.15149,15218019.16263859,910.1,-3.9832221132241063e-08,930.0,ASK
260,1712691509.4517086,15218029.26181623,910.1,-6.679411911879541e-10,930.0,ASK
261,1712691510.4515994,15218029.26181623,910.1,-0.0,930.0,ASK
262,1712691513.0313978,15218676.70394818,910.1,-4.277904168535696e-08,930.0,ASK
263,1712691515.0617416,15218683.24705582,909.2,-4.3232879151747047e-10,930.0,ASK
264,1712691531.561622,15219636.70192024,909.9,-6.299850346054594e-08,930.0,ASK
265,1712691540.7015388,15219636.70192024,909.9,-0.0,930.0,ASK
266,1712691543.8316364,15219697.26832025,910.0,-4.001472924305032e-09,930.0,ASK
267,1712691543.8517652,15221200.98064116,910.0,-9.93465706573457e-08,930.0,ASK
268,1712691543.9717145,15222007.51746224,910.0,-5.3285901943452266e-08,930.0,ASK
269,1712691544.0905156,15223131.83333624,910.0,-7.428078154588727e-08,930.0,ASK
270,1712691544.0922658,15223351.74549735,910.0,-1.4529055024892361e-08,930.0,ASK
271,1712691544.1514618,15224427.32271378,909.9,-7.106073844280154e-08,930.0,ASK
272,1712691544.171864,15224598.0266646,909.9,-1.1277989729713944e-08,930.0,ASK
273,1712691544.1755075,15224692.60186298,909.9,-6.248350497406207e-09,930.0,ASK
274,1712691570.7112606,15224692.60186298,909.9,-0.0,930.0,ASK
275,1712691584.3018112,15225968.5547207,909.5,8.427344801338476e-08,930.0,BID
276,1712691590.401619,15226322.75906623,908.2,-2.33942980875282e-08,930.0,ASK
277,1712691598.6715913,15228318.8147207,908.2,-1.3183441019083368e-07,930.0,ASK
278,1712691598.7918284,15229026.7035207,908.2,4.6754258690038526e-08,930.0,BID
279,1712691598.795164,15229026.70356744,908.2,3.087015760149421e-15,930.0,BID
280,1712691600.471571,15229026.70356744,908.2,0.0,930.0,BID
281,1712691612.2816255,15229154.92433379,909.1,-8.477481229572731e-09,930.0,ASK
282,1712691612.371427,15229629.92433379,909.1,3.140523722214797e-08,930.0,BID
283,1712691614.1822276,15230595.92433379,909.1,6.386833506651568e-08,930.0,BID
284,1712691614.32138,15230788.91533379,909.1,1.2759848708951002e-08,930.0,BID
285,1712691614.4413788,15231864.49255022,909.1,7.111317396360064e-08,930.0,BID
286,1712691614.521591,15232801.23417078,909.1,6.193387959899457e-08,930.0,BID
287,1712691614.5253625,15233252.04584135,909.1,2.9805994645798625e-08,930.0,BID
288,1712691617.651363,15233268.5311694,909.9,1.089948711801163e-09,930.0,BID
289,1712691617.751308,15233285.01649745,909.9,1.089948711801163e-09,930.0,BID
290,1712691624.3016047,15233613.55949745,909.9,2.1722043900344266e-08,930.0,BID
291,1712691625.8215215,15234037.62029745,909.9,2.8037326359254823e-08,930.0,BID
292,1712691627.6719184,15234090.27629674,909.9,3.4814192607710036e-09,930.0,BID
293,1712691627.676083,15234233.82029745,909.9,9.490596619149068e-09,930.0,BID
294,1712691628.8113742,15234643.99023166,909.9,2.711891386366352e-08,930.0,BID
295,1712691630.4630442,15234643.99023166,909.9,0.0,930.0,BID
296,1712691633.013177,15234644.08120815,910.6,6.012997361179419e-12,930.0,BID
297,1712691635.2517006,15234655.27381715,911.0,7.397639457672253e-10,930.0,BID
298,1712691635.2550485,15234666.39357696,911.0,7.34949053712736e-10,930.0,BID
299,1712691640.0721252,15234678.39357696,911.6,7.93127621087247e-10,930.0,BID
300,1712691640.0753024,15234700.54316096,911.6,1.463953905560826e-09,930.0,BID
301,1712691656.83177,15234926.74316095,911.6,-1.495045565682982e-08,930.0,ASK
302,1712691660.7216074,15234926.74316095,911.6,-0.0,930.0,ASK
303,1712691663.8317077,15234945.54691773,911.7,1.2427937354053243e-09,930.0,BID
304,1712691665.1413496,15234956.64014673,912.0,7.33183037322341e-10,930.0,BID
305,1712691676.6028798,15235001.28189809,912.7,2.9505002420419755e-09,930.0,BID
306,1712691676.6068633,15235029.27869275,912.7,1.8503877402404398e-09,930.0,BID
307,1712691676.62173,15235131.1102889,912.7,6.7303396468837886e-09,930.0,BID
308,1712691676.6236932,15235188.30013369,912.7,3.779839404964921e-09,930.0,BID
309,1712691690.721457,15235188.30013369,912.7,0.0,930.0,BID
310,1712691692.9314232,15235607.41536138,912.7,2.7700079737464225e-08,930.0,BID
311,1712691711.9513426,15237239.41536138,913.2,1.07861817335309e-07,930.0,BID
312,1712691720.491744,15237239.41536138,913.2,0.0,930.0,BID
313,1712691724.3615725,15237960.82144338,913.2,-4.767312533315588e-08,930.0,ASK
314,1712691724.4466534,15237960.82144414,913.2,-5.022085631011835e-17,930.0,ASK
315,1712691725.2614346,15238418.8991989,912.7,-3.027143624080804e-08,930.0,ASK
316,1712691725.2644444,15238440.81220426,912.7,-1.448090717548629e-09,930.0,ASK
317,1712691749.9115987,15238841.05186987,912.7,2.6449285940253303e-08,930.0,BID
318,1712691749.9147618,15238850.81220426,912.7,6.44998228227138e-10,930.0,BID
319,1712691750.2917824,15239188.50707026,912.7,2.2316099174717e-08,930.0,BID
320,1712691750.4718094,15239188.50707026,912.7,0.0,930.0,BID
321,1712691751.1119125,15239518.07879926,912.7,2.177673231694956e-08,930.0,BID
322,1712691751.3515685,15240007.68879926,912.7,3.2351397196655216e-08,930.0,BID
323,1712691751.9113855,15240424.58300726,912.7,2.7546639390495764e-08,930.0,BID
324,1712691752.881914,15241210.63300726,912.7,5.193892233917995e-08,930.0,BID
325,1712691755.792076,15241526.34230726,912.7,2.086076052980444e-08,930.0,BID
326,1712691756.4950783,15241656.688215,912.7,8.612716722023632e-09,930.0,BID
327,1712691756.5913832,15241853.90526324,912.7,1.3031284208938478e-08,930.0,BID
328,1712691757.7188358,15242169.05068195,912.7,2.0823501594000136e-08,930.0,BID
329,1712691764.8825428,15242463.77208195,913.6,1.9473967185659857e-08,930.0,BID
330,1712691766.1017933,15243169.05068195,913.6,4.660188338253647e-08,930.0,BID
331,1712691766.1111825,15243180.49360154,913.6,7.561006448649151e-10,930.0,BID
332,1712691766.6916842,15246664.09967554,913.6,-2.301822343840705e-07,930.0,ASK
333,1712691766.695901,15246664.09967647,913.6,-6.141485540853807e-17,930.0,ASK
334,1712691766.7014415,15246931.72084985,913.1,-1.7683296661138463e-08,930.0,ASK
335,1712691766.7111404,15247094.22980933,913.1,-1.0737917722692178e-08,930.0,ASK
336,1712691766.7512665,15247634.80342051,913.0,-3.57188611533981e-08,930.0,ASK
337,1712691766.761532,15248465.12562382,913.0,-5.486424582938074e-08,930.0,ASK
338,1712691766.774099,15252635.27234975,913.0,-2.75545991910022e-07,930.0,ASK
339,1712691766.7773151,15254115.38338936,913.0,-9.779959587752329e-08,930.0,ASK
340,1712691766.8115144,15254541.45004394,913.0,-2.8152716600223573e-08,930.0,ASK
341,1712691766.831121,15255021.44078487,913.0,-3.171579647172915e-08,930.0,ASK
342,1712691766.8481631,15255261.50881537,913.0,-1.5862699309571035e-08,930.0,ASK
343,1712691766.851709,15255485.95101616,913.0,-1.483020932054615e-08,930.0,ASK
344,1712691766.857114,15256241.92044926,913.0,-4.995132329569877e-08,930.0,ASK
345,1712691766.872182,15258489.0026122,913.0,-1.4847786521281758e-07,930.0,ASK
346,1712691766.875405,15258507.58365217,913.0,-1.227758020508343e-09,930.0,ASK
347,1712691766.8791847,15271279.61161534,913.0,-8.439226111471744e-07,930.0,ASK
348,1712691766.9117603,15271590.09215203,912.7,-2.0515265546660635e-08,930.0,ASK
349,1712691766.9159386,15271931.39615106,912.7,-2.2551952038297708e-08,930.0,ASK
350,1712691766.9517014,15272434.4284979,912.7,-3.32382901807085e-08,930.0,ASK
351,1712691766.9586077,15273167.60814649,912.7,-4.84454688999552e-08,930.0,ASK
352,1712691767.011213,15273343.05188443,912.7,-1.1592594211183169e-08,930.0,ASK
353,1712691767.031313,15278860.93587362,912.7,-3.6459887792240657e-07,930.0,ASK
354,1712691767.071774,15278956.86347941,912.7,-6.338498145489035e-09,930.0,ASK
355,1712691767.0758498,15279386.20876123,912.1,-2.836935468374764e-08,930.0,ASK
356,1712691767.1121538,15279818.20876123,912.1,-2.854476744546081e-08,930.0,ASK
357,1712691767.131378,15279991.73502265,912.1,-1.1465895319183438e-08,930.0,ASK
358,1712691767.151553,15280383.069511,912.1,-2.5857759174455503e-08,930.0,ASK
359,1712691767.177873,15280684.05396551,912.1,-1.988780383960131e-08,930.0,ASK
360,1712691767.2315605,15280748.86347941,912.1,-4.282343755759114e-09,930.0,ASK
361,1712691767.2357905,15282272.06054737,912.0,-1.0064654184851221e-07,930.0,ASK
362,1712691767.2515936,15282813.20888953,912.0,-3.5756836991701835e-08,930.0,ASK
363,1712691767.256524,15286490.86153372,912.0,-2.4300402655929245e-07,930.0,ASK
364,1712691767.2722514,15286586.86951998,912.0,-6.3438093535074005e-09,930.0,ASK
365,1712691767.2755888,15286747.02262747,912.0,-1.0582252798444252e-08,930.0,ASK
366,1712691767.2798283,15288732.17658323,912.0,-1.3117073613575034e-07,930.0,ASK
367,1712691767.2839615,15296594.41366325,912.0,-5.195040024310655e-07,930.0,ASK
368,1712691767.4513943,15298170.41366325,911.4,-1.0413554049547741e-07,930.0,ASK
369,1712691773.3117318,15298328.69208948,909.0,-1.0458381639739711e-08,930.0,ASK
370,1712691773.3155694,15299703.41366325,909.0,-9.083589728130528e-08,930.0,ASK
371,1712691776.9620593,15300218.41366325,910.4,3.4029063042621106e-08,930.0,BID
372,1712691776.9663186,15301487.41366325,910.4,8.385025437104116e-08,930.0,BID
373,1712691776.9701538,15301615.02224325,910.5,8.431845463345884e-09,930.0,BID
374,1712691780.2759576,15301645.65932325,910.2,2.024371119973019e-09,930.0,BID
375,1712691780.731571,15301645.65932325,910.2,0.0,930.0,BID
376,1712691785.2317848,15301656.65316669,909.6,-7.237022531881942e-10,930.0,ASK
377,1712691786.4119186,15301667.63011509,909.0,-7.22590087164375e-10,930.0,ASK
378,1712691786.4175203,15301673.14011509,909.0,-3.627120430339112e-10,930.0,ASK
379,1712691787.7015843,15301885.50676911,908.9,-1.3979662968225616e-08,930.0,ASK
380,1712691810.7714512,15301885.50676911,908.9,-0.0,930.0,ASK
381,1712691840.451645,15301885.50676911,908.9,-0.0,930.0,ASK
382,1712691842.6017034,15301956.18830974,908.1,-4.6527546456821585e-09,930.0,ASK
383,1712691846.9115696,15303892.56569357,908.0,-1.2746593789564972e-07,930.0,ASK
384,1712691851.61139,15306204.62569357,907.2,-1.5219600209757036e-07,930.0,ASK
385,1712691851.7511876,15308092.89328809,907.2,1.2429901420217278e-07,930.0,BID
386,1712691853.3014095,15308453.61422976,908.2,-2.374518187018735e-08,930.0,ASK
387,1712691857.4117124,15308818.24110934,908.0,-2.4002298093226052e-08,930.0,ASK
388,1712691857.415692,15309270.75617625,908.0,-2.9787714883126927e-08,930.0,ASK
389,1712691870.4713964,15309270.75617625,908.0,-0.0,930.0,ASK
390,1712691871.6648057,15309292.78503405,907.9,1.4494543839360679e-09,930.0,BID
391,1712691900.501376,15309292.78503405,907.9,0.0,930.0,BID
392,1712691930.4720604,15309292.78503405,907.9,0.0,930.0,BID
393,1712691949.7629266,15309577.55663062,906.5,-1.8759043994213968e-08,930.0,ASK
394,1712691949.7682147,15309938.44053853,907.9,-2.3772866348918643e-08,930.0,ASK
395,1712691959.8115215,15311087.78687139,907.9,7.57120396918585e-08,930.0,BID
396,1712691960.711211,15311087.78687139,907.9,0.0,930.0,BID
397,1712691976.831438,15311120.61681229,906.3,-2.162407422998044e-09,930.0,ASK
398,1712691990.7214177,15311120.61681229,906.3,-0.0,930.0,ASK
399,1712692004.0714383,15311554.35489085,906.3,-2.8568939720118682e-08,930.0,ASK
400,1712692004.075779,15312222.84956652,906.3,-4.403160579280688e-08,930.0,ASK
401,1712692020.4515748,15312222.84956652,906.3,-0.0,930.0,ASK
402,1712692033.1817422,15312398.73114852,906.3,-1.15839949644938e-08,930.0,ASK
403,1712692033.3213782,15313264.093957,906.3,-5.699492978071537e-08,930.0,ASK
404,1712692033.325426,15314091.22094252,906.3,-5.4476624136774994e-08,930.0,ASK
405,1712692033.3812635,15314091.22094299,906.3,-3.1037636580858976e-17,930.0,ASK
406,1712692050.483435,15314091.22094299,906.3,-0.0,930.0,ASK
407,1712692080.6934805,15314091.22094299,906.3,-0.0,930.0,ASK
408,1712692110.7210555,15314091.22094299,906.3,-0.0,930.0,ASK
409,1712692113.101534,15314200.58151725,905.5,7.201954059548315e-09,930.0,BID
410,1712692116.6219912,15314526.96400321,905.2,-2.1493958729406372e-08,930.0,ASK
411,1712692116.626469,15314969.58151725,905.2,-2.9148630790121773e-08,930.0,ASK
412,1712692116.7216516,15315205.21508203,905.2,-1.5517677370932976e-08,930.0,ASK
413,1712692140.4815545,15315205.21508203,905.2,-0.0,930.0,ASK
414,1712692170.46122,15315205.21508203,905.2,-0.0,930.0,ASK
415,1712692174.641531,15316426.26945868,904.8,-8.040734623359887e-08,930.0,ASK
416,1712692174.6456568,15316646.94693854,904.8,-1.4531777510077564e-08,930.0,ASK
417,1712692181.6113436,15316804.09781771,904.7,-1.0348503223032021e-08,930.0,ASK
418,1712692183.1114686,15317572.79920612,904.8,5.061956278955309e-08,930.0,BID
419,1712692200.5215304,15317572.79920612,904.8,0.0,930.0,BID
420,1712692214.0106723,15320601.80147112,904.7,-1.99536182649989e-07,930.0,ASK
421,1712692214.021125,15320601.80147163,904.7,-3.3620390225202466e-17,930.0,ASK
422,1712692222.9516144,15320712.38424283,904.3,7.284664091279745e-09,930.0,BID
423,1712692230.4634798,15320712.38424283,904.3,0.0,930.0,BID
424,1712692254.8917353,15321429.53486317,903.2,-4.723361522590144e-08,930.0,ASK
425,1712692254.8959005,15321649.47820863,903.3,-1.4486105228493274e-08,930.0,ASK
426,1712692254.8990777,15322926.73322423,903.2,-8.412371159028023e-08,930.0,ASK
427,1712692260.711203,15322926.73322423,903.2,-0.0,930.0,ASK
428,1712692284.5215473,15323092.91979636,902.6,-1.094408693541856e-08,930.0,ASK
429,1712692290.711175,15323092.91979636,902.6,-0.0,930.0,ASK
430,1712692311.431615,15323624.78683286,902.5,-3.502534237778468e-08,930.0,ASK
431,1712692311.4365118,15323646.93641686,902.5,-1.458629149617207e-09,930.0,ASK
432,1712692320.4729574,15323646.93641686,902.5,-0.0,930.0,ASK
433,1712692350.4816833,15323646.93641686,902.5,-0.0,930.0,ASK
434,1712692376.0413094,15323669.0578636,904.0,1.456728245189659e-09,930.0,BID
435,1712692380.7110963,15323669.0578636,904.0,0.0,930.0,BID
436,1712692410.741257,15323669.0578636,904.0,0.0,930.0,BID
437,1712692440.4324164,15323669.0578636,904.0,0.0,930.0,BID
438,1712692470.47269,15323669.0578636,904.0,0.0,930.0,BID
439,1712692500.7112963,15323669.0578636,904.0,0.0,930.0,BID
440,1712692530.7311654,15323669.0578636,904.0,0.0,930.0,BID
441,1712692557.501614,15323949.52677265,904.0,-1.8477648370641632e-08,930.0,ASK
442,1712692559.6012757,15324022.32987956,904.0,-4.79636125916964e-09,930.0,ASK
443,1712692560.483354,15324022.32987956,904.0,-0.0,930.0,ASK
444,1712692575.3214438,15324110.35201341,904.7,5.798888099496972e-09,930.0,BID
445,1712692590.4513826,15324110.35201341,904.7,0.0,930.0,BID
446,1712692607.355965,15325966.35201341,905.6,1.2227242601625634e-07,930.0,BID
447,1712692607.3605783,15326975.26469387,905.6,6.646670316725505e-08,930.0,BID
448,1712692607.3639617,15328567.26469387,905.8,1.0488022748808197e-07,930.0,BID
449,1712692607.367276,15328648.15703488,905.9,5.329150205528192e-09,930.0,BID
450,1712692607.3705883,15328738.03741378,905.0,5.921278006128801e-09,930.0,BID
451,1712692607.3729756,15329034.84250843,906.7,1.955338306941916e-08,930.0,BID
452,1712692607.3749444,15329110.35201341,905.7,4.9745314445728236e-09,930.0,BID
453,1712692620.7213092,15329110.35201341,905.7,0.0,930.0,BID
454,1712692650.7309842,15329110.35201341,905.7,0.0,930.0,BID
455,1712692657.7112963,15329121.39563571,905.5,7.27331760963429e-10,930.0,BID
456,1712692680.5123453,15329121.39563571,905.5,0.0,930.0,BID
457,1712692701.3104136,15329259.78507611,906.1,9.114307458137412e-09,930.0,BID
458,1712692701.3149848,15329327.74363059,905.7,4.4757400431037296e-09,930.0,BID
459,1712692701.319793,15329382.79005972,905.5,3.625349434936103e-09,930.0,BID
460,1712692701.3231206,15329443.95275876,905.6,4.028166039308586e-09,930.0,BID
461,1712692710.490164,15329443.95275876,905.6,0.0,930.0,BID
462,1712692740.6892214,15329443.95275876,905.6,0.0,930.0,BID
463,1712692751.169357,15329598.3758781,906.6,1.0170087408929104e-08,930.0,BID
464,1712692770.7170866,15329598.3758781,906.6,0.0,930.0,BID
465,1712692772.3386226,15329620.45337009,905.9,1.4539788736766775e-09,930.0,BID
466,1712692800.5809734,15329620.45337009,905.9,0.0,930.0,BID
467,1712692830.449643,15329620.45337009,905.9,0.0,930.0,BID
468,1712692860.7169282,15329620.45337009,905.9,0.0,930.0,BID
469,1712692864.8171966,15329831.9218273,904.0,-1.3939485027739067e-08,930.0,ASK
470,1712692864.822364,15329891.09382154,904.1,-3.900473567877114e-09,930.0,ASK
471,1712692890.7166502,15329891.09382154,904.1,-0.0,930.0,ASK
472,1712692920.4616036,15329891.09382154,904.1,-0.0,930.0,ASK
473,1712692930.2159958,15329897.09382154,905.4,3.9549899034586895e-10,930.0,BID
474,1712692933.6785731,15332602.82861654,905.4,1.7835256326105776e-07,930.0,BID
475,1712692933.6957622,15332602.82861658,905.4,2.5783599656271586e-18,930.0,BID
476,1712692939.296703,15333633.86274378,905.1,-6.796215938662385e-08,930.0,ASK
477,1712692939.3958042,15335016.31580823,905.1,9.112646519836401e-08,930.0,BID
478,1712692939.400957,15337141.71858871,905.1,1.4009910895973548e-07,930.0,BID
479,1712692939.415574,15337983.61443786,905.1,5.5494826385845695e-08,930.0,BID
480,1712692950.4656792,15337983.61443786,905.1,0.0,930.0,BID
481,1712692980.7156038,15337983.61443786,905.1,0.0,930.0,BID
482,1712693010.7046907,15337983.61443786,905.1,0.0,930.0,BID
483,1712693040.436966,15337983.61443786,905.1,0.0,930.0,BID
484,1712693070.474558,15337983.61443786,905.1,0.0,930.0,BID
485,1712693100.7138648,15337983.61443786,905.1,0.0,930.0,BID
486,1712693108.1338143,15338011.94494908,905.2,-1.8667486436887157e-09,930.0,ASK
487,1712693122.8438833,15338853.35167624,905.2,-5.544181164020504e-08,930.0,ASK
488,1712693130.743348,15338853.35167624,905.2,-0.0,930.0,ASK
489,1712693160.4650524,15338853.35167624,905.2,-0.0,930.0,ASK
490,1712693183.4328876,15338943.46416324,906.8,5.937366807058547e-09,930.0,BID
491,1712693190.4449675,15338943.46416324,906.8,0.0,930.0,BID
492,1712693220.7323377,15338943.46416324,906.8,0.0,930.0,BID
493,1712693230.782552,15339399.43343887,905.4,-3.00429203154809e-08,930.0,ASK
494,1712693250.7119818,15339399.43343887,905.4,-0.0,930.0,ASK
495,1712693278.9720864,15339954.23342665,905.4,-3.655368760191063e-08,930.0,ASK
496,1712693280.454128,15339954.23342665,905.4,-0.0,930.0,ASK
497,1712693281.3618195,15340992.44858018,905.4,-6.840183356417354e-08,930.0,ASK
498,1712693291.3520875,15341102.89700076,905.4,-7.2767908041823285e-09,930.0,ASK
499,1712693291.3616774,15341261.77706333,905.4,-1.0467664202048736e-08,930.0,ASK
500,1712693310.471605,15341261.77706333,905.4,-0.0,930.0,ASK
501,1712693333.3414383,15341294.89503052,905.4,2.181776096436901e-09,930.0,BID
502,1712693340.7115438,15341294.89503052,905.4,0.0,930.0,BID
503,1712693346.6115124,15342032.72682647,905.4,4.8607469969972084e-08,930.0,BID
504,1712693347.111345,15344331.48677547,905.4,1.514395364941257e-07,930.0,BID
505,1712693347.1913955,15345229.99794221,905.4,5.919283337297196e-08,930.0,BID
506,1712693370.701014,15345229.99794221,905.4,0.0,930.0,BID
507,1712693400.5007348,15345229.99794221,905.4,0.0,930.0,BID
508,1712693430.4607775,15345229.99794221,905.4,0.0,930.0,BID
509,1712693460.7102804,15345229.99794221,905.4,0.0,930.0,BID
510,1712693488.1302671,15345600.30286921,905.8,2.4397452519917576e-08,930.0,BID
511,1712693490.7203832,15345600.30286921,905.8,0.0,930.0,BID
512,1712693520.452265,15345600.30286921,905.8,0.0,930.0,BID
513,1712693550.4702344,15345600.30286921,905.8,0.0,930.0,BID
514,1712693580.689641,15345600.30286921,905.8,0.0,930.0,BID
515,1712693610.729304,15345600.30286921,905.8,0.0,930.0,BID
516,1712693613.0996068,15345620.34308853,905.4,-1.3203159314464766e-09,930.0,ASK
517,1712693631.8493187,15345620.34308913,905.8,3.951494583655608e-17,930.0,BID
518,1712693633.1490183,15346651.37721613,906.8,6.79279384126583e-08,930.0,BID
519,1712693640.5214655,15346651.37721613,906.8,0.0,930.0,BID
520,1712693658.4993994,15346660.73374458,906.8,6.16400335514995e-10,930.0,BID
521,1712693670.43887,15346660.73374458,906.8,0.0,930.0,BID
522,1712693672.2692156,15346682.76988384,907.6,1.4517217698166216e-09,930.0,BID
523,1712693686.7589746,15346925.17368384,906.5,-1.5969352408349017e-08,930.0,ASK
524,1712693686.8987134,15347099.24678384,906.5,-1.1467785070523836e-08,930.0,ASK
525,1712693687.079288,15347272.79848384,906.5,-1.1433435690149874e-08,930.0,ASK
526,1712693687.298964,15347497.52848384,906.5,-1.4805017770823565e-08,930.0,ASK
527,1712693687.418946,15347760.09678384,906.5,-1.7297772204597583e-08,930.0,ASK
528,1712693687.5624373,15347978.97568384,906.5,-1.4419552370240244e-08,930.0,ASK
529,1712693691.9387612,15348221.37948384,907.0,-1.5969352408226307e-08,930.0,ASK
530,1712693692.0385888,15348395.45258384,906.5,-1.1467785070646546e-08,930.0,ASK
531,1712693692.1989686,15348503.28318384,906.5,-7.103786540388043e-09,930.0,ASK
532,1712693692.2042964,15348569.00428384,906.5,-4.329649149761831e-09,930.0,ASK
533,1712693692.3187346,15348793.73428384,906.5,-1.4805017770823565e-08,930.0,ASK
534,1712693692.4186432,15349056.30258384,906.5,-1.7297772204597583e-08,930.0,ASK
535,1712693692.5588028,15349275.18148384,906.5,-1.4419552370240244e-08,930.0,ASK
536,1712693699.8398683,15350224.04670849,908.5,6.251041922766752e-08,930.0,BID
537,1712693699.845095,15351864.04670849,908.3,1.080417796649417e-07,930.0,BID
538,1712693699.8497176,15354523.62392492,908.4,1.752106436703596e-07,930.0,BID
539,1712693700.4819193,15354523.62392492,908.4,0.0,930.0,BID
540,1712693730.451352,15354523.62392492,908.4,0.0,930.0,BID
541,1712693760.6887698,15354523.62392492,908.4,0.0,930.0,BID
542,1712693785.5453725,15354529.13042128,908.2,3.627464703850436e-10,930.0,BID
543,1712693790.7182558,15354529.13042128,908.2,0.0,930.0,BID
544,1712693800.2790458,15356219.62392492,908.2,1.1136307181220812e-07,930.0,BID
545,1712693800.338397,15358370.77837778,908.2,-1.4170960568454745e-07,930.0,ASK
546,1712693800.3585925,15359529.13042128,908.2,-7.630768265385678e-08,930.0,ASK
547,1712693802.3988836,15360749.82155116,908.1,8.041433679850817e-08,930.0,BID
548,1712693820.4480186,15360749.82155116,908.1,0.0,930.0,BID
549,1712693850.4602585,15360749.82155116,908.1,0.0,930.0,BID
550,1712693880.6876776,15360749.82155116,908.1,0.0,930.0,BID
551,1712693910.7074945,15360749.82155116,908.1,0.0,930.0,BID
552,1712693918.1174238,15360759.75857189,908.1,6.543683586289273e-10,930.0,BID
553,1712693940.4706457,15360759.75857189,908.1,0.0,930.0,BID
554,1712693941.4175918,15360802.67299923,908.1,-2.8259804885704873e-09,930.0,ASK
555,1712693941.4220953,15360808.39924083,908.1,-3.7708174248325845e-10,930.0,ASK
556,1712693970.4475908,15360808.39924083,908.1,-0.0,930.0,ASK
557,1712694000.499068,15360808.39924083,908.1,-0.0,930.0,ASK
558,1712694030.436753,15360808.39924083,908.1,-0.0,930.0,ASK
559,1712694060.7367578,15360808.39924083,908.1,-0.0,930.0,ASK
560,1712694087.4769487,15360813.90645528,907.9,3.6271455030786927e-10,930.0,BID
561,1712694090.7068062,15360813.90645528,907.9,0.0,930.0,BID
562,1712694120.4364448,15360813.90645528,907.9,0.0,930.0,BID
563,1712694150.4763107,15360813.90645528,907.9,0.0,930.0,BID
564,1712694180.706327,15360813.90645528,907.9,0.0,930.0,BID
565,1712694210.7265573,15360813.90645528,907.9,0.0,930.0,BID
566,1712694239.646531,15360850.25764319,907.0,-2.3941505374240876e-09,930.0,ASK
567,1712694240.4461098,15360850.25764319,907.0,-0.0,930.0,ASK
568,1712694270.4362404,15360850.25764319,907.0,-0.0,930.0,ASK
569,1712694300.695749,15360850.25764319,907.0,-0.0,930.0,ASK
570,1712694330.698689,15360850.25764319,907.0,-0.0,930.0,ASK
571,1712694360.457369,15360850.25764319,907.0,-0.0,930.0,ASK
572,1712694367.4356086,15361401.58634536,906.9,3.632529664772038e-08,930.0,BID
573,1712694390.4580553,15361401.58634536,906.9,0.0,930.0,BID
574,1712694420.726148,15361401.58634536,906.9,0.0,930.0,BID
575,1712694450.7253823,15361401.58634536,906.9,0.0,930.0,BID
576,1712694480.4276235,15361401.58634536,906.9,0.0,930.0,BID
577,1712694480.7952075,15361412.6129194,906.9,7.264819999232855e-10,930.0,BID
578,1712694508.3350384,15361460.60320813,906.9,3.161823500938883e-09,930.0,BID
579,1712694508.3405883,15362115.0550684,906.9,4.3118333453767686e-08,930.0,BID
580,1712694510.4249842,15362115.0550684,906.9,0.0,930.0,BID
581,1712694540.4653163,15362115.0550684,906.9,0.0,930.0,BID
582,1712694551.8801253,15362115.05506924,906.9,5.5344238239799604e-17,930.0,BID
583,1712694570.4858024,15362115.05506924,906.9,0.0,930.0,BID
584,1712694570.8946507,15362137.08392704,907.9,1.4513017738222492e-09,930.0,BID
585,1712694600.8045342,15362137.08392704,907.9,0.0,930.0,BID
586,1712694630.6959796,15362137.08392704,907.9,0.0,930.0,BID
587,1712694660.4271188,15362137.08392704,907.9,0.0,930.0,BID
588,1712694675.7659678,15362468.16661722,907.0,-2.181650483876035e-08,930.0,ASK
589,1712694675.8543754,15363166.0617735,907.0,4.5987402862000935e-08,930.0,BID
590,1712694690.4857433,15363166.0617735,907.0,0.0,930.0,BID
591,1712694713.77466,15363500.54686109,907.0,2.2039348494532885e-08,930.0,BID
592,1712694720.7044258,15363500.54686109,907.0,0.0,930.0,BID
593,1712694741.1448283,15363600.54686109,907.9,6.5889059815457595e-09,930.0,BID
594,1712694743.8550758,15363701.60800308,908.4,6.658823629605812e-09,930.0,BID
595,1712694744.5444229,15364101.60800308,908.7,2.635562392618304e-08,930.0,BID
596,1712694745.165131,15364461.44352862,909.2,2.3709224466073532e-08,930.0,BID
597,1712694745.1703973,15364764.72898971,909.2,1.998319388682821e-08,930.0,BID
598,1712694748.0748856,15364936.49397936,909.2,1.1317433677364926e-08,930.0,BID
599,1712694750.6948662,15364936.49397936,909.2,0.0,930.0,BID
600,1712694756.7148006,15364942.01531679,910.0,3.6376445010773005e-10,930.0,BID
601,1712694760.525269,15365184.60529642,910.0,1.5982651246282978e-08,930.0,BID
602,1712694760.5306098,15365355.49397936,910.0,1.1258726455018326e-08,930.0,BID
603,1712694766.2552075,15365522.28917936,911.2,1.0989033904919486e-08,930.0,BID
604,1712694780.4771166,15365522.28917936,911.2,0.0,930.0,BID
605,1712694800.0353334,15365527.78429106,910.5,3.6202389076616014e-10,930.0,BID
606,1712694810.4180467,15365527.78429106,910.5,0.0,930.0,BID
607,1712694840.7556689,15365527.78429106,910.5,0.0,930.0,BID
608,1712694854.6265588,15365782.97682836,910.1,1.6812354295365986e-08,930.0,BID
609,1712694854.6331894,15366858.55404479,910.1,7.086016474439484e-08,930.0,BID
610,1712694854.7257044,15367934.13128121,910.1,-7.08601660613511e-08,930.0,ASK
611,1712694854.7458637,15368974.68011008,910.1,-6.855245751957879e-08,930.0,ASK
612,1712694854.751539,15369704.5956611,910.1,-4.8087608592576303e-08,930.0,ASK
613,1712694854.7660124,15370725.16003317,910.1,-6.7235860366405e-08,930.0,ASK
614,1712694867.825896,15373021.16647259,910.1,-1.5126333290279218e-07,930.0,ASK
615,1712694870.6881902,15373021.16647259,910.1,-0.0,930.0,ASK
616,1712694872.1760027,15376179.96906249,910.1,-2.080117981517428e-07,930.0,ASK
617,1712694872.2758808,15376631.53469033,910.1,-2.9736260990386152e-08,930.0,ASK
618,1712694900.459548,15376631.53469033,910.1,-0.0,930.0,ASK
619,1712694930.456809,15376631.53469033,910.1,-0.0,930.0,ASK
620,1712694960.686544,15376631.53469033,910.1,-0.0,930.0,ASK
621,1712694990.706505,15376631.53469033,910.1,-0.0,930.0,ASK
622,1712694995.046943,15377777.97827987,909.6,7.551111102423995e-08,930.0,BID
623,1712695020.4367414,15377777.97827987,909.6,0.0,930.0,BID
624,1712695050.4673223,15377777.97827987,909.6,0.0,930.0,BID
625,1712695080.7169652,15377777.97827987,909.6,0.0,930.0,BID
626,1712695110.6970704,15377777.97827987,909.6,0.0,930.0,BID
627,1712695126.5872571,15377783.48433047,909.0,3.6263401610880435e-10,930.0,BID
628,1712695127.0271962,15377790.02743811,908.0,-4.3093563314460654e-10,930.0,ASK
629,1712695140.4581974,15377790.02743811,908.0,-0.0,930.0,ASK
630,1712695170.4401562,15377790.02743811,908.0,-0.0,930.0,ASK
631,1712695196.0781047,15377808.49467698,908.0,-1.2162700012412875e-09,930.0,ASK
632,1712695200.4901586,15377808.49467698,908.0,-0.0,930.0,ASK
633,1712695201.5577562,15377825.11519196,908.0,-1.0951415716353282e-09,930.0,ASK
634,1712695212.6175742,15378067.23151801,908.0,-1.5953275462510974e-08,930.0,ASK
635,1712695216.628025,15378082.18998149,908.0,-9.856274142999711e-10,930.0,ASK
636,1712695228.5276444,15378095.65259862,908.0,-8.870646726367844e-10,930.0,ASK
637,1712695230.4503105,15378095.65259862,908.0,-0.0,930.0,ASK
638,1712695246.9598663,15378107.76895404,908.0,-7.983444898408145e-10,930.0,ASK
639,1712695260.6974568,15378107.76895404,908.0,-0.0,930.0,ASK
640,1712695270.4977078,15378118.67367392,908.2,-7.18509520072848e-10,930.0,ASK
641,1712695277.038107,15378133.67367392,908.2,-9.883465985226426e-10,930.0,ASK
642,1712695290.7078354,15378133.67367392,908.2,-0.0,930.0,ASK
643,1712695300.8281355,15378408.67092394,909.1,1.8119478355843933e-08,930.0,BID
644,1712695310.6979823,15378481.30582175,908.0,-4.78588952667563e-09,930.0,ASK
645,1712695315.0978444,15378701.32782395,909.0,1.4497177358570025e-08,930.0,BID
646,1712695320.44108,15378701.32782395,909.0,0.0,930.0,BID
647,1712695327.8583205,15379111.32772395,909.0,-2.701384019905757e-08,930.0,ASK
648,1712695327.9678593,15380190.84159291,909.0,-7.112639575943673e-08,930.0,ASK
649,1712695331.128224,15380212.92365067,908.0,-1.454930061257413e-09,930.0,ASK
650,1712695343.6379604,15380237.76596566,908.0,-1.636796319390149e-09,930.0,ASK
651,1712695350.43108,15380237.76596566,908.0,-0.0,930.0,ASK
652,1712695363.3084033,15380895.24365743,908.0,-4.3315530420519735e-08,930.0,ASK
653,1712695363.314973,15381222.98764053,908.0,-2.1592222287919e-08,930.0,ASK
654,1712695380.6980948,15381222.98764053,908.0,-0.0,930.0,ASK
655,1712695405.837993,15381233.99116165,908.8,7.248843132563622e-10,930.0,BID
656,1712695410.6978147,15381233.99116165,908.8,0.0,930.0,BID
657,1712695440.4479873,15381233.99116165,908.8,0.0,930.0,BID
658,1712695470.4504738,15381233.99116165,908.8,0.0,930.0,BID
659,1712695470.9584985,15381239.54918385,908.8,3.6614829078583477e-10,930.0,BID
660,1712695470.9628043,15381255.99277578,909.1,1.0832617905713255e-09,930.0,BID
661,1712695500.46906,15381255.99277578,909.1,0.0,930.0,BID
662,1712695508.10807,15381493.75207578,908.0,-1.5666711297402133e-08,930.0,ASK
663,1712695516.8782942,15381658.40560941,908.0,-1.0849541428953448e-08,930.0,ASK
664,1712695519.0881736,15381857.10880941,908.0,-1.3093181500147508e-08,930.0,ASK
665,1712695530.4686687,15381857.10880941,908.0,-0.0,930.0,ASK
666,1712695533.6380782,15382093.48133166,908.0,-1.557477197852668e-08,930.0,ASK
667,1712695534.5780978,15382270.80659918,908.0,-1.1684101778688388e-08,930.0,ASK
668,1712695536.5482624,15382798.18129918,908.0,-3.4749135058392693e-08,930.0,ASK
669,1712695560.7095394,15382798.18129918,908.0,-0.0,930.0,ASK
670,1712695563.2890086,15382798.18133673,908.0,-2.474120852801679e-15,930.0,ASK
671,1712695563.295335,15382998.18129918,908.0,-1.317741338542136e-08,930.0,ASK
672,1712695563.3075774,15382998.18133673,908.0,-2.474120852801679e-15,930.0,ASK
673,1712695564.1294374,15383003.69405839,907.9,-3.6321712913330476e-10,930.0,ASK
674,1712695565.712428,15383009.20738731,907.8,-3.6325713969284977e-10,930.0,ASK
675,1712695566.5182202,15383014.72132363,907.7,-3.63297159579438e-10,930.0,ASK
676,1712695567.3383071,15383020.23586748,907.6,-3.6333718793399917e-10,930.0,ASK
677,1712695568.118076,15383143.04846736,906.9,-8.091763507092526e-09,930.0,ASK
678,1712695568.1235433,15383198.18133673,906.9,-3.6325437361100956e-09,930.0,ASK
679,1712695590.6982677,15383198.18133673,906.9,-0.0,930.0,ASK
680,1712695620.4985943,15383198.18133673,906.9,-0.0,930.0,ASK
681,1712695650.4379408,15383198.18133673,906.9,-0.0,930.0,ASK
682,1712695680.3781743,15383208.25714559,907.0,-6.63849740001126e-10,930.0,ASK
683,1712695680.7382412,15383208.25714559,907.0,-0.0,930.0,ASK
684,1712695710.6985075,15383208.25714559,907.0,-0.0,930.0,ASK
685,1712695740.4519708,15383208.25714559,907.0,-0.0,930.0,ASK
686,1712695770.469277,15383208.25714559,907.0,-0.0,930.0,ASK
687,1712695800.551063,15383208.25714559,907.0,-0.0,930.0,ASK
688,1712695830.4414237,15383208.25714559,907.0,-0.0,930.0,ASK
689,1712695860.7080722,15383208.25714559,907.0,-0.0,930.0,ASK
690,1712695864.9181256,15383545.33579727,908.3,2.222397601403738e-08,930.0,BID
691,1712695865.1783483,15383855.84479727,908.3,-2.0472208885698453e-08,930.0,ASK
692,1712695890.7080865,15383855.84479727,908.3,-0.0,930.0,ASK
693,1712695901.3480866,15384405.35002265,909.0,3.622809485429008e-08,930.0,BID
694,1712695920.431686,15384405.35002265,909.0,0.0,930.0,BID
695,1712695942.9686134,15384736.4847853,908.3,2.183052315596348e-08,930.0,BID
696,1712695950.4506888,15384736.4847853,908.3,0.0,930.0,BID
697,1712695980.7278297,15384736.4847853,908.3,0.0,930.0,BID
698,1712696010.7079265,15384736.4847853,908.3,0.0,930.0,BID
699,1712696021.1382787,15384742.20661628,908.3,3.772122442287469e-10,930.0,BID
700,1712696032.178041,15384747.95286849,907.2,-3.7882221598214166e-10,930.0,ASK
701,1712696040.478054,15384747.95286849,907.2,-0.0,930.0,ASK
702,1712696070.47096,15384747.95286849,907.2,-0.0,930.0,ASK
703,1712696072.2981005,15384758.96244682,908.3,7.258069862276344e-10,930.0,BID
704,1712696100.69815,15384758.96244682,908.3,0.0,930.0,BID
705,1712696130.6778896,15384758.96244682,908.3,0.0,930.0,BID
706,1712696132.428066,15384858.96244682,908.3,6.603178522781203e-09,930.0,BID
707,1712696160.427865,15384858.96244682,908.3,0.0,930.0,BID
708,1712696190.4505608,15384858.96244682,908.3,0.0,930.0,BID
709,1712696220.6876087,15384858.96244682,908.3,0.0,930.0,BID
710,1712696231.528359,15384969.16742808,907.4,-7.27698800864426e-09,930.0,ASK
711,1712696231.5375996,15386333.94491586,907.4,-9.011815345822137e-08,930.0,ASK
712,1712696250.717452,15386333.94491586,907.4,-0.0,930.0,ASK
713,1712696280.4576118,15386333.94491586,907.4,-0.0,930.0,ASK
714,1712696310.4348657,15386333.94491586,907.4,-0.0,930.0,ASK
715,1712696340.7275193,15386333.94491586,907.4,-0.0,930.0,ASK
716,1712696344.0077088,15386753.18481586,907.4,-2.7680546696536453e-08,930.0,ASK
717,1712696345.4975002,15387163.18481586,907.4,-2.7070477179342243e-08,930.0,ASK
718,1712696347.6776953,15389921.2100428,907.4,-1.821001438194281e-07,930.0,ASK
719,1712696348.2375274,15391027.28237993,907.4,-7.302903892922364e-08,930.0,ASK
720,1712696351.6376092,15391049.30881164,908.0,1.454307358378334e-09,930.0,BID
721,1712696369.377515,15391425.43243195,907.4,-2.4833770439474692e-08,930.0,ASK
722,1712696369.4184115,15391809.03089522,907.4,-2.5327301087812924e-08,930.0,ASK
723,1712696369.4256363,15391977.30881164,907.4,-1.1110642673760165e-08,930.0,ASK
724,1712696370.7073855,15391977.30881164,907.4,-0.0,930.0,ASK
725,1712696371.217522,15391999.33524335,908.0,1.4538158177781243e-09,930.0,BID
726,1712696379.4877522,15393014.51336054,908.0,6.700504303627038e-08,930.0,BID
727,1712696381.3175254,15393413.01526054,908.0,-2.630241581003569e-08,930.0,ASK
728,1712696400.61777,15393413.01526054,908.0,-0.0,930.0,ASK
729,1712696404.657451,15393413.01530942,908.0,-3.2270493095134992e-15,930.0,ASK
730,1712696416.2985034,15393523.14746801,908.0,7.270975748053417e-09,930.0,BID
731,1712696430.4574723,15393523.14746801,908.0,0.0,930.0,BID
732,1712696440.1610155,15393528.65821181,907.5,-3.638194375557717e-10,930.0,ASK
733,1712696440.1673698,15393841.26746801,907.4,-2.0638470573345842e-08,930.0,ASK
734,1712696440.823167,15393922.42569983,907.5,-5.3580684065105965e-09,930.0,ASK
735,1712696441.087842,15394081.50005967,907.5,-1.050209304244383e-08,930.0,ASK
736,1712696441.667416,15394491.50005967,907.5,-2.706820980916586e-08,930.0,ASK
737,1712696443.1678414,15394696.49995967,907.5,-1.3534098302591753e-08,930.0,ASK
738,1712696444.6576548,15394812.23755967,907.5,-7.640999121036302e-09,930.0,ASK
739,1712696447.5474632,15394812.23763031,907.5,-4.66358547531798e-15,930.0,ASK
740,1712696449.1074808,15394882.37536401,907.4,-4.6304948568886366e-09,930.0,ASK
741,1712696449.1148834,15394893.39586213,907.4,-7.275735496219602e-10,930.0,ASK
742,1712696451.3576295,15395209.39586213,907.2,-2.0862327560235152e-08,930.0,ASK
743,1712696460.7079654,15395209.39586213,907.2,-0.0,930.0,ASK
744,1712696462.1900756,15395375.51653266,907.2,-1.0966182842986137e-08,930.0,ASK
745,1712696462.2573192,15395506.80167157,907.2,-8.6665725178904e-09,930.0,ASK
746,1712696472.235324,15395577.27267157,907.2,-4.652027159868155e-09,930.0,ASK
747,1712696490.6973178,15395577.27267157,907.2,-0.0,930.0,ASK
748,1712696499.5679808,15395603.46130455,907.1,-1.728761446594351e-09,930.0,ASK
749,1712696499.5743032,15395613.46130455,907.1,-6.60119009615856e-10,930.0,ASK
750,1712696499.5789914,15395895.75683829,907.1,-1.863486481520177e-08,930.0,ASK
751,1712696499.5817049,15395935.11824276,907.1,-2.598321133532168e-09,930.0,ASK
752,1712696499.5872583,15396865.55944561,907.0,-6.14201925331796e-08,930.0,ASK
753,1712696499.589983,15397063.58419738,907.1,-1.3071990301742805e-08,930.0,ASK
754,1712696499.5927489,15397179.35597246,907.0,-7.642314950720734e-09,930.0,ASK
755,1712696503.257395,15397589.35597246,906.9,-2.706487939425009e-08,930.0,ASK
756,1712696505.867651,15397619.50742709,906.9,-1.990354836965102e-09,930.0,ASK
757,1712696505.87485,15397771.07397246,906.9,-1.0005195781994934e-08,930.0,ASK
758,1712696520.4372714,15397771.07397246,906.9,-0.0,930.0,ASK
759,1712696548.96259,15397771.07402294,906.9,-3.3318131676205575e-15,930.0,ASK
760,1712696550.4608889,15397771.07402294,906.9,-0.0,930.0,ASK
761,1712696560.4374895,15397776.59404058,906.7,-3.6433900161538825e-10,930.0,ASK
762,1712696560.4419785,15397782.11344949,906.8,-3.6429882339830005e-10,930.0,ASK
763,1712696560.4448626,15397804.18660572,906.7,-1.456899638173049e-09,930.0,ASK
764,1712696563.76747,15398266.27811564,906.7,-3.049953285271962e-08,930.0,ASK
765,1712696564.073669,15398612.04896833,906.7,-2.2821993598158225e-08,930.0,ASK
766,1712696564.0870402,15398958.01110681,906.7,-2.2834619078352132e-08,930.0,ASK
767,1712696565.217036,15399163.47760116,906.7,-1.3561452569522165e-08,930.0,ASK
768,1712696565.544889,15399642.89942134,906.7,-3.1643389330934054e-08,930.0,ASK
769,1712696580.687398,15399642.89942134,906.7,-0.0,930.0,ASK
770,1712696583.8776102,15399742.89942134,906.6,-6.59958385582119e-09,930.0,ASK
771,1712696591.730996,15400242.89942134,905.9,-3.299791927910595e-08,930.0,ASK
772,1712696591.927109,15401164.4895599,905.9,6.082111400125652e-08,930.0,BID
773,1712696592.9970713,15401264.4895599,905.9,6.59958385582119e-09,930.0,BID
774,1712696606.217023,15401314.4895599,905.9,3.299791927910595e-09,930.0,BID
775,1712696610.7371242,15401314.4895599,905.9,0.0,930.0,BID
776,1712696628.767041,15402314.4895599,905.8,-6.598924348172985e-08,930.0,ASK
777,1712696640.4203527,15402314.4895599,905.8,-0.0,930.0,ASK
778,1712696670.437176,15402314.4895599,905.8,-0.0,930.0,ASK
779,1712696698.7471926,15404522.48249432,905.8,1.4569507471545854e-07,930.0,BID
780,1712696700.7071514,15404522.48249432,905.8,0.0,930.0,BID
781,1712696730.7226882,15404522.48249432,905.8,0.0,930.0,BID
782,1712696742.737347,15404621.01459281,905.8,6.509250800383118e-09,930.0,BID
783,1712696750.868044,15404643.09452215,905.8,1.458649515610596e-09,930.0,BID
784,1712696755.7476616,15404985.02666934,905.8,2.258880239949624e-08,930.0,BID
785,1712696757.9975865,15406574.99940062,905.8,1.0503715471800605e-07,930.0,BID
786,1712696760.4513316,15406574.99940062,905.8,0.0,930.0,BID
787,1712696779.8982012,15406685.42340062,905.6,-7.293960560431187e-09,930.0,ASK
788,1712696780.0218272,15406685.42342888,905.6,-1.866692985325482e-15,930.0,ASK
789,1712696780.0286112,15406697.91845924,905.5,-8.253482816137101e-10,930.0,ASK
790,1712696780.0349364,15407352.71919417,905.4,-4.3252288773217297e-08,930.0,ASK
791,1712696781.686791,15407363.81864142,905.0,-7.331642621742688e-10,930.0,ASK
792,1712696781.6899853,15407587.45378517,905.0,-1.4772023458903989e-08,930.0,ASK
793,1712696781.7688692,15407587.45378543,905.0,-1.722495504518636e-17,930.0,ASK
794,1712696790.4601328,15407587.45378543,905.0,-0.0,930.0,ASK
795,1712696800.408763,15409796.29411664,905.0,1.458941793221228e-07,930.0,BID
796,1712696805.3489246,15409906.52339353,904.6,-7.280657484336955e-09,930.0,ASK
797,1712696805.7696774,15410062.79505671,904.6,1.0321762840325584e-08,930.0,BID
798,1712696805.8548057,15410443.54113019,904.6,2.5148325633008377e-08,930.0,BID
799,1712696807.899343,15412235.54113019,904.3,-1.1836182346509725e-07,930.0,ASK
800,1712696808.159693,15413053.04019025,904.3,5.399591486025797e-08,930.0,BID
801,1712696810.3295236,15413605.73884645,904.2,-3.6505815164331294e-08,930.0,ASK
802,1712696810.3348644,15415653.25908533,904.2,-1.352389671068841e-07,930.0,ASK
803,1712696813.0990736,15415660.39431533,904.1,-4.71282831344076e-10,930.0,ASK
804,1712696815.9096303,15417660.39431533,904.0,-1.3210024940301028e-07,930.0,ASK
805,1712696815.9165092,15421191.36776666,904.0,-2.332212367780106e-07,930.0,ASK
806,1712696819.3195758,15424436.01314307,904.0,-2.143092317240648e-07,930.0,ASK
1007,1712696819.3262374,15424546.55924079,904.0,-7.3015835396735395e-09,930.0,ASK
807,1712696819.3262374,15424546.55924079,904.0,-7.301583539673539e-09,930.0,ASK
808,1712696820.712071,15424546.55924079,904.0,-0.0,930.0,ASK
809,1712696828.1194973,15424561.55924079,903.8,-9.89749378932687e-10,930.0,ASK
810,1712696837.0398405,15425715.81614906,903.9,7.616167053923995e-08,930.0,BID
811,1712696839.0900683,15425749.03873906,903.0,-2.192135854565226e-09,930.0,ASK
812,1712696839.0968792,15427793.03873906,903.0,-1.348698487025608e-07,930.0,ASK
813,1712696842.6660645,15427935.31681214,903.0,9.387975631226553e-09,930.0,BID
814,1712696843.1297588,15428094.54281214,903.0,1.0506255640648637e-08,930.0,BID
815,1712696844.3790874,15428100.07489178,903.0,3.6502482578803836e-10,930.0,BID
816,1712696845.1298666,15428259.29989178,903.0,1.0506189657345892e-08,930.0,BID
817,1712696846.5469558,15428480.14817495,903.0,1.4572296740499633e-08,930.0,BID
818,1712696846.580086,15428583.30217495,903.0,6.806440495573099e-09,930.0,BID
1018,1712696846.580086,15428583.30217495,903.0,6.8064404955730994e-09,930.0,BID
819,1712696850.680085,15428583.30217495,903.0,0.0,930.0,BID
820,1712696863.2903275,15429337.33159733,903.0,4.974137621026057e-08,930.0,BID
821,1712696869.8806827,15429499.13979223,903.0,1.067406928368399e-08,930.0,BID
822,1712696871.4505155,15429555.20879223,903.0,3.698727317478791e-09,930.0,BID
823,1712696880.444106,15429555.20879223,903.0,0.0,930.0,BID
824,1712696891.2562778,15430131.37499672,902.5,-3.800599810785109e-08,930.0,ASK
825,1712696891.391861,15440658.95909672,902.5,6.944373659319172e-07,930.0,BID
826,1712696900.2745836,15440658.9591915,902.5,6.251953386021147e-15,930.0,BID
827,1712696905.6613417,15441673.36439879,903.0,6.691382120033745e-08,930.0,BID
828,1712696907.2444274,15442331.88815679,902.9,-4.3438598976275895e-08,930.0,ASK
829,1712696907.24805,15442331.88815777,902.9,-6.462792785644058e-17,930.0,ASK
830,1712696910.4751203,15442331.88815777,902.9,-0.0,930.0,ASK
831,1712696940.6920106,15442331.88815777,902.9,-0.0,930.0,ASK
832,1712696953.452084,15442885.90477777,902.5,-3.651715408477143e-08,930.0,ASK
833,1712696953.4723828,15442885.90477826,902.5,-3.2289402218401777e-17,930.0,ASK
834,1712696968.1928525,15442896.97897538,903.0,7.299386840827506e-10,930.0,BID
835,1712696970.722635,15442896.97897538,903.0,0.0,930.0,BID
836,1712696996.9530983,15443007.72094658,903.0,7.299141474478031e-09,930.0,BID
837,1712697000.4865377,15443007.72094658,903.0,0.0,930.0,BID
838,1712697021.513859,15443040.94353794,903.0,2.192441521717262e-09,930.0,BID
839,1712697030.4768913,15443040.94353794,903.0,0.0,930.0,BID
840,1712697031.163837,15443151.68550914,903.0,7.308123937490243e-09,930.0,BID
841,1712697060.7243578,15443151.68550914,903.0,0.0,930.0,BID
842,1712697079.745142,15445864.5915146,903.0,1.7902988601804749e-07,930.0,BID
843,1712697090.7148044,15445864.5915146,903.0,0.0,930.0,BID
844,1712697102.1448026,15445875.66571172,903.0,7.30689444747043e-10,930.0,BID
845,1712697120.4840844,15445875.66571172,903.0,0.0,930.0,BID
846,1712697131.545326,15445906.17719513,902.3,-2.013184696067098e-09,930.0,ASK
847,1712697150.4520602,15445906.17719513,902.3,-0.0,930.0,ASK
848,1712697180.736303,15445906.17719513,902.3,-0.0,930.0,ASK
849,1712697192.5564694,15450513.03213869,902.4,-3.0396532668248417e-07,930.0,ASK
850,1712697210.7364037,15450513.03213869,902.4,-0.0,930.0,ASK
851,1712697219.006323,15450644.04909967,903.0,8.642271789432641e-09,930.0,BID
852,1712697240.4368625,15450644.04909967,903.0,0.0,930.0,BID
853,1712697270.4758506,15450644.04909967,903.0,0.0,930.0,BID
854,1712697272.8872063,15451602.97902218,903.0,6.32534007943196e-08,930.0,BID
855,1712697272.967069,15453754.13347504,903.0,1.418954936988457e-07,930.0,BID
856,1712697272.987101,15455905.2879279,903.0,1.4189549369896852e-07,930.0,BID
857,1712697273.0269928,15456738.79811191,903.0,5.498040315330367e-08,930.0,BID
858,1712697284.2972624,15461876.8979435,903.0,3.389218339523106e-07,930.0,BID
859,1712697288.977757,15461987.6399147,903.0,7.304815633193471e-09,930.0,BID
860,1712697298.4979737,15462909.48162296,903.0,6.080697001178832e-08,930.0,BID
861,1712697298.5371888,15463247.75564289,903.0,2.231339502365832e-08,930.0,BID
862,1712697298.645081,15464333.02696065,903.0,7.158719320505028e-08,930.0,BID
863,1712697300.1326306,15467043.5806705,903.0,1.787948588932232e-07,930.0,BID
864,1712697300.461514,15467043.5806705,903.0,0.0,930.0,BID
865,1712697301.3896952,15467263.94722642,903.0,1.4566856898623262e-08,930.0,BID
866,1712697330.4618802,15467263.94722642,903.0,0.0,930.0,BID
867,1712697345.9080994,15467329.31863445,902.7,-4.321179393022832e-09,930.0,ASK
868,1712697360.7330086,15467329.31863445,902.7,-0.0,930.0,ASK
869,1712697385.158255,15467712.60538141,902.7,-2.533591338973776e-08,930.0,ASK
870,1712697388.4084167,15468421.01045724,902.7,-4.6826794269338643e-08,930.0,ASK
871,1712697388.4140155,15469725.11389641,902.7,-8.62034809398951e-08,930.0,ASK
872,1712697390.71829,15469725.11389641,902.7,-0.0,930.0,ASK
873,1712697420.480873,15469725.11389641,902.7,-0.0,930.0,ASK
874,1712697450.4608307,15469725.11389641,902.7,-0.0,930.0,ASK
875,1712697480.7089531,15469725.11389641,902.7,-0.0,930.0,ASK
876,1712697481.9094815,15469725.11389682,902.7,-2.708341899012015e-17,930.0,ASK
877,1712697481.9186213,15473197.28737041,902.5,-2.294838338576077e-07,930.0,ASK
878,1712697481.9590244,15476593.14802341,902.5,-2.2444014615752625e-07,930.0,ASK
879,1712697481.9689455,15476593.14802379,902.5,-2.511371579083869e-17,930.0,ASK
880,1712697482.6512468,15476615.32589027,901.8,-1.4657855850761406e-09,930.0,ASK
881,1712697482.6578836,15476621.32589027,901.8,-3.965536323628343e-10,930.0,ASK
1081,1712697482.6578836,15476621.32589027,901.8,-3.9655363236283426e-10,930.0,ASK
882,1712697482.663205,15476654.57794081,902.2,-2.1977035709469075e-09,930.0,ASK
883,1712697482.6665478,15477763.59424179,901.7,-7.3297407083869e-08,930.0,ASK
884,1712697510.709493,15477763.59424179,901.7,-0.0,930.0,ASK
885,1712697529.6198287,15477874.49587204,901.7,-7.326228371434937e-09,930.0,ASK
886,1712697529.6268322,15477874.49587359,901.7,-1.0249853287477303e-16,930.0,ASK
887,1712697540.4596095,15477874.49587359,901.7,-0.0,930.0,ASK
888,1712697541.2797382,15478992.99177022,901.7,7.388802329398885e-08,930.0,BID
889,1712697554.0901802,15479020.688912,901.7,1.8296777513024823e-09,930.0,BID
890,1712697554.4094052,15479280.59571604,901.7,1.7169486315542655e-08,930.0,BID
891,1712697570.4597263,15479280.59571604,901.7,0.0,930.0,BID
892,1712697570.869737,15479596.56371457,901.7,2.087114997218261e-08,930.0,BID
893,1712697570.876272,15479835.1038673,901.7,1.5756682085541392e-08,930.0,BID
894,1712697600.5032308,15479835.1038673,901.7,0.0,930.0,BID
895,1712697610.5822768,15479841.64849956,901.4,-4.3299784410769036e-10,930.0,ASK
896,1712697630.463905,15479841.64849956,901.4,-0.0,930.0,ASK
897,1712697631.4710407,15479946.04240734,901.4,-6.906777580451524e-09,930.0,ASK
898,1712697631.4765787,15479952.30544734,901.2,-4.1436732450575107e-10,930.0,ASK
1098,1712697631.4765787,15479952.30544734,901.2,-4.143673245057511e-10,930.0,ASK
899,1712697631.481236,15481989.1676143,901.1,-1.3476029634696964e-07,930.0,ASK
900,1712697631.4856195,15482028.15156256,901.1,-2.5792066373383517e-09,930.0,ASK
901,1712697631.4942985,15482028.15156406,901.1,-9.920334629357087e-17,930.0,ASK
902,1712697635.49726,15482039.24479306,901.0,-7.33936174803691e-10,930.0,ASK
903,1712697635.5012898,15482261.1957419,901.1,-1.4684437722565297e-08,930.0,ASK
904,1712697635.5049102,15484490.95156875,901.0,-1.475222825000324e-07,930.0,ASK
905,1712697635.5083368,15484940.95156875,901.0,-2.97723303715982e-08,930.0,ASK
906,1712697636.170463,15485008.05425525,900.8,-4.439563002900101e-09,930.0,ASK
907,1712697636.17782,15485068.44335382,900.8,-3.995387096581396e-09,930.0,ASK
908,1712697660.510316,15485068.44335382,900.8,-0.0,930.0,ASK
909,1712697664.7002757,15485443.83018082,901.1,2.4828131872916905e-08,930.0,BID
910,1712697690.4623504,15485443.83018082,901.1,0.0,930.0,BID
911,1712697720.7271135,15485443.83018082,901.1,0.0,930.0,BID
912,1712697720.8263383,15485693.83018082,900.2,-1.6534661467209116e-08,930.0,ASK
913,1712697721.240651,15486804.81784882,900.1,-7.347921993850715e-08,930.0,ASK
914,1712697721.280885,15486804.81784885,900.1,-1.971085246468677e-18,930.0,ASK
915,1712697736.4706907,15486838.15118218,900.0,-2.204621528755894e-09,930.0,ASK
916,1712697736.4744794,15487269.89115585,900.0,-2.8554697225972425e-08,930.0,ASK
917,1712697736.4910643,15487411.36909422,900.0,-9.357159264158033e-09,930.0,ASK
1118,1712697736.4967964,15487979.62912055,900.0,-3.758394864274085e-08,930.0,ASK
918,1712697736.4967964,15487979.62912055,900.0,-3.7583948642740853e-08,930.0,ASK
919,1712697736.6759562,15488090.74023166,900.0,-7.348738429802278e-09,930.0,ASK
920,1712697736.6821885,15488297.4845155,900.0,-1.3673786974303954e-08,930.0,ASK
921,1712697736.6877153,15489900.82209555,900.0,-1.060425764152084e-07,930.0,ASK
922,1712697736.730744,15490268.39040142,900.0,-2.4310470014455168e-08,930.0,ASK
923,1712697736.831363,15490712.88423406,899.9,-2.9398220187881963e-08,930.0,ASK
924,1712697736.840608,15490722.88423406,899.9,-6.613864586883644e-10,930.0,ASK
925,1712697736.8951235,15490838.08003406,900.0,7.618894221830335e-09,930.0,BID
926,1712697737.1205575,15490871.41336739,899.9,2.204621528755894e-09,930.0,BID
927,1712697746.0201344,15491077.1483935,899.9,1.360703603470271e-08,930.0,BID
928,1712697750.7313411,15491077.1483935,899.9,0.0,930.0,BID
929,1712697753.7235358,15496158.38973054,899.0,-3.359537666254882e-07,930.0,ASK
930,1712697755.162102,15502385.39415938,899.0,-4.117075836201139e-07,930.0,ASK
931,1712697755.8108582,15503561.67975151,899.0,7.777185712920659e-08,930.0,BID
932,1712697755.8144493,15503960.88972956,899.0,2.639435659602295e-08,930.0,BID
933,1712697755.817895,15504433.53840061,899.6,3.1249864117421075e-08,930.0,BID
934,1712697756.0812385,15504800.50197886,899.0,-2.4262338304672405e-08,930.0,ASK
935,1712697756.0889144,15504920.53172077,899.0,-7.935943449137658e-09,930.0,ASK
936,1712697771.0612018,15504926.19436707,899.0,-3.7439421336406975e-10,930.0,ASK
937,1712697771.0689068,15505541.85610177,899.0,-4.070538378723439e-08,930.0,ASK
938,1712697771.1409574,15505633.03439598,898.9,-6.028387423949748e-09,930.0,ASK
939,1712697771.1469328,15505739.64540877,899.0,-7.048744378583522e-09,930.0,ASK
940,1712697780.4727252,15505739.64540877,899.0,-0.0,930.0,ASK
941,1712697810.46479,15505739.64540877,899.0,-0.0,930.0,ASK
942,1712697840.711148,15505739.64540877,899.0,-0.0,930.0,ASK
943,1712697843.3014505,15505793.26817741,899.6,3.5422612351262e-09,930.0,BID
944,1712697870.711369,15505793.26817741,899.6,0.0,930.0,BID
945,1712697892.1918654,15508237.57736981,899.6,-1.614678676155642e-07,930.0,ASK
946,1712697892.1998322,15508333.45798341,899.6,-6.3337479038839725e-09,930.0,ASK
947,1712697899.721819,15508333.45798367,899.6,-1.722614625958739e-17,930.0,ASK
948,1712697899.72934,15508389.13727072,899.3,-3.6781008631249395e-09,930.0,ASK
949,1712697900.1278703,15508444.6555818,899.3,-3.6674670011131215e-09,930.0,ASK
950,1712697900.1342864,15509890.00263372,899.1,-9.547773545335109e-08,930.0,ASK
951,1712697900.2853055,15509952.09394623,899.0,-4.101670876770946e-09,930.0,ASK
1152,1712697900.2888377,15509952.09394659,899.1,-2.374747305785976e-17,930.0,ASK
952,1712697900.2888377,15509952.09394659,899.1,-2.3747473057859758e-17,930.0,ASK
953,1712697900.2923472,15510094.18752672,899.0,-9.386516017237982e-09,930.0,ASK
954,1712697900.452005,15510094.18752672,899.0,-0.0,930.0,ASK
955,1712697905.1822574,15510094.18752708,898.9,-2.3768687909034808e-17,930.0,ASK
956,1712697905.1886315,15510105.10567188,898.2,-7.218826822197353e-10,930.0,ASK
957,1712697905.194674,15510105.10567232,899.0,-2.906430231363842e-17,930.0,ASK
958,1712697905.1985545,15510110.67285477,898.3,-3.6808932947478444e-10,930.0,ASK
959,1712697905.3653357,15510127.15818282,898.2,-1.08997206452751e-09,930.0,ASK
960,1712697914.3316576,15510695.2791849,898.3,-3.7562857084065176e-08,930.0,ASK
961,1712697921.182937,15512471.2791849,898.4,-1.1742504490604145e-07,930.0,ASK
962,1712697921.190369,15513015.25782694,898.3,-3.596661963364703e-08,930.0,ASK
963,1712697921.2819204,15513349.20603265,898.3,2.2079889105824168e-08,930.0,BID
964,1712697921.302094,15513364.56510247,898.3,1.0155064544863452e-09,930.0,BID
965,1712697921.308381,15513408.18519036,898.3,2.884060123470369e-09,930.0,BID
966,1712697930.4756143,15513408.18519036,898.3,0.0,930.0,BID
967,1712697946.8018014,15514666.55607039,898.3,-8.318422109678408e-08,930.0,ASK
968,1712697960.7022364,15514666.55607039,898.3,-0.0,930.0,ASK
969,1712697990.721992,15514666.55607039,898.3,-0.0,930.0,ASK
970,1712698003.4127417,15515443.40081162,898.5,-5.13492463289899e-08,930.0,ASK
1171,1712698003.4207776,15515831.62896966,898.5,-2.566178576102509e-08,930.0,ASK
971,1712698003.4207776,15515831.62896966,898.5,-2.5661785761025092e-08,930.0,ASK
972,1712698003.426428,15518262.24689337,898.4,-1.6066324694239285e-07,930.0,ASK
973,1712698003.429988,15518768.48538659,898.3,-3.3462239891504816e-08,930.0,ASK
974,1712698005.2380996,15521840.18025222,898.3,2.030382751293019e-07,930.0,BID
975,1712698010.2782464,15522637.82340581,898.3,5.2724016270472266e-08,930.0,BID
976,1712698020.4918914,15522637.82340581,898.3,0.0,930.0,BID
977,1712698026.2727757,15522678.72385444,898.2,-2.702230508471582e-09,930.0,ASK
978,1712698026.281379,15523138.19240561,898.2,-3.0356389190202935e-08,930.0,ASK
979,1712698046.9025168,15523222.84683719,898.2,5.592989694766016e-09,930.0,BID
980,1712698046.9105022,15525446.21884449,898.3,1.46894810964317e-07,930.0,BID
981,1712698046.9149508,15525499.30127983,898.2,3.507075864565324e-09,930.0,BID
982,1712698050.442385,15525499.30127983,898.2,0.0,930.0,BID
983,1712698071.3924124,15525560.75140229,898.2,4.059226892951802e-09,930.0,BID
984,1712698080.7420783,15525560.75140229,898.2,0.0,930.0,BID
985,1712698089.772238,15525740.29025777,898.2,1.1859802131510332e-08,930.0,BID
986,1712698090.8328,15525754.24416045,898.1,-9.21753256628789e-10,930.0,ASK
987,1712698090.8400192,15526740.29025777,898.0,-6.513526877239645e-08,930.0,ASK
988,1712698100.3574684,15526746.28669508,898.2,3.9610679143674894e-10,930.0,BID
989,1712698110.7128725,15526746.28669508,898.2,0.0,930.0,BID
990,1712698113.1723716,15527300.84492264,898.2,3.662988896373485e-08,930.0,BID
991,1712698121.8031726,15527311.9807801,898.0,-7.35549852191762e-10,930.0,ASK
992,1712698121.810497,15527546.09403176,898.0,-1.546373669539422e-08,930.0,ASK
993,1712698121.8172264,15527553.28571176,898.1,-4.75027556608206e-10,930.0,ASK
994,1712698121.8213606,15528864.15457663,898.0,-8.658600410186482e-08,930.0,ASK
995,1712698125.5528083,15529332.63429863,898.0,3.0944199086475046e-08,930.0,BID
996,1712698139.6545646,15529556.63900963,898.0,1.479604355957644e-08,930.0,BID
997,1712698140.2489748,15531930.72316316,898.0,1.56813900890147e-07,930.0,BID
998,1712698140.2556422,15532022.81626317,898.0,6.0829681358926054e-09,930.0,BID
1198,1712698140.2556422,15532022.81626317,898.0,6.082968135892605e-09,930.0,BID
999,1712698140.262975,15534530.19442787,898.0,1.6561828713138305e-07,930.0,BID
1000,1712698140.3910666,15535552.14887566,898.2,6.75025201830415e-08,930.0,BID
1201,1712698140.4762,15535552.14887566,898.2,0.0,930.0,BID
1202,1712698140.893779,15537099.72134746,898.0,-1.0216747367025076e-07,930.0,ASK
1203,1712698140.8964472,15537109.27817736,898.0,-6.309217725983945e-10,930.0,ASK
1204,1712698140.897821,15538893.27817736,898.1,-1.177759209011972e-07,930.0,ASK
1205,1712698152.1325471,15539073.78810236,898.2,1.1916884892782826e-08,930.0,BID
1206,1712698170.4727235,15539073.78810236,898.2,0.0,930.0,BID
1207,1712698175.572637,15539073.7881028,898.2,2.90143683270456e-17,930.0,BID
1208,1712698199.1927109,15539129.40545541,899.0,3.670973959731003e-09,930.0,BID
1209,1712698200.5980065,15539129.40545541,899.0,0.0,930.0,BID
1210,1712698201.7528725,15539654.97165133,899.0,3.47721101532457e-08,930.0,BID
1211,1712698201.8329988,15540495.14643521,899.0,5.5587003806256666e-08,930.0,BID
1212,1712698201.8352938,15541214.96502436,899.0,4.762408896642419e-08,930.0,BID
1213,1712698230.4628274,15541214.96502436,899.0,0.0,930.0,BID
1214,1712698245.5327682,15544648.27186731,899.0,-2.271236570488624e-07,930.0,ASK
1215,1712698250.0235336,15545233.2952987,899.0,-3.8701073709466674e-08,930.0,ASK
1216,1712698250.6830034,15547152.98524592,899.0,-1.2699331028568885e-07,930.0,ASK
1217,1712698250.7829266,15550050.94337223,899.0,1.9170871632780706e-07,930.0,BID
1218,1712698260.702886,15550050.94337223,899.0,0.0,930.0,BID
1219,1712698290.7028708,15550050.94337223,899.0,0.0,930.0,BID
1220,1712698320.473323,15550050.94337223,899.0,0.0,930.0,BID
1221,1712698350.4731088,15550050.94337223,899.0,0.0,930.0,BID
1222,1712698380.506703,15550050.94337223,899.0,0.0,930.0,BID
1223,1712698410.47787,15550050.94337223,899.0,0.0,930.0,BID
1224,1712698440.7234793,15550050.94337223,899.0,0.0,930.0,BID
1225,1712698466.3333068,15550206.55309592,900.2,-1.028864843547788e-08,930.0,ASK
1226,1712698470.7033515,15550206.55309592,900.2,-0.0,930.0,ASK
1227,1712698490.0433445,15550413.73337684,901.6,1.3698278489201102e-08,930.0,BID
1228,1712698500.5035512,15550413.73337684,901.6,0.0,930.0,BID
1229,1712698530.478286,15550413.73337684,901.6,0.0,930.0,BID
1230,1712698539.453727,15551161.58039674,901.7,4.958963998734608e-08,930.0,BID
1231,1712698546.160768,15551168.34614651,901.6,4.48635999700478e-10,930.0,BID
1232,1712698556.9335845,15551242.06634888,901.6,4.888377165418324e-09,930.0,BID
1233,1712698557.7936907,15551416.56398685,901.7,1.157091599663571e-08,930.0,BID
1234,1712698560.7034702,15551416.56398685,901.7,0.0,930.0,BID
1235,1712698564.0837026,15551458.08365066,901.7,2.7529985120949963e-09,930.0,BID
1236,1712698590.7134411,15551458.08365066,901.7,0.0,930.0,BID
1237,1712698608.213714,15551881.55610578,901.6,-2.8078650882803417e-08,930.0,ASK
1238,1712698615.663689,15552064.81800578,901.6,1.21513143252074e-08,930.0,BID
1239,1712698618.153551,15552397.0780143,901.6,2.2030742894244136e-08,930.0,BID
1240,1712698619.3937626,15552562.2687143,901.6,1.0953090191141104e-08,930.0,BID
1241,1712698620.484362,15552562.2687143,901.6,0.0,930.0,BID
1242,1712698623.1337633,15552727.3976143,901.6,1.094826980650395e-08,930.0,BID
1243,1712698624.0736282,15552737.3976143,901.6,6.63013549200001e-10,930.0,BID
1244,1712698633.6546156,15552880.41329752,901.6,9.482133572218413e-09,930.0,BID
1245,1712698634.5739155,15553378.43891752,901.6,3.30197733909021e-08,930.0,BID
1246,1712698636.904256,15553600.26677909,901.6,1.4707487781085426e-08,930.0,BID
1247,1712698650.4941669,15553600.26677909,901.6,0.0,930.0,BID
1248,1712698653.024193,15553668.76822355,901.6,4.5414567901336915e-09,930.0,BID
1249,1712698653.027231,15554609.000142,901.6,6.233478233862965e-08,930.0,BID
1250,1712698659.723832,15554658.2947294,901.6,3.268095153697653e-09,930.0,BID
1251,1712698680.7239437,15554658.2947294,901.6,0.0,930.0,BID
1252,1712698681.5845327,15555666.0195715,901.6,6.680515208095507e-08,930.0,BID
1253,1712698710.7038682,15555666.0195715,901.6,0.0,930.0,BID
1254,1712698740.136275,15555811.0350715,901.7,9.612940608493296e-09,930.0,BID
1255,1712698740.4438658,15555811.0350715,901.7,0.0,930.0,BID
1256,1712698770.4640768,15555811.0350715,901.7,0.0,930.0,BID
1257,1712698781.3539329,15556031.66106297,901.7,1.462496194706874e-08,930.0,BID
1258,1712698788.9537802,15556040.57168197,901.7,-5.90671402451217e-10,930.0,ASK
1259,1712698800.473607,15556040.57168197,901.7,-0.0,930.0,ASK
1260,1712698830.4827652,15556040.57168197,901.7,-0.0,930.0,ASK
1261,1712698860.721963,15556040.57168197,901.7,-0.0,930.0,ASK
1262,1712698889.791412,15559887.62299351,902.0,2.5523793037452373e-07,930.0,BID
1263,1712698890.7119637,15559887.62299351,902.0,0.0,930.0,BID
1264,1712698895.2113729,15559898.69964393,902.8,7.34726512054663e-10,930.0,BID
1265,1712698907.051154,15559938.66288735,902.0,-2.6508062757221877e-09,930.0,ASK
1266,1712698920.4844663,15559938.66288735,902.0,-0.0,930.0,ASK
1267,1712698950.4744294,15559938.66288735,902.0,-0.0,930.0,ASK
1268,1712698962.4400926,15563006.33254089,902.5,2.034813102365191e-07,930.0,BID
1269,1712698962.4437947,15564854.33254089,902.5,1.22579515979857e-07,930.0,BID
1270,1712698980.7194626,15564854.33254089,902.5,0.0,930.0,BID
1271,1712699010.7089195,15564854.33254089,902.5,0.0,930.0,BID
1272,1712699040.10554,15565879.96611979,902.5,-6.801119180513445e-08,930.0,ASK
1273,1712699040.1465375,15566827.43871963,902.5,-6.282822836876007e-08,930.0,ASK
1274,1712699040.221064,15567853.07229681,902.5,-6.801119169100698e-08,930.0,ASK
1275,1712699040.2245765,15571013.45789981,902.5,-2.095695732333416e-07,930.0,ASK
1276,1712699040.2822833,15571138.51884163,902.1,-8.292965320528881e-09,930.0,ASK
1277,1712699040.4386356,15571138.51884163,902.1,-0.0,930.0,ASK
1278,1712699042.2718058,15571211.61061385,902.0,-4.844995159832663e-09,930.0,ASK
1279,1712699070.495664,15571211.61061385,902.0,-0.0,930.0,ASK
1280,1712699097.8180904,15573441.01647719,902.0,-1.4777878665105169e-07,930.0,ASK
1281,1712699100.4875865,15573441.01647719,902.0,-0.0,930.0,ASK
1282,1712699130.4600377,15573441.01647719,902.0,-0.0,930.0,ASK
1283,1712699157.0671687,15573452.10172272,902.1,-7.371948228092859e-10,930.0,ASK
1284,1712699157.0706806,15573494.32138124,902.0,-2.807706297512078e-09,930.0,ASK
1285,1712699160.7167604,15573494.32138124,902.0,-0.0,930.0,ASK
1286,1712699187.686489,15573919.34646124,902.0,-2.826507413253237e-08,930.0,ASK
1287,1712699187.6961536,15573938.71644845,902.0,-1.2881454535410131e-09,930.0,ASK
1288,1712699190.7362103,15573938.71644845,902.0,-0.0,930.0,ASK
1289,1712699220.4697928,15573938.71644845,902.0,-0.0,930.0,ASK
1290,1712699250.4501054,15573938.71644845,902.0,-0.0,930.0,ASK
1291,1712699277.465373,15573949.79064557,903.0,7.364380915180501e-10,930.0,BID
1292,1712699280.7153206,15573949.79064557,903.0,0.0,930.0,BID
1293,1712699289.065514,15574226.64557358,903.0,1.8410940046839505e-08,930.0,BID
1294,1712699310.7349434,15574226.64557358,903.0,0.0,930.0,BID
1295,1712699325.6749823,15574803.47954555,902.0,-3.8359003377260855e-08,930.0,ASK
1296,1712699325.684676,15574894.97430335,902.0,-6.084329103303771e-09,930.0,ASK
1297,1712699340.4679124,15574894.97430335,902.0,-0.0,930.0,ASK
1298,1712699341.055442,15574906.04850047,903.0,7.363958382262587e-10,930.0,BID
1299,1712699370.4787755,15574906.04850047,903.0,0.0,930.0,BID
1300,1712699375.0544932,15575018.15204421,903.0,7.454493293199618e-09,930.0,BID
1301,1712699394.2545197,15576584.54882377,903.0,1.0415990340878185e-07,930.0,BID
1302,1712699394.2586226,15578344.54882377,903.5,1.1703383995146065e-07,930.0,BID
1303,1712699394.2620945,15578737.25503529,903.0,2.6113588583533044e-08,930.0,BID
1304,1712699400.527387,15578737.25503529,903.0,0.0,930.0,BID
1305,1712699415.1341512,15578946.54153529,903.5,-1.3935004359818658e-08,930.0,ASK
1306,1712699425.1842291,15579089.39883529,903.5,-9.511923121370565e-09,930.0,ASK
1307,1712699426.244093,15579574.78170562,903.5,-3.231843627869369e-08,930.0,ASK
1308,1712699428.2540147,15579703.56880562,903.5,-8.575081526984682e-09,930.0,ASK
1309,1712699429.113957,15579926.56880562,903.5,-1.484809565952666e-08,930.0,ASK
1310,1712699430.4571776,15579926.56880562,903.5,-0.0,930.0,ASK
1311,1712699436.6037743,15580054.79870562,903.5,-8.537370440938538e-09,930.0,ASK
1312,1712699440.1740804,15580459.20675334,903.5,-2.69249318033986e-08,930.0,ASK
1313,1712699454.4875026,15580786.20675334,903.6,-2.177121041327702e-08,930.0,ASK
1314,1712699458.243919,15581088.20675334,903.6,-2.0106744785350645e-08,930.0,ASK
1315,1712699460.7135715,15581088.20675334,903.6,-0.0,930.0,ASK
1316,1712699461.2557356,15581566.01355334,903.6,-3.1809496932637574e-08,930.0,ASK
1317,1712699468.333795,15581566.01361554,903.6,-4.140855140072428e-15,930.0,ASK
1318,1712699468.3435469,15581709.94605334,903.5,-9.582154206885508e-09,930.0,ASK
1319,1712699474.4178915,15582160.94605334,903.5,-3.0024861757112814e-08,930.0,ASK
1320,1712699474.5033038,15588520.94605334,903.5,-4.234104673508591e-07,930.0,ASK
1321,1712699476.4033833,15588742.94605334,903.5,-1.4779421973567725e-08,930.0,ASK
1322,1712699484.0533838,15588991.94605334,903.5,-1.6576919240623258e-08,930.0,ASK
1323,1712699484.1132228,15589237.96757458,903.5,-1.6378630076540552e-08,930.0,ASK
1324,1712699485.6233375,15589367.21157458,903.5,-8.604286547589101e-09,930.0,ASK
1325,1712699490.7132263,15589367.21157458,903.5,-0.0,930.0,ASK
1326,1712699520.4864943,15589367.21157458,903.5,-0.0,930.0,ASK
1327,1712699534.443018,15589867.21157458,903.8,3.327041836144364e-08,930.0,BID
1328,1712699536.2630727,15603191.16445858,903.5,-8.865869733576733e-07,930.0,ASK
1329,1712699536.3029163,15603191.16445886,903.5,-1.8591295012148265e-17,930.0,ASK
1330,1712699537.1845903,15603301.90643006,903.0,-7.3688634240119795e-09,930.0,ASK
1331,1712699537.1887608,15604344.87331786,903.0,-6.939988938847921e-08,930.0,ASK
1332,1712699546.9530811,15604544.87331702,903.0,-1.3308167288679626e-08,930.0,ASK
1333,1712699546.9630938,15604544.87331786,903.0,-5.589782700319245e-17,930.0,ASK
1334,1712699550.4530518,15604544.87331786,903.0,-0.0,930.0,ASK
1335,1712699557.9147854,15604544.8733187,903.0,-5.584687005193925e-17,930.0,ASK
1336,1712699557.918397,15604858.87331786,903.0,-2.087477568237676e-08,930.0,ASK
1337,1712699557.992865,15606493.83906786,903.0,-1.0869281328317304e-07,930.0,ASK
1338,1712699558.1529,15606959.4513877,903.0,-3.095398967393796e-08,930.0,ASK
1339,1712699558.413127,15606981.60714265,902.7,-1.4729185219431494e-09,930.0,ASK
1340,1712699558.423041,15607157.85966721,902.1,-1.1717299119402477e-08,930.0,ASK
1341,1712699558.4265528,15607207.85966721,902.7,-3.324008875513316e-09,930.0,ASK
1342,1712699580.682675,15607207.85966721,902.7,-0.0,930.0,ASK
1343,1712699581.886937,15607318.63844199,902.7,-7.363415559797873e-09,930.0,ASK
1344,1712699610.6924806,15607318.63844199,902.7,-0.0,930.0,ASK
1345,1712699621.4224868,15607324.17738072,902.7,3.681683302591074e-10,930.0,BID
1346,1712699640.4524136,15607324.17738072,902.7,0.0,930.0,BID
1347,1712699644.3424344,15607355.32166235,902.7,2.070132007378245e-09,930.0,BID
1348,1712699670.462019,15607355.32166235,902.7,0.0,930.0,BID
1349,1712699700.472312,15607355.32166235,902.7,0.0,930.0,BID
1350,1712699730.4923315,15607355.32166235,902.7,0.0,930.0,BID
1351,1712699760.5310607,15607355.32166235,902.7,0.0,930.0,BID
1352,1712699790.4552526,15607355.32166235,902.7,0.0,930.0,BID
1353,1712699807.8414538,15607368.23634053,902.7,8.596308744020901e-10,930.0,BID
1354,1712699820.6913571,15607368.23634053,902.7,0.0,930.0,BID
1355,1712699850.4629934,15607379.314218,902.7,7.37368595074349e-10,930.0,BID
1356,1712699850.7010903,15607379.314218,902.7,0.0,930.0,BID
1357,1712699860.9013815,15607399.314218,902.7,1.3312443765601547e-09,930.0,BID
1358,1712699860.905222,15617623.60180234,902.7,6.805512675493351e-07,930.0,BID
1359,1712699864.4328651,15618203.11037906,902.7,-3.8573376696407386e-08,930.0,ASK
1360,1712699878.261351,15622956.58837869,902.7,-3.1640204280545617e-07,930.0,ASK
1361,1712699880.4760015,15622956.58837869,902.7,-0.0,930.0,ASK
1362,1712699897.7981398,15623277.34764382,903.0,2.1330483668624824e-08,930.0,BID
1363,1712699910.464467,15623277.34764382,903.0,0.0,930.0,BID
1364,1712699933.2658646,15623831.05749985,903.0,3.6820983319094696e-08,930.0,BID
1365,1712699940.7140994,15623831.05749985,903.0,0.0,930.0,BID
1366,1712699949.2028124,15623837.05749985,902.7,-3.9897890946133617e-10,930.0,ASK
1367,1712699949.20586,15623874.09682593,902.4,-2.462984987709661e-09,930.0,ASK
1368,1712699949.2088308,15624028.9160929,902.2,-1.0294937049962187e-08,930.0,ASK
1369,1712699958.2509782,15624049.381469,903.5,1.360875572987194e-09,930.0,BID
1370,1712699970.0513878,15625652.9160929,903.5,1.0662941592121448e-07,930.0,BID
1371,1712699970.0552795,15631578.9160929,903.7,3.940581695779797e-07,930.0,BID
1372,1712699970.0587003,15633605.00959397,903.5,1.3472809592051188e-07,930.0,BID
1373,1712699970.0619533,15635182.46270972,903.7,1.0489508730806061e-07,930.0,BID
1374,1712699970.7207155,15635182.46270972,903.7,0.0,930.0,BID
1375,1712699971.3506672,15635270.97786794,903.8,5.881934985879298e-09,930.0,BID
1376,1712699983.7611156,15635547.58773738,903.7,1.8381046830749032e-08,930.0,BID
1377,1712700000.540799,15635547.58773738,903.7,0.0,930.0,BID
1378,1712700030.5160525,15635547.58773738,903.7,0.0,930.0,BID
1379,1712700034.9605002,15635879.55631102,903.0,2.2128620213453024e-08,930.0,BID
1380,1712700042.0704331,15635924.37131102,903.0,2.987313238652241e-09,930.0,BID
1381,1712700060.696131,15635924.37131102,903.0,0.0,930.0,BID
1382,1712700078.8847926,15636145.85525343,903.0,1.4763514622919452e-08,930.0,BID
1383,1712700090.7102692,15636145.85525343,903.0,0.0,930.0,BID
1384,1712700099.6129012,15638092.30903192,903.0,1.297435625115965e-07,930.0,BID
1385,1712700099.614777,15638102.30903192,903.0,6.665637989730193e-10,930.0,BID
1386,1712700099.7714217,15638940.04864742,903.0,-5.584069006578588e-08,930.0,ASK
1387,1712700099.775749,15640646.36036528,903.0,-1.1373656208892073e-07,930.0,ASK
1388,1712700099.780775,15647220.05237413,903.0,-4.381785118697124e-07,930.0,ASK
1389,1712700120.4401023,15647220.05237413,903.0,-0.0,930.0,ASK
1390,1712700141.1604197,15647330.83114891,902.2,-7.379193393064568e-09,930.0,ASK
1391,1712700141.1638024,15648176.01188194,902.2,-5.629916104011006e-08,930.0,ASK
1392,1712700150.450019,15648176.01188194,902.2,-0.0,930.0,ASK
1393,1712700176.7400882,15652483.21026886,902.2,2.868945252146412e-07,930.0,BID
1394,1712700180.699861,15652483.21026886,902.2,0.0,930.0,BID
1395,1712700210.7498584,15652483.21026886,902.2,0.0,930.0,BID
1396,1712700240.472119,15652483.21026886,902.2,0.0,930.0,BID
1397,1712700261.9097683,15652505.3586631,903.0,1.4748818590966702e-09,930.0,BID
1398,1712700270.4495184,15652505.3586631,903.0,0.0,930.0,BID
1399,1712700275.619887,15654309.90688304,902.1,-1.2016635878803148e-07,930.0,ASK
1400,1712700275.628861,15654864.13765227,902.2,-3.690668541342216e-08,930.0,ASK
1401,1712700300.6896994,15654864.13765227,902.2,-0.0,930.0,ASK
1402,1712700310.7701273,15656106.91794627,902.2,-8.302843613235505e-08,930.0,ASK
1403,1712700310.7975452,15656106.91794689,902.2,-4.143877026973195e-17,930.0,ASK
1404,1712700310.869888,15656484.90558505,902.1,-2.52528323995578e-08,930.0,ASK
1405,1712700313.9809062,15656718.90558505,902.0,-1.5633217028610984e-08,930.0,ASK
1406,1712700316.9904983,15656908.07161308,902.0,-1.263792124203712e-08,930.0,ASK
1407,1712700316.9946349,15658614.83558505,902.0,-1.1402654525817557e-07,930.0,ASK
1408,1712700318.4722102,15660210.14558505,902.0,-1.0658045922188693e-07,930.0,ASK
1409,1712700318.5599124,15660221.23205955,902.0,-7.406720594908882e-10,930.0,ASK
1410,1712700318.5638845,15660830.93573931,902.0,-4.073346131985113e-08,930.0,ASK
1411,1712700318.5669909,15660941.80048432,902.0,-7.406720596402173e-09,930.0,ASK
1412,1712700329.095462,15660985.56789008,902.0,-2.9240399701633204e-09,930.0,ASK
1413,1712700330.0299685,15661235.32175838,901.7,-1.6685711225967253e-08,930.0,ASK
1414,1712700330.6898074,15661235.32175838,901.7,-0.0,930.0,ASK
1415,1712700331.399761,15661245.32175838,901.7,-6.678297842642837e-10,930.0,ASK
1416,1712700331.401972,15661326.08617438,901.7,-5.393688251342703e-09,930.0,ASK
1417,1712700331.477358,15661326.08617507,901.7,-4.602540660235751e-17,930.0,ASK
1418,1712700331.4793222,15661337.17756814,901.6,-7.40716264132578e-10,930.0,ASK
1419,1712700360.4697423,15661337.17756814,901.6,-0.0,930.0,ASK
1420,1712700386.1093664,15661721.09386814,901.6,-2.563891672418371e-08,930.0,ASK
1421,1712700390.4596033,15661721.09386814,901.6,-0.0,930.0,ASK
1422,1712700394.6809566,15661721.09393903,901.6,-4.734134365549773e-15,930.0,ASK
1423,1712700394.6829684,15662831.89654637,901.0,-7.418053680424634e-08,930.0,ASK
1424,1712700416.4593236,15662842.98547961,901.8,7.405303290982141e-10,930.0,BID
1425,1712700420.6892807,15662842.98547961,901.8,0.0,930.0,BID
1426,1712700450.739234,15662842.98547961,901.8,0.0,930.0,BID
1427,1712700472.1394086,15662935.14072568,901.8,6.153806391584407e-09,930.0,BID
1428,1712700472.144111,15663362.39213629,901.8,2.8530361249797842e-08,930.0,BID
1429,1712700472.2590263,15665416.39213629,901.8,-1.3715896671536845e-07,930.0,ASK
1430,1712700472.279707,15665549.12520194,901.8,-8.863451866357803e-09,930.0,ASK
1431,1712700472.284541,15665660.5313305,901.0,-7.439313280889879e-09,930.0,ASK
1432,1712700478.1993513,15665826.74534101,902.0,1.1099192763023572e-08,930.0,BID
1433,1712700480.4518137,15665826.74534101,902.0,0.0,930.0,BID
1434,1712700510.4784703,15665826.74534101,902.0,0.0,930.0,BID
1435,1712700540.7191815,15665826.74534101,902.0,0.0,930.0,BID
1436,1712700570.7287464,15665826.74534101,902.0,0.0,930.0,BID
1437,1712700576.84892,15665860.07867434,901.0,-2.225484047790242e-09,930.0,ASK
1438,1712700592.75918,15666780.87179187,901.0,-6.147631183698588e-08,930.0,ASK
1439,1712700592.7628052,15667905.52879087,901.0,-7.508718632238287e-08,930.0,ASK
1440,1712700592.766162,15667911.07867434,901.1,-3.705353139178443e-10,930.0,ASK
1441,1712700594.2387743,15668373.94867434,901.0,-3.0903294038843465e-08,930.0,ASK
1442,1712700595.7691228,15668491.64887434,901.0,-7.858197526435417e-09,930.0,ASK
1443,1712700600.4631438,15668491.64887434,901.0,-0.0,930.0,ASK
1444,1712700624.208738,15669313.57709999,901.0,-5.493122255152992e-08,930.0,ASK
1445,1712700630.4486508,15669313.57709999,901.0,-0.0,930.0,ASK
1446,1712700635.5122557,15670313.57709999,901.6,6.682883280951297e-08,930.0,BID
1447,1712700641.809059,15670692.16140896,901.0,-2.5300347488509225e-08,930.0,ASK
1448,1712700641.8128986,15672251.43582613,901.0,-1.0420448932916408e-07,930.0,ASK
1449,1712700641.8171985,15673272.54598687,901.0,-6.823960021219455e-08,930.0,ASK
1450,1712700658.1286995,15674272.54598687,901.0,6.682883280951297e-08,930.0,BID
1451,1712700660.6985528,15674272.54598687,901.0,0.0,930.0,BID
1452,1712700661.9187677,15674383.60773687,900.4,-7.419911289029835e-09,930.0,ASK
1453,1712700662.0724542,15674383.6077372,900.4,-2.202609929452871e-17,930.0,ASK
1454,1712700669.8287928,15675652.8143156,900.4,8.479427182762676e-08,930.0,BID
1455,1712700672.1794991,15675661.3272056,900.1,-5.687366587714011e-10,930.0,ASK
1456,1712700672.1829937,15676747.75109317,900.0,-7.258276470543118e-08,930.0,ASK
1457,1712700672.186372,15676753.30714249,900.1,-3.7119344038816656e-10,930.0,ASK
1458,1712700672.1897793,15677864.4182536,900.0,-7.423209049620321e-08,930.0,ASK
1459,1712700672.2185369,15677864.41825491,900.0,-8.748219098335414e-17,930.0,ASK
1460,1712700690.7031212,15677864.41825491,900.0,-0.0,930.0,ASK
1461,1712700696.6385386,15678864.41825491,900.0,6.679445324016589e-08,930.0,BID
1462,1712700708.6787577,15679864.41825491,900.0,6.679445324016589e-08,930.0,BID
1463,1712700720.468783,15679864.41825491,900.0,0.0,930.0,BID
1464,1712700722.1700156,15681054.60374915,899.5,-7.948823247071394e-08,930.0,ASK
1465,1712700722.1730795,15681144.22497476,899.8,-5.985481128867691e-09,930.0,ASK
1466,1712700722.2709217,15682442.70732002,899.5,-8.672099182735062e-08,930.0,ASK
1467,1712700722.2739956,15684660.98593581,899.5,-1.4815089509154846e-07,930.0,ASK
1468,1712700726.09895,15684760.98593581,899.3,-6.678642350741021e-09,930.0,ASK
1469,1712700726.1041896,15684860.98593581,899.2,-6.678642350741021e-09,930.0,ASK
1470,1712700726.1093712,15684877.67169748,899.0,-1.1143823455374015e-09,930.0,ASK
1471,1712700726.1136875,15684900.90493581,899.0,-1.551664894563383e-09,930.0,ASK
1472,1712700726.1165192,15685000.90493581,899.4,-6.678642350741021e-09,930.0,ASK
1473,1712700726.1188774,15685100.90493581,899.1,-6.678642350741021e-09,930.0,ASK
1474,1712700742.4589972,15685212.13964103,899.0,-7.428968131481091e-09,930.0,ASK
1475,1712700742.4633863,15685389.78148612,899.0,-1.1864063498839522e-08,930.0,ASK
1476,1712700742.4668317,15686219.23346529,898.9,-5.5396131159881976e-08,930.0,ASK
1477,1712700742.4703193,15686319.23346529,899.0,-6.678642350741021e-09,930.0,ASK
1478,1712700742.473736,15686330.35693581,899.0,-7.428968130610295e-10,930.0,ASK
1479,1712700745.1688569,15686363.69397325,899.9,2.2264615009762367e-09,930.0,BID
1480,1712700750.460724,15686363.69397325,899.9,0.0,930.0,BID
1481,1712700780.7183435,15686363.69397325,899.9,0.0,930.0,BID
1482,1712700793.5387228,15686369.69397325,899.0,4.0056216634522976e-10,930.0,BID
1483,1712700796.728728,15686397.21286797,900.0,1.837171347342149e-09,930.0,BID
1484,1712700796.7334895,15686822.44300215,899.9,2.8388517290389955e-08,930.0,BID
1485,1712700796.7381222,15686925.41118569,899.0,6.874193110556441e-09,930.0,BID
1486,1712700801.379017,15688210.94842621,898.6,-8.582293033003467e-08,930.0,ASK
1487,1712700801.3812385,15688244.32254621,898.9,-2.2280683012276684e-09,930.0,ASK
1488,1712700801.3840504,15689356.66959849,899.0,-7.426069083149188e-08,930.0,ASK
1489,1712700801.387569,15690739.26656203,898.9,-9.23026724829678e-08,930.0,ASK
1490,1712700810.719723,15690739.26656203,898.9,-0.0,930.0,ASK
1491,1712700818.0987551,15690839.26656203,898.4,-6.674283473519449e-09,930.0,ASK
1492,1712700818.1034102,15691321.1756302,898.4,-3.2163977294324294e-08,930.0,ASK
1493,1712700832.288488,15691326.73242059,899.8,3.708759425991919e-10,930.0,BID
1494,1712700840.4830332,15691326.73242059,899.8,0.0,930.0,BID
1495,1712700865.878787,15691360.6098263,899.8,2.2609944447866593e-09,930.0,BID
1496,1712700870.4422374,15691360.6098263,899.8,0.0,930.0,BID
1497,1712700900.5036068,15691360.6098263,899.8,0.0,930.0,BID
1498,1712700922.3590918,15691374.50180229,899.7,9.327073862039428e-10,930.0,BID
1499,1712700930.4488091,15691374.50180229,899.7,0.0,930.0,BID
1500,1712700931.3749623,15692778.50180229,898.5,-9.42644928497748e-08,930.0,ASK
1501,1712700960.3078222,15693956.69611131,898.5,-7.910390955719392e-08,930.0,ASK
1502,1712700960.6989305,15693956.69611131,898.5,-0.0,930.0,ASK
1503,1712700966.0192418,15694505.48391131,898.5,-3.68398480458878e-08,930.0,ASK
1504,1712700969.0892165,15694561.13840819,898.4,-3.736058287268732e-09,930.0,ASK
1505,1712700969.092111,15694571.13840819,898.5,-6.712949530938374e-10,930.0,ASK
1506,1712700969.0947711,15694792.67682779,898.4,-1.4871762299425163e-08,930.0,ASK
1507,1712700969.0974455,15694792.67691131,898.5,-5.606598109337422e-15,930.0,ASK
1508,1712700970.489247,15695391.67691131,898.4,-4.021056769032087e-08,930.0,ASK
1509,1712700973.0194893,15695713.11815288,898.4,-2.157818831820352e-08,930.0,ASK
1510,1712700983.0991948,15696368.92355288,898.4,-4.4023885523227946e-08,930.0,ASK
1511,1712700987.2694368,15697537.59967029,899.4,7.845263794179764e-08,930.0,BID
1512,1712700987.274203,15697734.59967029,899.1,1.3224510575948596e-08,930.0,BID
1513,1712700990.7249885,15697734.59967029,899.1,0.0,930.0,BID
1514,1712700998.5090802,15698736.3806142,898.4,-6.723372435250819e-08,930.0,ASK
1515,1712701019.219424,15701967.25062778,899.0,2.168372489335242e-07,930.0,BID
1516,1712701019.229251,15716138.43973975,899.0,9.510879881396812e-07,930.0,BID
1517,1712701019.5192485,15716425.36531013,899.0,1.9256779464468482e-08,930.0,BID
