,time,acc_trade_volume,trade_price,dev,high,ask_bid
0,1712689619.174822,51480016.74654721,1779.0,0.0,1838.0,BID
1,1712689620.224804,51480016.74654721,1779.0,0.0,1838.0,BID
2,1712689650.246781,51480016.74654721,1779.0,0.0,1838.0,BID
3,1712689651.585894,51480578.86009414,1778.0,5.999455197430809e-09,1838.0,BID
4,1712689651.5876226,51480750.9778005,1778.0,1.837017580639796e-09,1838.0,BID
5,1712689651.5892131,51481054.39073804,1779.0,3.238335626340954e-09,1838.0,BID
6,1712689651.590788,51483302.84492578,1778.0,2.39978207899618e-08,1838.0,BID
7,1712689657.994969,51483761.26981907,1777.0,4.89278300389447e-09,1838.0,BID
8,1712689663.4949696,51484072.31148743,1774.0,-3.3197573053052313e-09,1838.0,ASK
9,1712689663.5548844,51485146.07196043,1774.0,-1.1460278596208726e-08,1838.0,ASK
10,1712689663.5750637,51485146.07196112,1774.0,-7.395385683032364e-18,1838.0,ASK
11,1712689680.2451067,51485146.07196112,1774.0,-0.0,1838.0,ASK
12,1712689699.3449757,51485258.8115327,1774.0,1.203155880475584e-09,1838.0,BID
13,1712689706.988874,51485314.99130798,1770.0,-5.995501495052362e-10,1838.0,ASK
14,1712689710.2247458,51485314.99130798,1770.0,-0.0,1838.0,ASK
15,1712689721.3851233,51485382.96743659,1770.0,-7.254384274042908e-10,1838.0,ASK
16,1712689740.334779,51485382.96743659,1770.0,-0.0,1838.0,ASK
17,1712689748.565215,51486376.49094859,1774.0,1.0602828131649152e-08,1838.0,BID
18,1712689749.6550684,51486376.49094933,1774.0,7.951218526403035e-18,1838.0,BID
19,1712689770.344896,51486376.49094933,1774.0,0.0,1838.0,BID
20,1712689775.0349672,51486382.12157996,1776.0,6.008864931759986e-11,1838.0,BID
21,1712689776.725026,51486609.41830363,1774.0,-2.425652475508356e-09,1838.0,ASK
22,1712689791.1251328,51486767.74827544,1770.0,-1.689656946450093e-09,1838.0,ASK
23,1712689791.126771,51487064.67170051,1770.0,-3.168690817125161e-09,1838.0,ASK
24,1712689799.106285,51487350.8562197,1770.0,-3.0540879614229047e-09,1838.0,ASK
25,1712689799.1079724,51489094.70793587,1770.0,-1.860993930717993e-08,1838.0,ASK
26,1712689800.2348003,51489094.70793587,1770.0,-0.0,1838.0,ASK
27,1712689830.2349355,51489094.70793587,1770.0,-0.0,1838.0,ASK
28,1712689842.3449762,51489362.35949299,1770.0,-2.856263248463883e-09,1838.0,ASK
29,1712689842.3466046,51489515.3100443,1770.0,-1.632223041259843e-09,1838.0,ASK
30,1712689844.414884,51489656.09045344,1770.0,-1.502348475181732e-09,1838.0,ASK
31,1712689860.3450198,51489656.09045344,1770.0,-0.0,1838.0,ASK
32,1712689863.7349513,51489709.05723528,1770.0,5.65232908748756e-10,1838.0,BID
33,1712689864.1451783,51489717.45119163,1769.0,-8.957577179251975e-11,1838.0,ASK
34,1712689883.8881474,51490027.19874182,1769.0,-3.30545867984565e-09,1838.0,ASK
35,1712689889.8386817,51490113.5711014,1769.0,-9.217192047865235e-10,1838.0,ASK
36,1712689890.345034,51490113.5711014,1769.0,-0.0,1838.0,ASK
37,1712689911.0957766,51490158.7717794,1769.0,-4.82353074140646e-10,1838.0,ASK
38,1712689911.0971804,51490262.76567183,1769.0,-1.1097571079801712e-09,1838.0,ASK
39,1712689911.098567,51491043.65812519,1769.0,-8.333190829690621e-09,1838.0,ASK
40,1712689911.1000085,51491346.89049421,1767.0,-3.2359042348261427e-09,1838.0,ASK
41,1712689911.1013846,51491368.54501236,1766.0,-2.3108333457395247e-10,1838.0,ASK
42,1712689911.1027608,51491933.83613728,1769.0,-6.032429687301072e-09,1838.0,ASK
43,1712689911.1040928,51492393.83613728,1765.0,-4.908829333846598e-09,1838.0,ASK
44,1712689911.1047158,51492826.8629886,1769.0,-4.620988934993131e-09,1838.0,ASK
45,1712689911.105342,51495927.42504952,1765.0,-3.3087239121886225e-08,1838.0,ASK
46,1712689920.2257628,51495927.42504952,1765.0,-0.0,1838.0,ASK
47,1712689930.8549917,51495931.94482353,1770.0,4.8226886973564255e-11,1838.0,BID
48,1712689936.7870586,51497631.66153741,1764.0,-1.8136315139797804e-08,1838.0,ASK
49,1712689936.7894046,51500112.03962439,1765.0,-2.6466127139988617e-08,1838.0,ASK
50,1712689936.7912192,51501592.84426456,1764.0,-1.580047980660175e-08,1838.0,ASK
51,1712689936.7927172,51503287.75951879,1763.0,-1.808508261111164e-08,1838.0,ASK
52,1712689936.7940898,51510433.47623267,1764.0,-7.624621748126927e-08,1838.0,ASK
53,1712689936.7955446,51512129.34960745,1763.0,-1.80953059478476e-08,1838.0,ASK
54,1712689936.7969458,51515528.78303521,1765.0,-3.62726302796751e-08,1838.0,ASK
55,1712689936.798339,51521846.70883053,1763.0,-6.741352386449035e-08,1838.0,ASK
56,1712689936.7997854,51527304.42554441,1764.0,-5.823492200711033e-08,1838.0,ASK
57,1712689936.801189,51528999.34079864,1763.0,-1.808508261111164e-08,1838.0,ASK
58,1712689936.80262,51529956.14079864,1764.0,-1.0209246155068601e-08,1838.0,ASK
59,1712689936.804149,51531923.04598593,1763.0,-2.098726925229381e-08,1838.0,ASK
60,1712689950.234868,51531923.04598593,1763.0,-0.0,1838.0,ASK
61,1712689959.425192,51531928.70529549,1767.0,6.034507766147161e-11,1838.0,BID
62,1712689980.334848,51531928.70529549,1767.0,0.0,1838.0,BID
63,1712689983.095003,51531956.81097283,1763.0,-2.996901094815568e-10,1838.0,ASK
64,1712689988.2550557,51531961.34098415,1766.0,4.830339334716423e-11,1838.0,BID
65,1712689988.885488,51532434.28071755,1763.0,-5.042944126441527e-09,1838.0,ASK
66,1712689988.8864696,51532515.17706046,1763.0,-8.62595608956587e-10,1838.0,ASK
67,1712689993.19505,51532885.91418367,1763.0,-3.953160341344894e-09,1838.0,ASK
68,1712689994.0249696,51532889.81503352,1765.0,4.159466089391904e-11,1838.0,BID
69,1712689998.8652136,51533003.12948111,1765.0,1.2082690193986552e-09,1838.0,BID
70,1712689998.86719,51533406.98717747,1761.0,-4.306324154962814e-09,1838.0,ASK
71,1712689998.869133,51534073.8334098,1760.0,-7.110564101681986e-09,1838.0,ASK
72,1712689998.8710532,51534386.96548011,1760.0,-3.338919154491228e-09,1838.0,ASK
73,1712690010.3456953,51534386.96548011,1760.0,-0.0,1838.0,ASK
74,1712690011.0751755,51534453.50957742,1760.0,-7.09525223522365e-10,1838.0,ASK
75,1712690011.0768504,51534618.54140811,1760.0,-1.7596488837358502e-09,1838.0,ASK
76,1712690016.9154284,51534625.34027496,1765.0,7.249279377935559e-11,1838.0,BID
77,1712690032.9451892,51534743.25940399,1760.0,-1.2573105618937414e-09,1838.0,ASK
78,1712690032.9469278,51534760.28666548,1761.0,-1.8155286496319566e-10,1838.0,ASK
79,1712690040.2249303,51534760.28666548,1761.0,-0.0,1838.0,ASK
80,1712690046.9687898,51534767.08553233,1765.0,7.24922858782918e-11,1838.0,BID
81,1712690070.2148912,51534767.08553233,1765.0,0.0,1838.0,BID
82,1712690075.7549508,51534770.48496575,1765.0,3.6246138222051825e-11,1838.0,BID
83,1712690100.265204,51534770.48496575,1765.0,0.0,1838.0,BID
84,1712690106.185183,51534773.88439917,1765.0,3.6246431333329507e-11,1838.0,BID
85,1712690112.585295,51534827.80602899,1765.0,5.74938941825247e-10,1838.0,BID
86,1712690130.2148354,51534827.80602899,1765.0,0.0,1838.0,BID
87,1712690134.6054585,51534831.20546241,1765.0,3.62463922328172e-11,1838.0,BID
88,1712690160.3482635,51534831.20546241,1765.0,0.0,1838.0,BID
89,1712690162.315201,51534834.60489583,1765.0,3.624638991395867e-11,1838.0,BID
90,1712690170.1649387,51534956.55620834,1764.0,-1.300303397321462e-09,1838.0,ASK
91,1712690170.245143,51534964.41697065,1764.0,-8.381521872045506e-11,1838.0,ASK
92,1712690189.8752804,51534967.82026049,1763.0,3.628750891953898e-11,1838.0,BID
93,1712690190.3851016,51534967.82026049,1763.0,0.0,1838.0,BID
94,1712690195.3153014,51535138.17801177,1761.0,-1.8164314019483875e-09,1838.0,ASK
95,1712690219.2151885,51535142.71058967,1765.0,4.832839580969616e-11,1838.0,BID
96,1712690220.225032,51535142.71058967,1765.0,0.0,1838.0,BID
97,1712690220.6853688,51535313.06834094,1761.0,-1.8164254366636603e-09,1838.0,ASK
98,1712690247.8757718,51535317.60091884,1765.0,4.8328237018617496e-11,1838.0,BID
99,1712690250.264933,51535317.60091884,1765.0,0.0,1838.0,BID
100,1712690280.335033,51535317.60091884,1765.0,0.0,1838.0,BID
101,1712690298.9650588,51535430.91536643,1765.0,1.2082019601632375e-09,1838.0,BID
102,1712690310.355826,51535430.91536643,1765.0,0.0,1838.0,BID
103,1712690340.225,51535430.91536643,1765.0,0.0,1838.0,BID
104,1712690344.6280792,51535487.57259022,1764.0,6.04099691694365e-10,1838.0,BID
105,1712690352.2952986,51535544.22981401,1765.0,6.040996917738059e-10,1838.0,BID
106,1712690366.3652904,51535944.39650845,1762.0,-4.266721180366244e-09,1838.0,ASK
107,1712690370.23509,51535944.39650845,1762.0,-0.0,1838.0,ASK
108,1712690381.0956156,51536388.83282804,1765.0,4.7386941137376654e-09,1838.0,BID
109,1712690381.0982792,51536491.68546029,1765.0,1.0966411644669714e-09,1838.0,BID
110,1712690393.4852576,51536606.69565859,1765.0,1.2262682540979371e-09,1838.0,BID
111,1712690400.254982,51536606.69565859,1765.0,0.0,1838.0,BID
112,1712690423.285552,51536609.91941859,1762.0,-3.437824849821445e-11,1838.0,ASK
113,1712690423.288089,51538061.46875035,1762.0,-1.5479354422678642e-08,1838.0,ASK
114,1712690423.365149,51538465.35608922,1762.0,4.307063582607555e-09,1838.0,BID
115,1712690430.235091,51538465.35608922,1762.0,0.0,1838.0,BID
116,1712690433.0686884,51538520.08251949,1765.0,5.835834907725985e-10,1838.0,BID
117,1712690438.9454155,51539077.68064868,1762.0,-5.946031215504217e-09,1838.0,ASK
118,1712690454.9652183,51539177.68064868,1764.0,1.066364986578486e-09,1838.0,BID
119,1712690460.345003,51539177.68064868,1764.0,0.0,1838.0,BID
120,1712690463.3350286,51539268.06349768,1764.0,9.63798152282936e-10,1838.0,BID
121,1712690471.3454354,51539472.56596239,1765.0,2.180713484983752e-09,1838.0,BID
122,1712690471.3480368,51539762.31888177,1764.0,3.089782313888312e-09,1838.0,BID
123,1712690482.2655342,51539962.31888177,1764.0,2.1327014205509966e-09,1838.0,BID
124,1712690490.3450334,51539962.31888177,1764.0,0.0,1838.0,BID
125,1712690511.5754828,51540194.76735673,1762.0,-2.478679374569275e-09,1838.0,ASK
126,1712690511.5783534,51540465.73403003,1762.0,-2.8894123931049303e-09,1838.0,ASK
127,1712690514.7455986,51541754.17067003,1762.0,1.3739050452284177e-08,1838.0,BID
128,1712690514.8254497,51543457.7481828,1762.0,1.8165842751338372e-08,1838.0,BID
129,1712690514.844987,51545101.52821759,1762.0,1.7528201332722877e-08,1838.0,BID
130,1712690516.6553545,51545104.92765101,1765.0,3.624934731306975e-11,1838.0,BID
131,1712690520.2250855,51545104.92765101,1765.0,0.0,1838.0,BID
132,1712690527.5760105,51545114.92765101,1764.0,1.0662319462631708e-10,1838.0,BID
133,1712690539.6853874,51545674.99485902,1764.0,5.971615492314605e-09,1838.0,BID
134,1712690540.7653162,51547377.60552871,1763.0,-1.8153778880771712e-08,1838.0,ASK
135,1712690540.767444,51547456.39902873,1763.0,-8.40121468803847e-10,1838.0,ASK
136,1712690549.295257,51547648.39902873,1764.0,2.0471653368252883e-09,1838.0,BID
137,1712690549.305061,51548313.1463062,1764.0,7.087747834283221e-09,1838.0,BID
138,1712690550.2458143,51548313.1463062,1764.0,0.0,1838.0,BID
139,1712690556.485703,51550013.8265783,1765.0,1.8132102595714512e-08,1838.0,BID
140,1712690556.505164,51550133.80258309,1765.0,1.2791453300469036e-09,1838.0,BID
141,1712690556.5072768,51550817.51720135,1765.0,7.289543959474619e-09,1838.0,BID
142,1712690580.3353093,51550817.51720135,1765.0,0.0,1838.0,BID
143,1712690598.8251493,51550930.63937329,1768.0,1.2060151467907006e-09,1838.0,BID
144,1712690605.5754,51551228.03509929,1768.0,3.17058755153131e-09,1838.0,BID
145,1712690605.6753936,51551509.45105329,1768.0,3.000224423367824e-09,1838.0,BID
146,1712690605.6779764,51551509.45105353,1768.0,2.5418219323911868e-18,1838.0,BID
147,1712690610.3350255,51551509.45105353,1768.0,0.0,1838.0,BID
148,1712690612.965238,51551851.85105353,1769.0,3.65033833421411e-09,1838.0,BID
149,1712690640.215144,51551851.85105353,1769.0,0.0,1838.0,BID
150,1712690668.0052347,51551896.17225588,1768.0,-4.725068318927035e-10,1838.0,ASK
151,1712690668.0077455,51551950.33465431,1768.0,-5.774234887666236e-10,1838.0,ASK
152,1712690668.4250095,51553095.83499031,1769.0,1.2212140148823362e-08,1838.0,BID
153,1712690668.4649093,51553907.48889775,1769.0,8.653014720734957e-09,1838.0,BID
154,1712690668.4852445,51555899.20803175,1769.0,2.1233649993064323e-08,1838.0,BID
155,1712690668.7649543,51555936.77703175,1769.0,4.005218320865713e-10,1838.0,BID
156,1712690669.1150312,51555946.16927549,1769.0,1.0013039131997575e-10,1838.0,BID
157,1712690670.2252142,51555946.16927549,1769.0,0.0,1838.0,BID
158,1712690672.4853902,51555963.14720418,1769.0,1.8098714585371723e-10,1838.0,BID
159,1712690700.3467443,51555963.14720418,1769.0,0.0,1838.0,BID
160,1712690701.7553325,51555980.12513287,1766.0,-1.8099854866774347e-10,1838.0,ASK
161,1712690730.3449187,51555980.12513287,1766.0,-0.0,1838.0,ASK
162,1712690760.2048137,51555980.12513287,1766.0,-0.0,1838.0,ASK
163,1712690763.5652504,51556008.38968911,1769.0,3.013230951511477e-10,1838.0,BID
164,1712690790.2280457,51556008.38968911,1769.0,0.0,1838.0,BID
165,1712690814.4752438,51558729.28536729,1769.0,-2.9006939413686537e-08,1838.0,ASK
166,1712690820.3448458,51558729.28536729,1769.0,-0.0,1838.0,ASK
167,1712690850.3546648,51558729.28536729,1769.0,-0.0,1838.0,ASK
168,1712690851.87536,51559011.17482672,1771.0,3.005014481933389e-09,1838.0,BID
169,1712690880.244834,51559011.17482672,1771.0,0.0,1838.0,BID
170,1712690885.5647814,51559271.70888771,1771.0,-2.7773456353228683e-09,1838.0,ASK
171,1712690898.888303,51559384.38494404,1775.0,1.2011494852110355e-09,1838.0,BID
172,1712690910.2248297,51559384.38494404,1775.0,0.0,1838.0,BID
173,1712690920.7447033,51559445.5453018,1771.0,-6.519771518461511e-10,1838.0,ASK
174,1712690921.1247337,51559479.88808423,1771.0,-3.6609840578652e-10,1838.0,ASK
175,1712690940.3379102,51559479.88808423,1771.0,-0.0,1838.0,ASK
176,1712690970.334529,51559479.88808423,1771.0,-0.0,1838.0,ASK
177,1712691000.2504344,51559479.88808423,1771.0,-0.0,1838.0,ASK
178,1712691000.7748368,51559483.83619477,1773.0,4.210076922145713e-11,1838.0,BID
179,1712691030.2145605,51559483.83619477,1773.0,0.0,1838.0,BID
180,1712691036.2147458,51559495.18983267,1773.0,1.2106977482272628e-10,1838.0,BID
181,1712691060.3345592,51559495.18983267,1773.0,0.0,1838.0,BID
182,1712691090.364531,51559495.18983267,1773.0,0.0,1838.0,BID
183,1712691120.2445235,51559495.18983267,1773.0,0.0,1838.0,BID
184,1712691148.854535,51559507.38329008,1773.0,1.3002518122477407e-10,1838.0,BID
185,1712691150.2244906,51559507.38329008,1773.0,0.0,1838.0,BID
186,1712691180.3251677,51559507.38329008,1773.0,0.0,1838.0,BID
187,1712691198.9146233,51559620.18644856,1773.0,1.202878498650265e-09,1838.0,BID
188,1712691210.334339,51559620.18644856,1773.0,0.0,1838.0,BID
189,1712691240.2245018,51559620.18644856,1773.0,0.0,1838.0,BID
190,1712691270.2243493,51559620.18644856,1773.0,0.0,1838.0,BID
191,1712691300.334369,51559620.18644856,1773.0,0.0,1838.0,BID
192,1712691303.7048492,51559625.83616607,1770.0,-6.024871135419415e-11,1838.0,ASK
193,1712691303.7073977,51560238.59475852,1770.0,-6.5344710602930646e-09,1838.0,ASK
194,1712691308.1645727,51560255.55349226,1769.0,-1.808483083565908e-10,1838.0,ASK
195,1712691308.1676896,51560601.13819001,1769.0,-3.6853227912706e-09,1838.0,ASK
196,1712691330.334331,51560601.13819001,1769.0,-0.0,1838.0,ASK
197,1712691335.344716,51560884.02563344,1768.0,-3.0166620528811636e-09,1838.0,ASK
198,1712691344.3545349,51560939.46263695,1768.0,5.911704767822714e-10,1838.0,BID
199,1712691360.2443838,51560939.46263695,1768.0,0.0,1838.0,BID
200,1712691367.4146802,51561218.63963185,1767.0,-2.977075491231084e-09,1838.0,ASK
201,1712691367.4182954,51566486.32553988,1767.0,-5.617331978816511e-08,1838.0,ASK
202,1712691380.3245888,51568799.26336077,1767.0,2.4664605698103614e-08,1838.0,BID
203,1712691380.327684,51570783.97997459,1767.0,2.1164534671135605e-08,1838.0,BID
204,1712691390.2442653,51570783.97997459,1767.0,0.0,1838.0,BID
205,1712691392.637297,51571264.11574297,1767.0,-5.119101328671604e-09,1838.0,ASK
206,1712691399.8344867,51572084.74534525,1767.0,-8.74937124889032e-09,1838.0,ASK
207,1712691410.3345273,51572122.18050429,1767.0,3.9912538289210047e-10,1838.0,BID
208,1712691420.3244212,51572122.18050429,1767.0,0.0,1838.0,BID
209,1712691450.344515,51572122.18050429,1767.0,0.0,1838.0,BID
210,1712691480.2145407,51572122.18050429,1767.0,0.0,1838.0,BID
211,1712691484.3345766,51572405.46662327,1765.0,-3.020257778030552e-09,1838.0,ASK
212,1712691499.254851,51572518.65281455,1767.0,1.2067357053123642e-09,1838.0,BID
213,1712691504.8344486,51572544.65281455,1763.0,-2.771992588709692e-10,1838.0,ASK
214,1712691510.2245195,51572544.65281455,1763.0,-0.0,1838.0,ASK
215,1712691510.844647,51573128.2835446,1764.0,-6.222335360855579e-09,1838.0,ASK
216,1712691529.864396,51573215.72653949,1763.0,-9.322669475178911e-10,1838.0,ASK
217,1712691529.8671458,51574013.84413949,1763.0,-8.509071076769016e-09,1838.0,ASK
218,1712691529.8750038,51574557.74643949,1763.0,-5.7987736764041835e-09,1838.0,ASK
219,1712691529.8770535,51574999.3199709,1760.0,-4.707803166387521e-09,1838.0,ASK
220,1712691529.879135,51575658.60446835,1761.0,-7.0289123416111625e-09,1838.0,ASK
221,1712691529.881209,51577394.60472992,1760.0,-1.8508236900276133e-08,1838.0,ASK
222,1712691529.8833282,51577400.27687966,1763.0,-6.047320006157037e-11,1838.0,ASK
223,1712691529.8853934,51577957.1004592,1760.0,-5.936532931466062e-09,1838.0,ASK
224,1712691529.8875232,51578016.65610939,1761.0,-6.34948108511394e-10,1838.0,ASK
225,1712691529.8895922,51578905.2910547,1760.0,-9.474114981309096e-09,1838.0,ASK
226,1712691540.3378062,51578905.2910547,1760.0,-0.0,1838.0,ASK
227,1712691553.0047638,51579238.59884524,1761.0,-3.553111721883876e-09,1838.0,ASK
228,1712691553.7744558,51579241.99827866,1765.0,3.623847708336874e-11,1838.0,BID
229,1712691570.3342826,51579241.99827866,1765.0,0.0,1838.0,BID
230,1712691599.5444038,51579843.69856488,1762.0,-6.414175987128103e-09,1838.0,ASK
231,1712691600.225745,51579843.69856488,1762.0,-0.0,1838.0,ASK
232,1712691601.5343254,51580086.13687148,1762.0,-2.585810343957578e-09,1838.0,ASK
233,1712691601.934491,51580142.50483916,1764.0,6.012122256555442e-10,1838.0,BID
234,1712691630.229413,51580142.50483916,1764.0,0.0,1838.0,BID
235,1712691660.335891,51580142.50483916,1764.0,0.0,1838.0,BID
236,1712691679.284696,51580533.66130174,1764.0,4.171992290238682e-09,1838.0,BID
237,1712691688.454372,51580798.08764887,1763.0,-2.8203156207161804e-09,1838.0,ASK
238,1712691690.3441904,51580798.08764887,1763.0,-0.0,1838.0,ASK
239,1712691711.2945242,51580886.22976458,1763.0,-9.400936140632811e-10,1838.0,ASK
240,1712691714.4143932,51581124.0847452,1763.0,2.536879748633489e-09,1838.0,BID
241,1712691717.6851354,51581140.61530354,1762.0,-1.7630927289422836e-10,1838.0,ASK
242,1712691720.2341166,51581140.61530354,1762.0,-0.0,1838.0,ASK
243,1712691741.574662,51581391.33561884,1763.0,2.674079778899194e-09,1838.0,BID
244,1712691750.2141843,51581391.33561884,1763.0,0.0,1838.0,BID
245,1712691780.3443131,51581391.33561884,1763.0,0.0,1838.0,BID
246,1712691799.2145393,51581504.71430364,1764.0,1.2092447263653111e-09,1838.0,BID
247,1712691810.3844397,51581504.71430364,1764.0,0.0,1838.0,BID
248,1712691814.8545992,51581788.32179064,1763.0,-3.024820115499549e-09,1838.0,ASK
249,1712691816.2942955,51581788.32179087,1763.0,-2.3839285380026777e-18,1838.0,ASK
250,1712691824.6544292,51581792.78485561,1762.0,-4.760088727007135e-11,1838.0,ASK
251,1712691824.6585662,51582398.5807091,1762.0,-6.461125208283988e-09,1838.0,ASK
252,1712691840.2142525,51582398.5807091,1762.0,-0.0,1838.0,ASK
253,1712691841.6073337,51582682.67161819,1761.0,-3.029925155264383e-09,1838.0,ASK
254,1712691841.610922,51583000.32596231,1761.0,-3.387890485465681e-09,1838.0,ASK
255,1712691844.444563,51583982.14823331,1761.0,1.047146494896074e-08,1838.0,BID
256,1712691844.5142171,51584496.61289944,1761.0,5.486938805503e-09,1838.0,BID
257,1712691857.66441,51584500.02005446,1761.0,3.63384549757532e-11,1838.0,BID
258,1712691870.215454,51584500.02005446,1761.0,0.0,1838.0,BID
259,1712691883.184553,51584932.66939294,1760.0,-4.614168687136525e-09,1838.0,ASK
260,1712691883.1875849,51585581.69979066,1760.0,-6.921854425162844e-09,1838.0,ASK
261,1712691883.1898987,51585584.69500066,1760.0,-3.1943661981224347e-11,1838.0,ASK
262,1712691884.1043518,51585588.10215568,1761.0,3.6337020728065336e-11,1838.0,BID
263,1712691900.2645812,51585588.10215568,1761.0,0.0,1838.0,BID
264,1712691901.0745463,51585633.70469757,1762.0,4.866116500945624e-10,1838.0,BID
265,1712691901.4146256,51585803.62031954,1762.0,1.8131208864294595e-09,1838.0,BID
266,1712691901.8363566,51585919.31875408,1762.0,1.234584823706959e-09,1838.0,BID
267,1712691902.1869552,51585976.49197844,1764.0,6.100790853230013e-10,1838.0,BID
268,1712691928.6146798,51586021.48545295,1763.0,4.80112466700362e-10,1838.0,BID
269,1712691928.6191046,51586438.60712467,1763.0,4.450985768283955e-09,1838.0,BID
270,1712691928.8142238,51586495.60712467,1764.0,6.08230657844302e-10,1838.0,BID
271,1712691930.2241547,51586495.60712467,1764.0,0.0,1838.0,BID
272,1712691946.228162,51587110.05953565,1764.0,6.556533590686223e-09,1838.0,BID
273,1712691960.3241725,51587110.05953565,1764.0,0.0,1838.0,BID
274,1712691983.5646634,51587957.35841928,1764.0,9.04102456385484e-09,1838.0,BID
275,1712691983.568809,51588151.85421903,1764.0,2.0753494865770483e-09,1838.0,BID
276,1712691983.6244068,51589491.30452624,1764.0,1.4292480922165573e-08,1838.0,BID
277,1712691990.3341014,51589491.30452624,1764.0,0.0,1838.0,BID
278,1712692020.2172575,51589491.30452624,1764.0,0.0,1838.0,BID
279,1712692043.8145788,51589774.99304028,1766.0,3.0269364442741053e-09,1838.0,BID
280,1712692050.2142017,51589774.99304028,1766.0,0.0,1838.0,BID
281,1712692080.3243425,51589774.99304028,1766.0,0.0,1838.0,BID
282,1712692085.6044989,51589835.96865003,1766.0,-6.506019793056325e-10,1838.0,ASK
283,1712692099.41422,51589949.09082197,1768.0,1.206999147179895e-09,1838.0,BID
284,1712692108.7946508,51590364.10452438,1766.0,-4.428143274648927e-09,1838.0,ASK
285,1712692108.798347,51590388.06662784,1766.0,-2.556725877937107e-10,1838.0,ASK
286,1712692109.7032816,51591977.95556789,1768.0,1.6963912218704503e-08,1838.0,BID
287,1712692109.7077324,51592325.45378847,1768.0,3.7077616942530557e-09,1838.0,BID
288,1712692110.3340702,51592325.45378847,1768.0,0.0,1838.0,BID
289,1712692117.2045577,51592838.38440163,1765.0,-5.472640978757885e-09,1838.0,ASK
290,1712692117.3243618,51596246.77206663,1765.0,-3.636531243879563e-08,1838.0,ASK
291,1712692117.385217,51596325.45378847,1765.0,-8.39483556163358e-10,1838.0,ASK
292,1712692117.3890371,51597026.97271663,1765.0,-7.484757460633834e-09,1838.0,ASK
293,1712692117.3928263,51597026.97271738,1765.0,-8.028785017031067e-18,1838.0,ASK
294,1712692126.685012,51599629.04226112,1761.0,-2.776241473856556e-08,1838.0,ASK
295,1712692126.6889658,51599767.23585522,1764.0,-1.4744371005731742e-09,1838.0,ASK
296,1712692140.2343588,51599767.23585522,1764.0,-0.0,1838.0,ASK
297,1712692144.514524,51600290.97938463,1761.0,-5.587225505420967e-09,1838.0,ASK
298,1712692160.1943245,51600773.37339711,1762.0,-5.146114422141954e-09,1838.0,ASK
299,1712692160.2742484,51602266.28636111,1761.0,1.5926194638149205e-08,1838.0,BID
300,1712692167.6750808,51602266.28636155,1761.0,4.68942569144285e-18,1838.0,BID
301,1712692170.215043,51602266.28636155,1761.0,0.0,1838.0,BID
302,1712692186.8109996,51602290.98381197,1765.0,2.634567081631106e-10,1838.0,BID
303,1712692200.247426,51602290.98381197,1765.0,0.0,1838.0,BID
304,1712692202.3245113,51602460.22059451,1762.0,-1.805473338719274e-09,1838.0,ASK
305,1712692230.2297444,51602460.22059451,1762.0,-0.0,1838.0,ASK
306,1712692233.7146463,51602652.71905601,1762.0,-2.053630003588748e-09,1838.0,ASK
307,1712692233.7175045,51602775.18271258,1761.0,-1.306478179180167e-09,1838.0,ASK
308,1712692233.7200832,51603043.85132456,1760.0,-2.8662354924182962e-09,1838.0,ASK
309,1712692237.5044622,51603101.8298056,1764.0,6.185314277181407e-10,1838.0,BID
310,1712692260.3344135,51603101.8298056,1764.0,0.0,1838.0,BID
311,1712692290.3441827,51603101.8298056,1764.0,0.0,1838.0,BID
312,1712692320.23421,51603101.8298056,1764.0,0.0,1838.0,BID
313,1712692332.4442573,51604518.81653464,1765.0,1.511664747829259e-08,1838.0,BID
314,1712692350.2249918,51604518.81653464,1765.0,0.0,1838.0,BID
315,1712692353.754194,51604565.9531295,1766.0,-5.02847530160724e-10,1838.0,ASK
316,1712692369.834684,51605331.91025852,1767.0,8.171138616708521e-09,1838.0,BID
317,1712692369.839301,51606868.6687779,1767.0,1.6393955231404885e-08,1838.0,BID
318,1712692380.3283334,51606868.6687779,1767.0,0.0,1838.0,BID
319,1712692398.9746263,51606981.85496918,1767.0,1.207403207036267e-09,1838.0,BID
320,1712692410.3378043,51606981.85496918,1767.0,0.0,1838.0,BID
321,1712692440.0342305,51607104.31862618,1767.0,1.3063669257493243e-09,1838.0,BID
322,1712692440.093958,51607104.31862619,1767.0,7.947820853918198e-20,1838.0,BID
323,1712692440.209014,51607104.31862619,1767.0,0.0,1838.0,BID
324,1712692470.2241454,51607104.31862619,1767.0,0.0,1838.0,BID
325,1712692479.7242782,51607109.50703198,1767.0,-5.5346592131049344e-11,1838.0,ASK
326,1712692489.9048617,51607639.50767486,1768.0,-5.6537076322074434e-09,1838.0,ASK
327,1712692489.9088905,51607822.91427472,1768.0,-1.956464218258666e-09,1838.0,ASK
328,1712692500.3342128,51607822.91427472,1768.0,-0.0,1838.0,ASK
329,1712692506.834375,51607936.100466,1767.0,-1.207422248939039e-09,1838.0,ASK
330,1712692506.8388572,51608892.2880634,1767.0,-1.0200203454586662e-08,1838.0,ASK
331,1712692530.3445215,51608892.2880634,1767.0,-0.0,1838.0,ASK
332,1712692543.9746192,51608916.98551382,1768.0,-2.634566081985766e-10,1838.0,ASK
333,1712692560.2342243,51608916.98551382,1768.0,-0.0,1838.0,ASK
334,1712692575.0662887,51609030.10768577,1768.0,1.2067144317373727e-09,1838.0,BID
335,1712692590.2142918,51609030.10768577,1768.0,0.0,1838.0,BID
336,1712692620.3414855,51609030.10768577,1768.0,0.0,1838.0,BID
337,1712692650.3439865,51609030.10768577,1768.0,0.0,1838.0,BID
338,1712692674.2838235,51609143.22985772,1768.0,1.2067118573319588e-09,1838.0,BID
339,1712692674.287453,51609596.49134914,1768.0,4.835091182581158e-09,1838.0,BID
340,1712692680.2738357,51609596.49134914,1768.0,0.0,1838.0,BID
341,1712692680.3434634,51609868.65832171,1767.0,-2.903264666093689e-09,1838.0,ASK
342,1712692680.3449905,51610159.12655674,1767.0,-3.098488238392565e-09,1838.0,ASK
343,1712692685.3836908,51610272.24872869,1768.0,1.206698967484876e-09,1838.0,BID
344,1712692685.387935,51610548.65277234,1769.0,2.94846243062144e-09,1838.0,BID
345,1712692685.3917575,51610551.64837234,1770.0,3.1954720852761704e-11,1838.0,BID
346,1712692685.3949933,51610734.89720135,1768.0,1.954755367108551e-09,1838.0,BID
347,1712692685.3982162,51610866.73915792,1771.0,1.4063870072327883e-09,1838.0,BID
348,1712692699.3529012,51610979.66970563,1771.0,1.204654869705906e-09,1838.0,BID
349,1712692706.1532817,51611166.3663441,1771.0,1.991533905223106e-09,1838.0,BID
350,1712692706.1581855,51611205.28235385,1771.0,4.151255935847928e-10,1838.0,BID
351,1712692710.22251,51611205.28235385,1771.0,0.0,1838.0,BID
352,1712692730.074676,51611477.44932642,1771.0,2.9031765451408355e-09,1838.0,BID
353,1712692730.0766895,51611884.34740885,1771.0,4.340339160307574e-09,1838.0,BID
354,1712692730.0786226,51611922.18202689,1771.0,4.0357790164320444e-10,1838.0,BID
355,1712692740.3220284,51611922.18202689,1771.0,0.0,1838.0,BID
356,1712692754.9719036,51614518.08108918,1773.0,2.7689807975444254e-08,1838.0,BID
357,1712692754.9762862,51614613.9637739,1773.0,1.0227566882311855e-09,1838.0,BID
358,1712692755.0517263,51614739.4423189,1773.0,-1.338448349796436e-09,1838.0,ASK
359,1712692755.0930564,51614739.44231947,1773.0,-6.0399848847656825e-18,1838.0,ASK
360,1712692769.919414,51616232.35528347,1772.0,-1.592453030926693e-08,1838.0,ASK
361,1712692769.9914734,51616392.26432747,1772.0,-1.705709896871316e-09,1838.0,ASK
362,1712692770.001326,51616392.26432833,1772.0,-9.218924297800249e-18,1838.0,ASK
363,1712692770.3214877,51616392.26432833,1772.0,-0.0,1838.0,ASK
364,1712692777.0016224,51616402.47807179,1771.0,-1.0893824691423452e-10,1838.0,ASK
365,1712692780.3916636,51618736.39524079,1771.0,-2.4893208443796563e-08,1838.0,ASK
366,1712692780.404726,51622187.41349775,1771.0,-3.680804012875309e-08,1838.0,ASK
367,1712692795.131244,51622222.12540519,1772.0,3.7023196831259116e-10,1838.0,BID
368,1712692800.310923,51622222.12540519,1772.0,0.0,1838.0,BID
369,1712692805.6739843,51622251.88770722,1768.0,-3.1742724326771716e-10,1838.0,ASK
370,1712692805.6769712,51622789.51335391,1768.0,-5.7339995672461915e-09,1838.0,ASK
371,1712692805.680812,51622930.98334289,1768.0,-1.508835861209594e-09,1838.0,ASK
372,1712692814.1709929,51622992.07554665,1768.0,-6.515735848396338e-10,1838.0,ASK
373,1712692830.2102735,51622992.07554665,1768.0,-0.0,1838.0,ASK
374,1712692848.6002653,51623105.1977186,1770.0,-1.206477168235894e-09,1838.0,ASK
375,1712692860.329882,51623105.1977186,1770.0,-0.0,1838.0,ASK
376,1712692862.420073,51623135.48056422,1770.0,-3.2297367691602555e-10,1838.0,ASK
377,1712692867.1599529,51623503.68993174,1770.0,-3.9270395781361825e-09,1838.0,ASK
378,1712692890.3327744,51623503.68993174,1770.0,-0.0,1838.0,ASK
379,1712692920.2198331,51623503.68993174,1770.0,-0.0,1838.0,ASK
380,1712692950.2186658,51623503.68993174,1770.0,-0.0,1838.0,ASK
381,1712692971.318846,51623559.68993174,1774.0,5.9724868913231e-10,1838.0,BID
382,1712692971.418213,51625426.59502974,1774.0,1.991083254489534e-08,1838.0,BID
383,1712692971.51863,51625426.5950307,1774.0,1.0250546157635229e-17,1838.0,BID
384,1712692972.3295047,51625477.14417535,1776.0,5.391144710319076e-10,1838.0,BID
385,1712692972.3325646,51625703.45027577,1776.0,2.413589675337153e-09,1838.0,BID
386,1712692980.3399634,51625703.45027577,1776.0,0.0,1838.0,BID
387,1712692985.5380447,51625873.54006581,1777.0,1.813958495781849e-09,1838.0,BID
388,1712692990.1982837,51625929.54006581,1777.0,5.972238294881341e-10,1838.0,BID
389,1712692990.958171,51626130.97438766,1777.0,2.1482388765343527e-09,1838.0,BID
390,1712693010.3309789,51626130.97438766,1777.0,0.0,1838.0,BID
391,1712693040.1982095,51626130.97438766,1777.0,0.0,1838.0,BID
392,1712693063.857361,51626284.52057461,1777.0,-1.637512478641776e-09,1838.0,ASK
393,1712693063.8619604,51628173.85052977,1777.0,-2.014899516149214e-08,1838.0,ASK
394,1712693064.277144,51628229.85052977,1777.0,5.972189907652398e-10,1838.0,BID
395,1712693070.2269814,51628229.85052977,1777.0,0.0,1838.0,BID
396,1712693072.587223,51628398.67439021,1777.0,1.8003715234831471e-09,1838.0,BID
397,1712693079.0894926,51628685.20734121,1776.0,3.0556448843079804e-09,1838.0,BID
398,1712693079.4672253,51629334.46029534,1777.0,6.923763780090451e-09,1838.0,BID
399,1712693079.4768937,51629334.46029562,1776.0,2.939816000408354e-18,1838.0,BID
400,1712693100.3265977,51629334.46029562,1776.0,0.0,1838.0,BID
401,1712693119.44644,51630184.34631124,1775.0,-9.063870888723222e-09,1838.0,ASK
402,1712693127.1365736,51630188.48743124,1777.0,4.416424831079222e-11,1838.0,BID
403,1712693130.356568,51630188.48743124,1777.0,0.0,1838.0,BID
404,1712693139.4664016,51631877.67662042,1777.0,-1.801458656310649e-08,1838.0,ASK
405,1712693139.4710774,51633392.96418261,1777.0,-1.6159989142753695e-08,1838.0,ASK
406,1712693155.7919607,51634721.9788103,1777.0,1.4173456240248197e-08,1838.0,BID
407,1712693158.8959975,51635082.15337179,1777.0,-3.841130322937755e-09,1838.0,ASK
408,1712693158.9000132,51636611.30876546,1777.0,-1.6307884507170545e-08,1838.0,ASK
409,1712693160.215906,51636611.30876546,1777.0,-0.0,1838.0,ASK
410,1712693176.0089836,51638024.53657778,1778.0,-1.5069724861491585e-08,1838.0,ASK
411,1712693186.5358222,51638069.73725578,1780.0,4.81990076228408e-10,1838.0,BID
412,1712693186.5458443,51638072.80282955,1780.0,3.268924713055228e-11,1838.0,BID
413,1712693186.549189,51638305.02409392,1781.0,2.476253672998041e-09,1838.0,BID
414,1712693190.2157965,51638305.02409392,1781.0,0.0,1838.0,BID
415,1712693220.3555655,51638305.02409392,1781.0,0.0,1838.0,BID
416,1712693239.345533,51638419.37515166,1778.0,-1.2193247355610935e-09,1838.0,ASK
417,1712693250.3249888,51638419.37515166,1778.0,-0.0,1838.0,ASK
418,1712693280.2182677,51638419.37515166,1778.0,-0.0,1838.0,ASK
419,1712693288.03791,51639086.81230143,1780.0,7.116863437163958e-09,1838.0,BID
420,1712693307.0447598,51639313.2496466,1780.0,2.4144950025619144e-09,1838.0,BID
421,1712693307.0489843,51639380.53984634,1781.0,7.175134952945643e-10,1838.0,BID
422,1712693307.0556376,51640042.11732426,1780.0,7.0543819221192215e-09,1838.0,BID
423,1712693307.0587711,51640046.25521426,1781.0,4.412220391220264e-11,1838.0,BID
424,1712693307.1446989,51642372.84273587,1781.0,-2.48083368922737e-08,1838.0,ASK
425,1712693307.148933,51642792.61743815,1781.0,-4.476045769306247e-09,1838.0,ASK
426,1712693309.4145975,51643347.90300786,1781.0,-5.9209943132132975e-09,1838.0,ASK
427,1712693310.2244468,51643347.90300786,1781.0,-0.0,1838.0,ASK
428,1712693323.504968,51643618.76352251,1782.0,2.8879077514357203e-09,1838.0,BID
429,1712693323.5144622,51643754.19377983,1782.0,1.4439538756384223e-09,1838.0,BID
430,1712693331.5043905,51643765.42568085,1783.0,1.1975423608606467e-10,1838.0,BID
431,1712693339.6144557,51643771.03106202,1784.0,5.976442799949249e-11,1838.0,BID
432,1712693339.6190894,51645213.20988624,1784.0,1.5376473055528916e-08,1838.0,BID
433,1712693339.6228943,51645718.40974722,1785.0,5.386427757513447e-09,1838.0,BID
434,1712693339.6263642,51645735.24476403,1785.0,1.79494510675454e-10,1838.0,BID
435,1712693340.3240318,51645735.24476403,1785.0,0.0,1838.0,BID
436,1712693346.0343466,51646214.28224302,1785.0,-5.107253220673977e-09,1838.0,ASK
437,1712693346.037912,51647718.07817306,1785.0,-1.603270504664309e-08,1838.0,ASK
438,1712693347.0541787,51647733.11206661,1785.0,1.6028370348766512e-10,1838.0,BID
439,1712693348.0644245,51648550.56007935,1785.0,8.715213691821938e-09,1838.0,BID
440,1712693348.704064,51648577.70061686,1786.0,2.89358565199749e-10,1838.0,BID
441,1712693349.3842385,51648745.67374116,1785.0,-1.790843760054019e-09,1838.0,ASK
442,1712693353.7841702,51648876.1165025,1785.0,-1.390714176199558e-09,1838.0,ASK
443,1712693355.594224,51649055.6165025,1785.0,-1.9137374283160923e-09,1838.0,ASK
444,1712693356.354463,51649136.5969166,1787.0,8.633718630846219e-10,1838.0,BID
445,1712693365.6245823,51649624.83866254,1787.0,5.2053844193556585e-09,1838.0,BID
446,1712693365.810531,51649748.43866254,1785.0,-1.3177601455624635e-09,1838.0,ASK
447,1712693370.3240397,51649748.43866254,1785.0,-0.0,1838.0,ASK
448,1712693371.7176654,51650894.25657105,1786.0,1.2215192926574624e-08,1838.0,BID
449,1712693372.0341022,51651350.49849648,1785.0,-4.863847125241519e-09,1838.0,ASK
450,1712693372.6941888,51654554.97524785,1785.0,-3.4161886854794094e-08,1838.0,ASK
451,1712693372.753944,51655195.58936158,1785.0,-6.8293791993687905e-09,1838.0,ASK
452,1712693372.9542909,51655729.27716501,1785.0,-5.6894725008793325e-09,1838.0,ASK
453,1712693372.9589407,51655760.83710898,1785.0,-3.3645032202771865e-10,1838.0,ASK
454,1712693377.7410257,51655828.84710897,1784.0,-7.250325419505228e-10,1838.0,ASK
455,1712693386.0740025,51655901.80705294,1785.0,7.778022885809051e-10,1838.0,BID
456,1712693400.2335322,51655901.80705294,1785.0,0.0,1838.0,BID
457,1712693401.8936944,51656112.88365227,1783.0,-2.2503524819534677e-09,1838.0,ASK
458,1712693430.2132788,51656112.88365227,1783.0,-0.0,1838.0,ASK
459,1712693438.8734877,51656115.68320434,1786.0,2.984676504665336e-11,1838.0,BID
460,1712693450.270684,51656142.82374185,1784.0,-2.8935244880233976e-10,1838.0,ASK
461,1712693460.3231492,51656142.82374185,1784.0,-0.0,1838.0,ASK
462,1712693463.28359,51656168.86335362,1786.0,2.7761503008389525e-10,1838.0,BID
463,1712693464.493364,51656174.49997176,1786.0,6.009344263692609e-11,1838.0,BID
464,1712693477.7833698,51656328.44032983,1786.0,1.641197938059466e-09,1838.0,BID
465,1712693477.7881906,51657074.14667284,1786.0,7.950168025649785e-09,1838.0,BID
466,1712693485.4934902,51657209.41980187,1786.0,-1.4421817854080235e-09,1838.0,ASK
467,1712693490.3228924,51657209.41980187,1786.0,-0.0,1838.0,ASK
468,1712693494.445057,51657219.41704289,1786.0,1.065810054079456e-10,1838.0,BID
469,1712693500.1230078,51657231.72692324,1786.0,1.3123615024158528e-10,1838.0,BID
470,1712693515.2231078,51657235.95368695,1786.0,4.506170502078635e-11,1838.0,BID
471,1712693520.202756,51657235.95368695,1786.0,0.0,1838.0,BID
472,1712693525.5153697,51657690.04812795,1786.0,4.8411174165105436e-09,1838.0,BID
473,1712693528.1862378,51657690.0481286,1786.0,6.910489326448358e-18,1838.0,BID
474,1712693529.0928886,51658603.69807825,1787.0,9.740455474770183e-09,1838.0,BID
475,1712693529.097448,51658640.3268916,1787.0,3.905011165945232e-10,1838.0,BID
476,1712693529.5931911,51658640.32689252,1787.0,9.770002151185609e-18,1838.0,BID
477,1712693529.5985017,51658738.6766686,1788.0,1.0485105540033324e-09,1838.0,BID
478,1712693529.6328917,51658749.99528772,1788.0,1.206682117019001e-10,1838.0,BID
479,1712693529.6373472,51658878.68109069,1788.0,1.3719240444054256e-09,1838.0,BID
480,1712693530.6928878,51658910.62013985,1786.0,-3.405033693551517e-10,1838.0,ASK
481,1712693535.8328888,51658916.94937405,1789.0,6.747619689107602e-11,1838.0,BID
482,1712693538.1432762,51659039.16629278,1789.0,1.302959033265888e-09,1838.0,BID
483,1712693538.149413,51659088.86397572,1789.0,5.298288125052445e-10,1838.0,BID
484,1712693547.9434023,51659136.55251409,1789.0,5.084092489139862e-10,1838.0,BID
485,1712693547.9480536,51660069.47311754,1789.0,9.945900618502646e-09,1838.0,BID
486,1712693547.9519122,51660348.80272647,1790.0,2.9779431604150273e-09,1838.0,BID
487,1712693547.953874,51660349.43788565,1789.0,6.7714552059167465e-12,1838.0,BID
488,1712693547.9559047,51660391.25304552,1790.0,4.4579294625817806e-10,1838.0,BID
489,1712693547.9579191,51660804.9306945,1789.0,4.4102325209829905e-09,1838.0,BID
490,1712693547.959996,51661086.05119867,1790.0,2.997035959946574e-09,1838.0,BID
491,1712693547.9620335,51661885.82279867,1789.0,8.526394230890411e-09,1838.0,BID
492,1712693547.9641309,51661903.94734097,1790.0,1.9322640730552168e-10,1838.0,BID
493,1712693550.2232232,51661903.94734097,1790.0,0.0,1838.0,BID
494,1712693551.6528091,51661941.61568267,1791.0,4.0154782890425724e-10,1838.0,BID
495,1712693558.442973,51661951.72332829,1791.0,1.0774838956626948e-10,1838.0,BID
496,1712693558.4481828,51667525.08860283,1791.0,5.9412563041085856e-08,1838.0,BID
497,1712693570.8861215,51667759.3867205,1791.0,2.497638500370953e-09,1838.0,BID
498,1712693570.9426455,51668075.39413124,1791.0,-3.368666736763576e-09,1838.0,ASK
499,1712693572.7328734,51668954.58825824,1791.0,-9.372286566961108e-09,1838.0,ASK
500,1712693572.7389655,51668954.58825835,1791.0,-1.1913576473162633e-18,1838.0,ASK
501,1712693577.673064,51668996.71925778,1790.0,-4.4912015207637455e-10,1838.0,ASK
502,1712693580.3123546,51668996.71925778,1790.0,-0.0,1838.0,ASK
503,1712693588.1524818,51669266.41989465,1790.0,-2.874643189092987e-09,1838.0,ASK
504,1712693588.19239,51669826.48710267,1790.0,-5.969557223342944e-09,1838.0,ASK
505,1712693588.272445,51669941.82815767,1790.0,-1.229379292612375e-09,1838.0,ASK
506,1712693610.33227,51669941.82815767,1790.0,-0.0,1838.0,ASK
507,1712693611.9925914,51669941.82815795,1790.0,-2.9382313238169698e-18,1838.0,ASK
508,1712693614.48222,51670315.24273468,1790.0,3.9800214292013816e-09,1838.0,BID
509,1712693616.9927769,51670326.44094297,1790.0,-1.1935556820544883e-10,1838.0,ASK
510,1712693619.3419943,51671058.02983364,1790.0,-7.797605245341569e-09,1838.0,ASK
511,1712693622.4125686,51671074.83655633,1786.0,-1.7913365101823228e-10,1838.0,ASK
512,1712693629.4822416,51671102.87918112,1786.0,-2.9889097677492165e-10,1838.0,ASK
513,1712693637.4722457,51671159.05895641,1786.0,-5.98789451391398e-10,1838.0,ASK
514,1712693640.2321112,51671159.05895641,1786.0,-0.0,1838.0,ASK
515,1712693645.442232,51671363.6053925,1790.0,2.180097799307421e-09,1838.0,BID
516,1712693645.4476075,51671829.18991477,1791.0,4.962295172556773e-09,1838.0,BID
517,1712693666.7220042,51671994.96950717,1791.0,-1.7669128412515907e-09,1838.0,ASK
518,1712693666.7267349,51672055.47956616,1791.0,-6.44928598838406e-10,1838.0,ASK
519,1712693666.8018165,51672327.02714779,1791.0,-2.89420972780624e-09,1838.0,ASK
520,1712693667.54201,51672354.7757767,1792.0,2.9575056876580035e-10,1838.0,BID
521,1712693667.5479915,51672388.31475939,1792.0,3.5746534502618714e-10,1838.0,BID
522,1712693668.3417132,51672392.77747895,1792.0,4.7564578864148886e-11,1838.0,BID
523,1712693670.211914,51672392.77747895,1792.0,0.0,1838.0,BID
524,1712693673.0827875,51672584.96045291,1791.0,-2.0482772538637344e-09,1838.0,ASK
525,1712693678.7021286,51672858.01763212,1791.0,-2.910230795501814e-09,1838.0,ASK
526,1712693678.7073884,51672892.12430955,1791.0,-3.63507391635417e-10,1838.0,ASK
527,1712693684.4619696,51672913.52591122,1793.0,2.2809728145229607e-10,1838.0,BID
528,1712693684.4674134,51672919.15331122,1793.0,5.997656914076484e-11,1838.0,BID
529,1712693687.9517765,51673012.37330005,1791.0,-9.93534332380008e-10,1838.0,ASK
530,1712693687.9562757,51673560.439101,1791.0,-5.841259975238297e-09,1838.0,ASK
531,1712693688.2319698,51674249.07360203,1793.0,7.339434683634781e-09,1838.0,BID
532,1712693696.2417216,51674373.67360203,1791.0,-1.327981041075552e-09,1838.0,ASK
533,1712693700.2316222,51674373.67360203,1791.0,-0.0,1838.0,ASK
534,1712693701.261743,51674429.44605044,1793.0,5.9451376455162e-10,1838.0,BID
535,1712693701.281611,51674444.6525831,1791.0,-1.6209603904816288e-10,1838.0,ASK
536,1712693728.7719307,51674596.03529859,1791.0,-1.6136840077287155e-09,1838.0,ASK
537,1712693730.2115982,51674596.03529859,1791.0,-0.0,1838.0,ASK
538,1712693731.5813737,51674681.10401305,1791.0,-9.067973229991127e-10,1838.0,ASK
539,1712693731.8016074,51674835.81310236,1791.0,-1.6491349249623531e-09,1838.0,ASK
540,1712693754.1314452,51675524.44760339,1791.0,-7.340559053506585e-09,1838.0,ASK
541,1712693760.131354,51675559.36440964,1791.0,-3.7219871769366246e-10,1838.0,ASK
542,1712693760.1340933,51676231.97112021,1791.0,-7.169709434114591e-09,1838.0,ASK
543,1712693760.3212729,51676231.97112021,1791.0,-0.0,1838.0,ASK
544,1712693762.641317,51676236.60397921,1791.0,4.9382819063991636e-11,1838.0,BID
545,1712693764.9718063,51676241.56154481,1791.0,5.2843949135980215e-11,1838.0,BID
546,1712693767.8811655,51676925.70729165,1791.0,7.292483029612546e-09,1838.0,BID
547,1712693768.301283,51677052.90729164,1791.0,-1.3558570606131491e-09,1838.0,ASK
548,1712693768.3614953,51677358.25612884,1791.0,-3.254790698725492e-09,1838.0,ASK
549,1712693780.091725,51677413.11927607,1789.0,-5.84800200789727e-10,1838.0,ASK
550,1712693780.0978687,51677468.3675712,1789.0,-5.88905589931123e-10,1838.0,ASK
551,1712693785.4826066,51677584.91896974,1789.0,-1.2423509170425463e-09,1838.0,ASK
552,1712693790.3210957,51677584.91896974,1789.0,-0.0,1838.0,ASK
553,1712693798.6013348,51677589.71120073,1789.0,-5.1080286400164645e-11,1838.0,ASK
554,1712693798.606612,51677590.46559401,1789.0,-8.041061645401038e-12,1838.0,ASK
555,1712693799.2010136,51677925.84848948,1789.0,-3.574839026779981e-09,1838.0,ASK
556,1712693799.421448,51678553.75357041,1789.0,-6.692826672858395e-09,1838.0,ASK
557,1712693801.7911766,51678580.78257208,1789.0,-2.88101544085403e-10,1838.0,ASK
558,1712693820.210952,51678580.78257208,1789.0,-0.0,1838.0,ASK
559,1712693837.7711945,51678663.89970308,1790.0,8.85926877245879e-10,1838.0,BID
560,1712693847.4609978,51678943.22931201,1790.0,2.9773117190372347e-09,1838.0,BID
561,1712693850.220601,51678943.22931201,1790.0,0.0,1838.0,BID
562,1712693867.9506912,51679060.49632529,1788.0,-1.2499141780069202e-09,1838.0,ASK
563,1712693869.7462518,51679081.12082444,1788.0,-2.1983039543696486e-10,1838.0,ASK
564,1712693877.7507057,51680831.10150046,1790.0,1.8652522964325985e-08,1838.0,BID
565,1712693877.7554252,51681635.61498144,1790.0,8.575069647801086e-09,1838.0,BID
566,1712693877.830758,51681635.6149823,1790.0,9.132554817554976e-18,1838.0,BID
567,1712693880.320691,51681635.6149823,1790.0,0.0,1838.0,BID
568,1712693883.6286,51681642.3273823,1792.0,7.154179816582624e-11,1838.0,BID
569,1712693889.180446,51681646.95649551,1793.0,4.933780514763707e-11,1838.0,BID
570,1712693893.3005505,51682167.44998173,1793.0,5.547500142319221e-09,1838.0,BID
571,1712693895.950565,51682219.74669115,1793.0,5.573864239687416e-10,1838.0,BID
572,1712693898.6848974,51682258.96266995,1793.0,4.1796997223120367e-10,1838.0,BID
573,1712693910.324051,51682258.96266995,1793.0,0.0,1838.0,BID
574,1712693915.6407125,51682264.59006995,1793.0,5.997698575649866e-11,1838.0,BID
575,1712693915.645752,51682274.91281979,1793.0,1.1002015503858739e-10,1838.0,BID
576,1712693919.2206757,51682280.48695579,1794.0,5.940929664676767e-11,1838.0,BID
577,1712693921.610452,51682364.05721079,1794.0,8.90694103354746e-10,1838.0,BID
578,1712693936.3304358,51682408.89543827,1794.0,4.778870762522501e-10,1838.0,BID
579,1712693940.2205362,51682408.89543827,1794.0,0.0,1838.0,BID
580,1712693940.4782903,51682433.10094933,1793.0,-2.579822709697834e-10,1838.0,ASK
581,1712693941.1403718,51682633.10094933,1792.0,-2.131599455138413e-09,1838.0,ASK
582,1712693941.1502712,51682669.25920733,1792.0,-3.8537461524206196e-10,1838.0,ASK
583,1712693941.1804938,51682669.25920825,1792.0,-9.767216927633616e-18,1838.0,ASK
584,1712693941.6304054,51682672.16423618,1790.0,-3.0961779800186396e-11,1838.0,ASK
585,1712693941.6359522,51682794.00613153,1789.0,-1.2985905886982503e-09,1838.0,ASK
586,1712693965.3804088,51683009.90146336,1790.0,-2.301011858476497e-09,1838.0,ASK
587,1712693970.2099383,51683009.90146336,1790.0,-0.0,1838.0,ASK
588,1712694000.2601235,51683009.90146336,1790.0,-0.0,1838.0,ASK
589,1712694002.1205063,51686482.36353399,1790.0,-3.705744395669051e-08,1838.0,ASK
590,1712694002.1248238,51686704.17895572,1790.0,-2.3671713016034663e-09,1838.0,ASK
591,1712694003.3004255,51686735.88290894,1794.0,3.3833846009331554e-10,1838.0,BID
592,1712694010.8602192,51687175.99219073,1794.0,4.696761177845758e-09,1838.0,BID
593,1712694010.866305,51687321.76666717,1794.0,1.555677032914792e-09,1838.0,BID
594,1712694017.6333504,51689623.76666717,1794.0,2.4566499000764963e-08,1838.0,BID
595,1712694017.6388862,51690614.83803851,1794.0,1.057652209109154e-08,1838.0,BID
596,1712694017.749884,51690673.72197443,1794.0,-6.28397981303976e-10,1838.0,ASK
597,1712694030.2014248,51690673.72197443,1794.0,-0.0,1838.0,ASK
598,1712694056.730028,51690716.18067818,1794.0,-4.5304467694320604e-10,1838.0,ASK
599,1712694057.8797822,51690991.16951728,1791.0,-2.934197673783531e-09,1838.0,ASK
600,1712694060.3197668,51690991.16951728,1791.0,-0.0,1838.0,ASK
601,1712694071.19047,51691016.44595592,1791.0,-2.6970410023901004e-10,1838.0,ASK
602,1712694071.195325,51691574.5142138,1791.0,-5.954687664530316e-09,1838.0,ASK
603,1712694071.199508,51694126.40011719,1790.0,-2.7229076901513163e-08,1838.0,ASK
604,1712694090.330618,51694126.40011719,1790.0,-0.0,1838.0,ASK
605,1712694090.5796375,51694869.63178375,1790.0,-7.929939292139004e-09,1838.0,ASK
606,1712694120.2095375,51694869.63178375,1790.0,-0.0,1838.0,ASK
607,1712694134.2094784,51695856.87168335,1790.0,-1.0533245148726978e-08,1838.0,ASK
608,1712694150.232801,51695856.87168335,1790.0,-0.0,1838.0,ASK
609,1712694151.8492465,51695861.33440291,1790.0,-4.7613587027321446e-11,1838.0,ASK
610,1712694154.2557683,51696305.45084302,1790.0,-4.7383611021713815e-09,1838.0,ASK
611,1712694154.2607343,51696370.32572596,1790.0,-6.921622215517468e-10,1838.0,ASK
612,1712694155.0663805,51696554.02572596,1790.0,-1.95992954970906e-09,1838.0,ASK
613,1712694180.3190403,51696554.02572596,1790.0,-0.0,1838.0,ASK
614,1712694186.6795692,51696783.82472596,1794.0,2.451735732813577e-09,1838.0,BID
615,1712694186.698994,51697721.14671206,1794.0,1.0000329881480335e-08,1838.0,BID
616,1712694186.7030015,51698335.55993606,1794.0,6.555201963404074e-09,1838.0,BID
617,1712694196.5892172,51698338.65464358,1795.0,3.301757190591488e-11,1838.0,BID
618,1712694197.5843496,51698343.10057364,1795.0,4.743382514476031e-11,1838.0,BID
619,1712694206.9191213,51698346.19528115,1793.0,-3.3017571826424304e-11,1838.0,ASK
620,1712694210.3289206,51698346.19528115,1793.0,-0.0,1838.0,ASK
621,1712694213.2790184,51698747.43772464,1793.0,-4.280726602296968e-09,1838.0,ASK
622,1712694213.2890131,51699346.19528115,1793.0,-6.387951828168376e-09,1838.0,ASK
623,1712694227.8204827,51700972.31903719,1795.0,1.734859144136978e-08,1838.0,BID
624,1712694227.8264303,51701048.88998867,1795.0,8.169108584196047e-10,1838.0,BID
625,1712694233.7989547,51701271.98499817,1795.0,2.3801289157789547e-09,1838.0,BID
626,1712694233.8042476,51701326.54848449,1795.0,5.821202896226267e-10,1838.0,BID
627,1712694240.2088037,51701326.54848449,1795.0,0.0,1838.0,BID
628,1712694249.7889924,51701867.65007853,1795.0,5.772509564550325e-09,1838.0,BID
629,1712694261.9827502,51701884.36317045,1795.0,1.7829643093272634e-10,1838.0,BID
630,1712694270.1994894,51701884.36317045,1795.0,0.0,1838.0,BID
631,1712694274.4288754,51701900.1012624,1795.0,1.6789326973247683e-10,1838.0,BID
632,1712694274.9890692,51701995.44677271,1793.0,-1.0171416926384834e-09,1838.0,ASK
633,1712694274.9955492,51702041.57125138,1793.0,-4.92053901134656e-10,1838.0,ASK
634,1712694300.3185108,51702041.57125138,1793.0,-0.0,1838.0,ASK
635,1712694325.1437511,51702194.38826203,1792.0,-1.630321793367596e-09,1838.0,ASK
636,1712694330.3083737,51702194.38826203,1792.0,-0.0,1838.0,ASK
637,1712694360.218245,51702194.38826203,1792.0,-0.0,1838.0,ASK
638,1712694373.8588428,51702210.3285469,1793.0,1.7005775580345972e-10,1838.0,BID
639,1712694373.863699,51702484.37336563,1795.0,2.9236269780695163e-09,1838.0,BID
640,1712694373.8681242,51702595.91826246,1792.0,1.1900085217095095e-09,1838.0,BID
641,1712694373.871929,51702601.5904122,1793.0,6.051291201355889e-11,1838.0,BID
642,1712694390.2181244,51702601.5904122,1793.0,0.0,1838.0,BID
643,1712694409.6584542,51704739.84565432,1790.0,-2.281164087801357e-08,1838.0,ASK
644,1712694414.538162,51706714.88133964,1790.0,-2.1070358620950306e-08,1838.0,ASK
645,1712694420.3379946,51706714.88133964,1790.0,-0.0,1838.0,ASK
646,1712694425.078082,51706873.20198626,1790.0,-1.6888863416777483e-09,1838.0,ASK
647,1712694447.3780997,51710753.10777145,1790.0,-4.138891564329669e-08,1838.0,ASK
648,1712694450.3379202,51710753.10777145,1790.0,-0.0,1838.0,ASK
649,1712694455.5980375,51711051.37847636,1790.0,-3.181559006726355e-09,1838.0,ASK
650,1712694480.1981242,51711051.37847636,1790.0,-0.0,1838.0,ASK
651,1712694504.257779,51711059.26148471,1795.0,8.408507098758227e-11,1838.0,BID
652,1712694510.1880744,51711059.26148471,1795.0,0.0,1838.0,BID
653,1712694527.0976388,51711069.26148471,1795.0,1.0666620473642027e-10,1838.0,BID
654,1712694540.2276356,51711069.26148471,1795.0,0.0,1838.0,BID
655,1712694542.459548,51711484.97451955,1795.0,4.434252319559712e-09,1838.0,BID
656,1712694551.8975286,51711751.330181,1792.0,-2.8411142077361e-09,1838.0,ASK
657,1712694560.567634,51711825.12775354,1792.0,7.87170547425383e-10,1838.0,BID
658,1712694565.5276663,51711880.46676023,1792.0,5.90280068755257e-10,1838.0,BID
659,1712694570.0737112,51711900.68755439,1792.0,2.156874956429702e-10,1838.0,BID
660,1712694570.2373624,51711900.68755439,1792.0,0.0,1838.0,BID
661,1712694576.837527,51711921.96410956,1792.0,-2.2694528584974e-10,1838.0,ASK
662,1712694576.8413837,51711953.08185509,1792.0,-3.3191583862960213e-10,1838.0,ASK
663,1712694588.8494077,51712037.70990068,1792.0,9.026807131505259e-10,1838.0,BID
664,1712694593.187399,51712524.284535,1792.0,-5.190023411911921e-09,1838.0,ASK
665,1712694600.4171815,51712524.284535,1792.0,-0.0,1838.0,ASK
666,1712694600.8193986,51712528.190785,1792.0,4.1665591994166255e-11,1838.0,BID
667,1712694603.1973584,51713345.190785,1791.0,-8.71444189676386e-09,1838.0,ASK
668,1712694603.7971692,51713436.64955625,1791.0,-9.755350648928935e-10,1838.0,ASK
669,1712694610.6474853,51713442.22991339,1792.0,5.952227426602737e-11,1838.0,BID
670,1712694614.7874377,51713535.52087951,1792.0,9.95077972717143e-10,1838.0,BID
671,1712694619.6376536,51713564.07599087,1791.0,-3.0457999857173194e-10,1838.0,ASK
672,1712694630.3171656,51713564.07599087,1791.0,-0.0,1838.0,ASK
673,1712694633.1172488,51714042.40546452,1792.0,5.101948107145197e-09,1838.0,BID
674,1712694651.0736744,51715077.03669179,1791.0,-1.1035562561639856e-08,1838.0,ASK
675,1712694651.0795722,51715261.29129815,1791.0,-1.9652927363380852e-09,1838.0,ASK
676,1712694651.084959,51715745.10017204,1790.0,-5.160392374584408e-09,1838.0,ASK
677,1712694652.477159,51715748.50046194,1792.0,3.626810300788409e-11,1838.0,BID
678,1712694660.199512,51715748.50046194,1792.0,0.0,1838.0,BID
679,1712694660.2955413,51716864.87475247,1792.0,1.1906951892080106e-08,1838.0,BID
680,1712694690.257151,51716864.87475247,1792.0,0.0,1838.0,BID
681,1712694692.3070543,51718898.47423943,1790.0,-2.168936960997651e-08,1838.0,ASK
682,1712694712.637637,51719082.72884579,1790.0,-1.965168798122084e-09,1838.0,ASK
683,1712694720.3177185,51719082.72884579,1790.0,-0.0,1838.0,ASK
684,1712694735.2576046,51719087.17477585,1790.0,-4.7416090564284566e-11,1838.0,ASK
685,1712694749.298086,51720757.51195752,1790.0,-1.781423865796258e-08,1838.0,ASK
686,1712694750.317951,51720757.51195752,1790.0,-0.0,1838.0,ASK
687,1712694773.3381658,51721316.17117539,1790.0,-5.957941045212054e-09,1838.0,ASK
688,1712694773.345038,51726123.60270401,1790.0,-5.1269884591774094e-08,1838.0,ASK
689,1712694775.3504572,51726301.76080866,1789.0,-1.900005316799714e-09,1838.0,ASK
690,1712694780.2382083,51726301.76080866,1789.0,-0.0,1838.0,ASK
691,1712694782.859503,51727112.33651577,1789.0,8.643643656859662e-09,1838.0,BID
692,1712694802.7783022,51727378.69217722,1787.0,-2.8403064678454756e-09,1838.0,ASK
693,1712694810.1899114,51727378.69217722,1787.0,-0.0,1838.0,ASK
694,1712694835.158683,51727395.50450521,1785.0,-1.792760210097504e-10,1838.0,ASK
695,1712694835.1660428,51727453.22103182,1785.0,-6.15452496806418e-10,1838.0,ASK
696,1712694840.3286698,51727453.22103182,1785.0,-0.0,1838.0,ASK
697,1712694842.558794,51727858.50888537,1785.0,-4.321726933055831e-09,1838.0,ASK
698,1712694845.5488424,51727861.86271432,1789.0,3.5763057744424625e-11,1838.0,BID
699,1712694862.3987205,51728422.08680396,1785.0,-5.973866513754773e-09,1838.0,ASK
700,1712694865.472263,51729063.6150102,1789.0,6.840840905987028e-09,1838.0,BID
701,1712694865.4778624,51729530.20083414,1789.0,4.975368751496334e-09,1838.0,BID
702,1712694870.319628,51729530.20083414,1789.0,0.0,1838.0,BID
703,1712694900.2129102,51729530.20083414,1789.0,0.0,1838.0,BID
704,1712694930.2092075,51729530.20083414,1789.0,0.0,1838.0,BID
705,1712694954.4396567,51731225.24722877,1789.0,1.8074468511529252e-08,1838.0,BID
706,1712694960.319568,51731225.24722877,1789.0,0.0,1838.0,BID
707,1712694974.1296473,51731391.30069546,1787.0,-1.7705893590025203e-09,1838.0,ASK
708,1712694986.6997778,51731624.3504192,1787.0,-2.484954811348624e-09,1838.0,ASK
709,1712694986.7060995,51733665.09720578,1787.0,-2.176000668259521e-08,1838.0,ASK
710,1712694989.10967,51734422.33586967,1787.0,-8.07425913636859e-09,1838.0,ASK
711,1712694989.2316546,51734643.48498838,1787.0,2.35806143738738e-09,1838.0,BID
712,1712694990.33397,51734643.48498838,1787.0,0.0,1838.0,BID
713,1712695015.6665854,51735441.40510638,1787.0,8.507481874437741e-09,1838.0,BID
714,1712695020.191419,51735441.40510638,1787.0,0.0,1838.0,BID
715,1712695023.890391,51735721.2036505,1787.0,2.9831869140537512e-09,1838.0,BID
716,1712695023.8969777,51735721.20365138,1787.0,9.453053011680809e-18,1838.0,BID
717,1712695024.0099497,51735721.2036523,1787.0,9.770802692745713e-18,1838.0,BID
718,1712695039.8399763,51736334.17780859,1788.0,6.535475327341751e-09,1838.0,BID
719,1712695050.2199898,51736334.17780859,1788.0,0.0,1838.0,BID
720,1712695062.50986,51736889.47105759,1789.0,5.920385937662009e-09,1838.0,BID
721,1712695062.6101892,51736889.47105761,1789.0,2.3830820565451526e-19,1838.0,BID
722,1712695080.330125,51736889.47105761,1789.0,0.0,1838.0,BID
723,1712695098.646501,51736892.57614425,1789.0,3.310524052474276e-11,1838.0,BID
724,1712695110.3204632,51736892.57614425,1789.0,0.0,1838.0,BID
725,1712695115.0832915,51736894.47105761,1789.0,2.0202836873645368e-11,1838.0,BID
726,1712695140.2400255,51736894.47105761,1789.0,0.0,1838.0,BID
727,1712695168.2503,51736937.52899995,1790.0,-4.5906719108049164e-10,1838.0,ASK
728,1712695170.200626,51736937.52899995,1790.0,-0.0,1838.0,ASK
729,1712695200.2508142,51736937.52899995,1790.0,-0.0,1838.0,ASK
730,1712695202.950944,51737325.05048105,1790.0,-4.133498772688315e-09,1838.0,ASK
731,1712695220.5309927,51737359.75672046,1792.0,3.701941827741784e-10,1838.0,BID
732,1712695220.5376282,51737508.79987485,1794.0,1.5897691503132454e-09,1838.0,BID
733,1712695230.2104905,51737508.79987485,1794.0,0.0,1838.0,BID
734,1712695247.4710236,51737595.18724446,1793.0,9.214410203785307e-10,1838.0,BID
735,1712695260.3105035,51737595.18724446,1793.0,0.0,1838.0,BID
736,1712695274.8806844,51737684.42316191,1793.0,9.518231583058267e-10,1838.0,BID
737,1712695283.7707443,51737766.77972968,1793.0,8.78445481183103e-10,1838.0,BID
738,1712695283.7772312,51737963.00668108,1793.0,2.093028927853805e-09,1838.0,BID
739,1712695285.760835,51738106.89686512,1793.0,1.534785693272468e-09,1838.0,BID
740,1712695290.323923,51738106.89686512,1793.0,0.0,1838.0,BID
741,1712695295.9983652,51738171.65215275,1789.0,-6.906969857545608e-10,1838.0,ASK
742,1712695297.000604,51738301.14612932,1792.0,1.381216925617429e-09,1838.0,BID
743,1712695297.0608368,51738382.5776709,1789.0,-8.68570311099828e-10,1838.0,ASK
744,1712695297.0853045,51738464.66151999,1789.0,-8.7552799506018e-10,1838.0,ASK
745,1712695299.790701,51741031.24830299,1789.0,-2.737589191115876e-08,1838.0,ASK
746,1712695299.8305445,51741031.24830395,1789.0,-1.0251611777854805e-17,1838.0,ASK
747,1712695299.9505856,51741252.39742265,1788.0,-2.358834857974509e-09,1838.0,ASK
748,1712695300.0306711,51741609.7867752,1788.0,-3.812009144006145e-09,1838.0,ASK
749,1712695300.0378563,51742341.97166965,1788.0,-7.809677296796008e-09,1838.0,ASK
750,1712695300.0505247,51742357.12139942,1787.0,-1.6159101546969335e-10,1838.0,ASK
751,1712695300.05452,51742442.11963599,1788.0,-9.066136210582572e-10,1838.0,ASK
752,1712695300.7541611,51742532.58192399,1790.0,9.648946354432522e-10,1838.0,BID
753,1712695300.759288,51742559.31605121,1792.0,2.8515325562077337e-10,1838.0,BID
754,1712695300.7632036,51744072.79955121,1791.0,1.6143214396595516e-08,1838.0,BID
755,1712695305.9107385,51744076.08526549,1792.0,3.5046295519883595e-11,1838.0,BID
756,1712695311.8606467,51744091.37146549,1789.0,-1.6304664301807884e-10,1838.0,ASK
757,1712695320.2105849,51744091.37146549,1789.0,-0.0,1838.0,ASK
758,1712695330.020785,51744163.93737073,1789.0,-7.739186984908988e-10,1838.0,ASK
759,1712695347.8746662,51744219.83451997,1789.0,-5.96145653256206e-10,1838.0,ASK
760,1712695350.2142918,51744219.83451997,1789.0,-0.0,1838.0,ASK
761,1712695380.3107204,51744219.83451997,1789.0,-0.0,1838.0,ASK
762,1712695386.0509267,51744223.18834893,1789.0,3.576865157882662e-11,1838.0,BID
763,1712695390.660925,51744223.18834975,1789.0,8.820125277415833e-18,1838.0,BID
764,1712695390.664497,51745338.17499875,1789.0,1.1891354463407005e-08,1838.0,BID
765,1712695410.3207726,51745338.17499875,1789.0,0.0,1838.0,BID
766,1712695440.2109416,51745338.17499875,1789.0,0.0,1838.0,BID
767,1712695448.5134354,51745394.38080375,1788.0,-5.994232215551447e-10,1838.0,ASK
768,1712695466.3309648,51745635.78271565,1788.0,-2.574501187735689e-09,1838.0,ASK
769,1712695470.2107077,51745635.78271565,1788.0,-0.0,1838.0,ASK
770,1712695498.3412004,51745651.05005911,1788.0,-1.6282211896235196e-10,1838.0,ASK
771,1712695498.3484852,51746214.3211869,1788.0,-6.007135347960806e-09,1838.0,ASK
772,1712695500.220903,51746214.3211869,1788.0,-0.0,1838.0,ASK
773,1712695506.331482,51746239.53839589,1788.0,-2.6893811607847005e-10,1838.0,ASK
774,1712695506.3380768,51746302.99400859,1788.0,-6.767455090977528e-10,1838.0,ASK
775,1712695506.343231,51746546.07494898,1788.0,-2.5924252835109023e-09,1838.0,ASK
776,1712695513.0310016,51746566.86024931,1788.0,-2.2167241089768567e-10,1838.0,ASK
777,1712695519.2930667,51746674.17878481,1788.0,-1.1445376357909335e-09,1838.0,ASK
778,1712695526.2011056,51746867.84983062,1788.0,-2.065475454554772e-09,1838.0,ASK
779,1712695530.2208176,51746867.84983062,1788.0,-0.0,1838.0,ASK
780,1712695560.3222256,51746867.84983062,1788.0,-0.0,1838.0,ASK
781,1712695564.0911112,51746925.53551294,1788.0,-6.1520231691622e-10,1838.0,ASK
782,1712695564.0963578,51746982.27438332,1788.0,-6.051048217703978e-10,1838.0,ASK
783,1712695566.580908,51747116.53857497,1789.0,1.431891562362919e-09,1838.0,BID
784,1712695566.585463,51747122.55174497,1789.0,6.412884384997704e-11,1838.0,BID
785,1712695576.3786874,51747130.6501965,1787.0,-8.636781166287127e-11,1838.0,ASK
786,1712695576.3817036,51747319.98418047,1787.0,-2.0191961146724327e-09,1838.0,ASK
787,1712695576.3909392,51747990.07287819,1787.0,-7.146316084018888e-09,1838.0,ASK
788,1712695577.6015053,51748150.87287818,1787.0,-1.714888835092254e-09,1838.0,ASK
789,1712695577.6209636,51748207.05968118,1787.0,-5.992171713144652e-10,1838.0,ASK
790,1712695577.720858,51749907.95337118,1787.0,-1.8139574619760924e-08,1838.0,ASK
791,1712695580.4713645,51749928.63564697,1787.0,-2.205709193639232e-10,1838.0,ASK
792,1712695580.4774897,51749981.59685522,1787.0,-5.648170692403075e-10,1838.0,ASK
793,1712695580.7309644,51750037.67408822,1786.0,-5.98048636634045e-10,1838.0,ASK
794,1712695584.640977,51750232.99466702,1786.0,-2.08304154154272e-09,1838.0,ASK
795,1712695585.3877025,51750289.21346402,1786.0,-5.9955837873689e-10,1838.0,ASK
796,1712695590.310813,51750289.21346402,1786.0,-0.0,1838.0,ASK
797,1712695595.8412435,51750364.2458266,1786.0,-8.001478318754583e-10,1838.0,ASK
798,1712695604.7815754,51750539.32133932,1786.0,-1.867011608000731e-09,1838.0,ASK
799,1712695604.7905333,51750547.65242646,1786.0,-8.884301499750945e-11,1838.0,ASK
800,1712695619.1911795,51750707.29446362,1786.0,-1.702428465765117e-09,1838.0,ASK
801,1712695620.218745,51750707.29446362,1786.0,-0.0,1838.0,ASK
802,1712695633.8613238,51751267.20487795,1784.0,-5.970857391252787e-09,1838.0,ASK
803,1712695633.871136,51752362.43072018,1783.0,-1.1679435044957474e-08,1838.0,ASK
804,1712695633.8747132,51752532.55747088,1785.0,-1.8142233844360523e-09,1838.0,ASK
1005,1712695633.9409964,51752801.22608188,1784.0,2.8650689837404304e-09,1838.0,BID
805,1712695633.9409964,51752801.22608188,1784.0,2.86506898374043e-09,1838.0,BID
806,1712695633.9810405,51752801.22608286,1784.0,1.0487746981607996e-17,1838.0,BID
807,1712695634.8511024,51752859.28572079,1786.0,6.191451513925383e-10,1838.0,BID
808,1712695635.0314343,51752886.44419733,1783.0,-2.8961667121631143e-10,1838.0,ASK
1009,1712695638.4032278,51753016.26957496,1783.0,-1.3844515047192302e-09,1838.0,ASK
809,1712695638.4032278,51753016.26957496,1783.0,-1.38445150471923e-09,1838.0,ASK
810,1712695638.7476594,51753083.58832852,1783.0,-7.178839095479128e-10,1838.0,ASK
811,1712695639.4612374,51753238.21436071,1783.0,-1.648924477099953e-09,1838.0,ASK
812,1712695639.4811118,51753391.21861794,1783.0,-1.631629947942027e-09,1838.0,ASK
813,1712695639.690885,51753467.43394151,1783.0,-8.12756498979522e-10,1838.0,ASK
814,1712695639.7308872,51753544.65142845,1783.0,-8.23443520304517e-10,1838.0,ASK
815,1712695640.5513537,51753610.79116605,1783.0,-7.053109408014864e-10,1838.0,ASK
816,1712695640.5816624,51753677.80058207,1783.0,-7.145851491497052e-10,1838.0,ASK
817,1712695641.376892,51753766.39481005,1783.0,-9.447645326828787e-10,1838.0,ASK
818,1712695641.390842,51753855.70645447,1783.0,-9.524150266927103e-10,1838.0,ASK
819,1712695650.2168474,51753855.70645447,1783.0,-0.0,1838.0,ASK
820,1712695650.320852,51754441.09363844,1783.0,-6.242166655568903e-09,1838.0,ASK
821,1712695650.3350515,51754596.63716058,1783.0,-1.658609231534139e-09,1838.0,ASK
822,1712695651.372027,51757720.96033758,1783.0,3.331563534477384e-08,1838.0,BID
823,1712695651.41107,51757720.96033779,1783.0,2.2245404018476973e-18,1838.0,BID
824,1712695653.4756618,51757724.31980027,1786.0,3.582299933602766e-11,1838.0,BID
825,1712695680.3512435,51757724.31980027,1786.0,0.0,1838.0,BID
826,1712695689.7312007,51757745.75745424,1786.0,2.2857959739942594e-10,1838.0,BID
827,1712695710.310977,51757745.75745424,1786.0,0.0,1838.0,BID
828,1712695714.5011106,51757884.39861548,1786.0,1.4782647360493284e-09,1838.0,BID
829,1712695714.5082111,51758285.10213024,1786.0,4.272510920879335e-09,1838.0,BID
830,1712695714.5208912,51758717.85884606,1786.0,4.614278952653426e-09,1838.0,BID
831,1712695740.2018733,51758717.85884606,1786.0,0.0,1838.0,BID
832,1712695748.8812425,51758973.61471854,1788.0,2.72695269683519e-09,1838.0,BID
833,1712695754.2010636,51759261.27579236,1788.0,3.067136380550877e-09,1838.0,BID
834,1712695756.89132,51759320.34081514,1788.0,6.297705761374267e-10,1838.0,BID
835,1712695756.8984857,51759820.55990869,1788.0,5.333499453695172e-09,1838.0,BID
836,1712695761.4508553,51759826.17788622,1783.0,-5.990071245270708e-11,1838.0,ASK
837,1712695762.9512773,51759831.79586375,1783.0,-5.990071245270708e-11,1838.0,ASK
838,1712695770.2109532,51759831.79586375,1783.0,-0.0,1838.0,ASK
839,1712695800.2610412,51759831.79586375,1783.0,-0.0,1838.0,ASK
840,1712695819.2612672,51759845.798271,1783.0,-1.493223509889732e-10,1838.0,ASK
841,1712695819.2698696,51759859.83848854,1783.0,-1.4972556174045336e-10,1838.0,ASK
842,1712695830.2010858,51759859.83848854,1783.0,-0.0,1838.0,ASK
843,1712695831.540882,51759946.19547811,1785.0,-9.209146397803851e-10,1838.0,ASK
844,1712695843.7814112,51760014.19049932,1785.0,-7.251018218152162e-10,1838.0,ASK
845,1712695843.8009748,51760081.46396984,1785.0,-7.174071743365616e-10,1838.0,ASK
846,1712695843.8609946,51760083.40454037,1785.0,-2.069432729948011e-11,1838.0,ASK
847,1712695843.8709812,51760149.63569097,1785.0,-7.062918300554227e-10,1838.0,ASK
848,1712695845.210887,51760192.09439472,1785.0,-4.5278143741643605e-10,1838.0,ASK
849,1712695857.9009626,51760764.83208085,1785.0,-6.107699243978175e-09,1838.0,ASK
850,1712695860.320835,51760764.83208085,1785.0,-0.0,1838.0,ASK
851,1712695867.031072,51760834.36442463,1785.0,-7.414831222475535e-10,1838.0,ASK
852,1712695867.056013,51760903.14226816,1785.0,-7.33437237780381e-10,1838.0,ASK
853,1712695867.062648,51760972.67987579,1785.0,-7.41539255203665e-10,1838.0,ASK
854,1712695868.361193,51761122.73609728,1788.0,1.6001784144233443e-09,1838.0,BID
855,1712695868.369866,51761739.43631859,1788.0,6.576404313600706e-09,1838.0,BID
856,1712695881.3232453,51761806.93631858,1785.0,-7.19810494195777e-10,1838.0,ASK
857,1712695890.3209405,51761806.93631858,1785.0,-0.0,1838.0,ASK
858,1712695892.5040314,51761935.99177352,1785.0,-1.3762018646948055e-09,1838.0,ASK
859,1712695892.510789,51761988.57556565,1785.0,-5.607350174272787e-10,1838.0,ASK
860,1712695892.7010942,51762047.46351306,1785.0,6.27960306423423e-10,1838.0,BID
861,1712695920.1857915,51762103.51732472,1784.0,-5.97738082160142e-10,1838.0,ASK
862,1712695920.211213,51762103.51732472,1784.0,-0.0,1838.0,ASK
863,1712695950.2143826,51762189.46351307,1784.0,-9.164946732776639e-10,1838.0,ASK
864,1712695950.2181754,51762245.51732472,1784.0,-5.97734708043867e-10,1838.0,ASK
865,1712695950.2236838,51762245.51732472,1784.0,-0.0,1838.0,ASK
866,1712695951.6911223,51762259.46905736,1784.0,-1.4877551744375796e-10,1838.0,ASK
867,1712695951.6988227,51762777.41662964,1784.0,-5.523179098139105e-09,1838.0,ASK
868,1712695951.791062,51763035.97879175,1784.0,-2.7572001603031243e-09,1838.0,ASK
869,1712695951.9509354,51763311.16280715,1784.0,-2.934448742181609e-09,1838.0,ASK
870,1712695952.0310118,51763827.13283601,1784.0,-5.502091391362099e-09,1838.0,ASK
871,1712695952.110947,51764136.71485332,1784.0,-3.301254834785479e-09,1838.0,ASK
872,1712695955.5146964,51764238.66740471,1783.0,-1.0871799212855615e-09,1838.0,ASK
873,1712695955.538592,51764373.25527921,1783.0,-1.435189534791957e-09,1838.0,ASK
874,1712695955.5711484,51764471.92326093,1783.0,-1.052154626105985e-09,1838.0,ASK
875,1712695956.730755,51764545.54390315,1783.0,-7.8506013750011e-10,1838.0,ASK
876,1712695957.4312935,51764705.49920917,1783.0,-1.705697352667941e-09,1838.0,ASK
877,1712695958.5209851,51765280.6939212,1783.0,-6.133638964319963e-09,1838.0,ASK
878,1712695970.9509437,51765348.53773036,1783.0,-7.234583744170688e-10,1838.0,ASK
879,1712695976.1690676,51765419.20824946,1783.0,-7.53601242340875e-10,1838.0,ASK
880,1712695980.330865,51765419.20824946,1783.0,-0.0,1838.0,ASK
881,1712695989.471048,51765758.3558358,1783.0,-3.6163018014560155e-09,1838.0,ASK
882,1712695993.060932,51765927.92962897,1783.0,-1.808150900648563e-09,1838.0,ASK
883,1712695996.7712753,51765999.65997739,1783.0,-7.648545903470457e-10,1838.0,ASK
884,1712695996.8155904,51766071.57128885,1783.0,-7.66784183729916e-10,1838.0,ASK
885,1712696006.5310206,51766151.77034106,1783.0,-8.55155656933381e-10,1838.0,ASK
886,1712696007.2154694,51766253.19090398,1783.0,-1.0814388164396267e-09,1838.0,ASK
887,1712696007.3512046,51766337.7249483,1783.0,-9.013793082594727e-10,1838.0,ASK
888,1712696007.359987,51766423.24183945,1783.0,-9.118593201824688e-10,1838.0,ASK
889,1712696010.3207254,51766423.24183945,1783.0,-0.0,1838.0,ASK
890,1712696013.7312772,51769217.05690327,1783.0,-2.9789643213104724e-08,1838.0,ASK
891,1712696013.8557086,51769313.63100308,1782.0,-1.029741737093345e-09,1838.0,ASK
892,1712696013.931016,51769386.07293209,1782.0,-7.72427368825359e-10,1838.0,ASK
893,1712696013.9384518,51769458.19657426,1782.0,-7.690335682874862e-10,1838.0,ASK
894,1712696015.9833412,51769522.32751439,1782.0,-6.83809694480982e-10,1838.0,ASK
895,1712696027.4026246,51769586.30540704,1782.0,-6.821777934823453e-10,1838.0,ASK
896,1712696040.2510717,51769586.30540704,1782.0,-0.0,1838.0,ASK
897,1712696070.2106848,51769586.30540704,1782.0,-0.0,1838.0,ASK
898,1712696077.7011302,51769638.88919917,1782.0,-5.60652077463353e-10,1838.0,ASK
899,1712696100.3207572,51769638.88919917,1782.0,-0.0,1838.0,ASK
900,1712696103.5208747,51769736.32564217,1783.0,1.039118030760523e-09,1838.0,BID
901,1712696103.5407867,51769902.57263917,1783.0,1.772953186924122e-09,1838.0,BID
902,1712696103.54932,51770123.44411941,1783.0,2.3554999600836555e-09,1838.0,BID
903,1712696114.1207566,51770134.66746396,1782.0,-1.1969217397168248e-10,1838.0,ASK
904,1712696114.1280146,51772467.43704461,1783.0,-2.487799080311661e-08,1838.0,ASK
905,1712696114.1344185,51772606.77197654,1782.0,-1.4859475122307267e-09,1838.0,ASK
906,1712696114.2408023,51773032.58315719,1782.0,4.541094295790231e-09,1838.0,BID
907,1712696114.260944,51773085.03683091,1785.0,5.59396017174786e-10,1838.0,BID
908,1712696114.2698066,51773088.39856178,1786.0,3.585142332493851e-11,1838.0,BID
909,1712696114.2739716,51773092.26500435,1785.0,4.1233957892838176e-11,1838.0,BID
1110,1712696121.0137584,51775425.034585,1786.0,2.487799080303716e-08,1838.0,BID
910,1712696121.0137584,51775425.034585,1786.0,2.4877990803037162e-08,1838.0,BID
911,1712696121.021352,51779482.85692912,1787.0,4.327494142369151e-08,1838.0,BID
912,1712696123.8408923,51779488.4435213,1790.0,5.957861843905509e-11,1838.0,BID
913,1712696123.8486736,51782257.27313023,1790.0,2.9528384679585672e-08,1838.0,BID
914,1712696130.3205929,51782257.27313023,1790.0,0.0,1838.0,BID
915,1712696149.4710329,51782401.07180824,1785.0,-1.533182898541483e-09,1838.0,ASK
916,1712696160.2043498,51782401.07180824,1785.0,-0.0,1838.0,ASK
917,1712696190.2824218,51782401.07180824,1785.0,-0.0,1838.0,ASK
918,1712696220.321251,51782401.07180824,1785.0,-0.0,1838.0,ASK
919,1712696230.6307173,51782536.7217242,1785.0,-1.446296760416137e-09,1838.0,ASK
920,1712696234.6816852,51782616.76982525,1785.0,8.534712934690335e-10,1838.0,BID
921,1712696239.3406527,51782621.29243831,1789.0,4.8220012347178337e-11,1838.0,BID
1122,1712696241.490753,51782625.81757797,1789.0,4.8246950866503026e-11,1838.0,BID
922,1712696241.490753,51782625.81757797,1789.0,4.824695086650303e-11,1838.0,BID
1123,1712696244.540666,51782630.34271763,1789.0,4.8246950866503026e-11,1838.0,BID
923,1712696244.540666,51782630.34271763,1789.0,4.824695086650303e-11,1838.0,BID
1124,1712696247.810543,51782634.86785729,1789.0,4.8246950866503026e-11,1838.0,BID
924,1712696247.810543,51782634.86785729,1789.0,4.824695086650303e-11,1838.0,BID
1125,1712696249.9207485,51782639.39299695,1789.0,4.8246950866503026e-11,1838.0,BID
925,1712696249.9207485,51782639.39299695,1789.0,4.824695086650303e-11,1838.0,BID
926,1712696250.3204217,51782639.39299695,1789.0,0.0,1838.0,BID
1127,1712696253.3912053,51782643.91561001,1789.0,4.821979351349924e-11,1838.0,BID
927,1712696253.3912053,51782643.91561001,1789.0,4.8219793513499235e-11,1838.0,BID
928,1712696255.780815,51782648.44074967,1789.0,4.8246731990052586e-11,1838.0,BID
929,1712696266.5525646,51783530.26423144,1789.0,9.40194212505872e-09,1838.0,BID
930,1712696272.1905155,51783534.7868445,1789.0,4.8219793513499235e-11,1838.0,BID
1130,1712696272.1905155,51783534.7868445,1789.0,4.821979351349924e-11,1838.0,BID
931,1712696274.2209587,51783539.30945756,1789.0,4.8219793592936814e-11,1838.0,BID
1132,1712696276.0505133,51783543.83207062,1789.0,4.821979351349924e-11,1838.0,BID
932,1712696276.0505133,51783543.83207062,1789.0,4.8219793513499235e-11,1838.0,BID
933,1712696277.9105527,51783548.35468368,1789.0,4.8219793592936814e-11,1838.0,BID
934,1712696278.700564,51783650.72315495,1789.0,1.0914456942386511e-09,1838.0,BID
935,1712696279.1234066,51783879.02466554,1789.0,-2.434135214173549e-09,1838.0,ASK
936,1712696280.2035763,51783879.02466554,1789.0,-0.0,1838.0,ASK
937,1712696280.5429232,51784107.32617613,1789.0,-2.434077660380983e-09,1838.0,ASK
938,1712696281.910676,51784111.84626541,1790.0,4.8191745730452616e-11,1838.0,BID
939,1712696284.6445389,51784116.36635469,1790.0,4.81917456510169e-11,1838.0,BID
940,1712696309.710547,51784616.36635469,1790.0,5.3308400240519854e-09,1838.0,BID
941,1712696310.2055817,51784616.36635469,1790.0,0.0,1838.0,BID
942,1712696319.510991,51784986.97461915,1785.0,-3.951251147549865e-09,1838.0,ASK
943,1712696319.5184896,51785186.97461915,1785.0,-2.132306009578457e-09,1838.0,ASK
944,1712696340.3468852,51785186.97461915,1785.0,-0.0,1838.0,ASK
945,1712696370.3303597,51785186.97461915,1785.0,-0.0,1838.0,ASK
946,1712696394.0402756,51785253.05756964,1785.0,-7.04537711597985e-10,1838.0,ASK
947,1712696394.8605895,51785394.75182318,1785.0,-1.5106611372515098e-09,1838.0,ASK
948,1712696398.0405092,51785479.41104105,1789.0,9.025869938433359e-10,1838.0,BID
949,1712696398.0487103,51785953.41104105,1789.0,5.053510365876252e-09,1838.0,BID
950,1712696400.330283,51785953.41104105,1789.0,0.0,1838.0,BID
951,1712696405.3573496,51787489.00813467,1785.0,-1.6374121579250334e-08,1838.0,ASK
952,1712696418.1746752,51787594.21185078,1785.0,-1.1217906345863395e-09,1838.0,ASK
953,1712696418.2102993,51787710.94771127,1785.0,-1.244758263904409e-09,1838.0,ASK
954,1712696418.2705543,51787899.02200427,1785.0,-2.0054422819307048e-09,1838.0,ASK
955,1712696418.3705585,51788023.44597853,1785.0,-1.326736870226823e-09,1838.0,ASK
956,1712696418.5708232,51788106.79757647,1785.0,-8.887807903549661e-10,1838.0,ASK
957,1712696422.430534,51788402.81341989,1785.0,-3.156426532521633e-09,1838.0,ASK
1158,1712696424.1706417,51788488.06831066,1785.0,-9.09075663459866e-10,1838.0,ASK
958,1712696424.1706417,51788488.06831066,1785.0,-9.090756634598661e-10,1838.0,ASK
959,1712696424.3103654,51788592.59873632,1785.0,-1.1146113167344622e-09,1838.0,ASK
960,1712696429.7305713,51788660.09873632,1785.0,-7.197546877314751e-10,1838.0,ASK
961,1712696430.2117102,51788660.09873632,1785.0,-0.0,1838.0,ASK
962,1712696432.4413092,51789513.8429595,1785.0,-9.103033354281044e-09,1838.0,ASK
963,1712696436.7606635,51789621.71125084,1785.0,-1.1501438338168943e-09,1838.0,ASK
964,1712696436.860412,51789719.66554559,1785.0,-1.0444360126654747e-09,1838.0,ASK
965,1712696441.2203913,51789999.46409063,1787.0,2.983347258855553e-09,1838.0,BID
966,1712696446.0154705,51790104.09702669,1785.0,-1.1156469128066762e-09,1838.0,ASK
967,1712696447.620325,51790245.39702668,1785.0,-1.5066088624035552e-09,1838.0,ASK
968,1712696451.5204089,51790396.73802331,1785.0,-1.613670819428977e-09,1838.0,ASK
969,1712696452.9004686,51790555.89684814,1785.0,-1.697028280525079e-09,1838.0,ASK
970,1712696452.9096026,51790674.69186124,1785.0,-1.2666498199496195e-09,1838.0,ASK
971,1712696454.7502904,51790975.61144254,1785.0,-3.208549951118828e-09,1838.0,ASK
972,1712696454.7704067,51793197.98116808,1785.0,-2.3695979648069973e-08,1838.0,ASK
973,1712696454.870411,51793258.46068164,1785.0,6.448617914715021e-10,1838.0,BID
974,1712696454.910327,51793331.90836127,1783.0,-7.8313464305613e-10,1838.0,ASK
1174,1712696454.910327,51793331.90836127,1783.0,-7.831346430561301e-10,1838.0,ASK
975,1712696459.634506,51793403.14571531,1783.0,-7.59567083786174e-10,1838.0,ASK
976,1712696460.3202417,51793403.14571531,1783.0,-0.0,1838.0,ASK
977,1712696472.2393646,51793419.9901847,1781.0,-1.7958765797623658e-10,1838.0,ASK
978,1712696472.2432988,51793775.30515103,1783.0,-3.788197845023576e-09,1838.0,ASK
979,1712696472.2469633,51793856.58408329,1780.0,-8.66557013370506e-10,1838.0,ASK
1180,1712696472.2506397,51795235.80912545,1781.0,-1.4704636245746621e-08,1838.0,ASK
980,1712696472.2506397,51795235.80912545,1781.0,-1.470463624574662e-08,1838.0,ASK
981,1712696472.2543125,51795348.16867601,1780.0,-1.197923666683661e-09,1838.0,ASK
982,1712696472.2581782,51795383.86591432,1783.0,-3.8058684282573196e-10,1838.0,ASK
983,1712696472.261884,51795911.86591432,1780.0,-5.629282894668599e-09,1838.0,ASK
984,1712696472.2655816,51796473.34822762,1781.0,-5.986255268760673e-09,1838.0,ASK
985,1712696472.269307,51797805.68581389,1780.0,-1.4204744667247928e-08,1838.0,ASK
986,1712696473.3704598,51797809.04715842,1785.0,3.583704407661141e-11,1838.0,BID
987,1712696490.319983,51797809.04715842,1785.0,0.0,1838.0,BID
988,1712696491.2002594,51797819.04715842,1782.0,-1.0660628908689992e-10,1838.0,ASK
989,1712696501.6491709,51797927.7373971,1782.0,-1.1587063005320708e-09,1838.0,ASK
990,1712696516.2101514,51797944.5818665,1782.0,-1.7957263749806362e-10,1838.0,ASK
1191,1712696517.939825,51798298.48313627,1782.0,-3.7728101072650834e-09,1838.0,ASK
991,1712696517.939825,51798298.48313627,1782.0,-3.772810107265083e-09,1838.0,ASK
992,1712696520.233105,51798298.48313627,1782.0,-0.0,1838.0,ASK
993,1712696550.2206562,51798298.48313627,1782.0,-0.0,1838.0,ASK
994,1712696550.3537085,51798304.09480854,1782.0,5.982339944452462e-11,1838.0,BID
995,1712696580.3101344,51798304.09480854,1782.0,0.0,1838.0,BID
996,1712696580.980303,51798538.02709081,1780.0,-2.4938417975993592e-09,1838.0,ASK
1196,1712696580.980303,51798538.02709081,1780.0,-2.493841797599359e-09,1838.0,ASK
997,1712696582.9900675,51799404.44082609,1780.0,-9.23642844883517e-09,1838.0,ASK
998,1712696584.5462782,51799427.20460195,1780.0,-2.4267388479730336e-10,1838.0,ASK
999,1712696585.5603116,51799483.38437723,1780.0,5.989061040268547e-10,1838.0,BID
1000,1712696599.7201686,51799533.64843591,1779.0,-5.358414376831861e-10,1838.0,ASK
1201,1712696606.4602053,51799606.89365296,1779.0,-7.808327349090553e-10,1838.0,ASK
1202,1712696609.5336838,51799663.07342824,1780.0,5.989061040268547e-10,1838.0,BID
1203,1712696610.319996,51799663.07342824,1780.0,0.0,1838.0,BID
1204,1712696625.0236723,51800068.3612818,1779.0,-4.320471365834283e-09,1838.0,ASK
1205,1712696636.5401666,51800307.76128179,1779.0,-2.5520647507008633e-09,1838.0,ASK
1206,1712696639.6142433,51800393.55189843,1779.0,-9.145497438318864e-10,1838.0,ASK
1207,1712696639.617291,51800479.66128179,1779.0,-9.179478779645187e-10,1838.0,ASK
1208,1712696640.2053366,51800479.66128179,1779.0,-0.0,1838.0,ASK
1209,1712696646.0033047,51800613.16128178,1779.0,-1.42312183841654e-09,1838.0,ASK
1210,1712696647.604214,51800616.53206829,1780.0,3.5932883115124506e-11,1838.0,BID
1211,1712696658.9425902,51800740.9075222,1779.0,-1.3258533680495843e-09,1838.0,ASK
1212,1712696658.9451282,51800759.10360768,1779.0,-1.93971884757752e-10,1838.0,ASK
1213,1712696670.2174115,51800759.10360768,1779.0,-0.0,1838.0,ASK
1214,1712696670.8728244,51801066.26289738,1779.0,-3.274327914282892e-09,1838.0,ASK
1215,1712696672.939949,51801865.13461607,1779.0,-8.515998233256574e-09,1838.0,ASK
1216,1712696672.9427466,51802423.99873204,1779.0,-5.957509463499935e-09,1838.0,ASK
1217,1712696678.283039,51802571.99807305,1779.0,-1.577677738598997e-09,1838.0,ASK
1218,1712696678.28468,51803067.43487416,1779.0,-5.281372245709058e-09,1838.0,ASK
1219,1712696678.439927,51803070.80566067,1780.0,3.5932692691134465e-11,1838.0,BID
1220,1712696678.579996,51803243.96995813,1779.0,-1.8459369842262427e-09,1838.0,ASK
1221,1712696678.645384,51803341.13327491,1779.0,-1.0357640841841876e-09,1838.0,ASK
1222,1712696678.6540003,51803467.46268858,1779.0,-1.346675615659122e-09,1838.0,ASK
1223,1712696678.679883,51803538.33748537,1779.0,-7.55527614947176e-10,1838.0,ASK
1224,1712696679.169947,51803605.83748536,1779.0,-7.19552172357131e-10,1838.0,ASK
1225,1712696679.4099162,51803674.39214021,1779.0,-7.30794827178075e-10,1838.0,ASK
1226,1712696679.4120965,51803742.82735859,1779.0,-7.295216305354665e-10,1838.0,ASK
1227,1712696679.4301302,51803811.37288052,1779.0,-7.306974699388519e-10,1838.0,ASK
1228,1712696679.4321582,51803879.70314949,1779.0,-7.284028664760262e-10,1838.0,ASK
1229,1712696680.410019,51804111.05074925,1779.0,-2.466172859458485e-09,1838.0,ASK
1230,1712696690.8899643,51804185.05492929,1779.0,-7.888869411241128e-10,1838.0,ASK
1231,1712696691.7998686,51804285.85492929,1779.0,-1.0745312442587588e-09,1838.0,ASK
1232,1712696693.739882,51804314.24292298,1779.0,-3.0261692637126025e-10,1838.0,ASK
1233,1712696694.3514674,51804647.10972298,1779.0,-3.5483708014877514e-09,1838.0,ASK
1234,1712696700.3200655,51804647.10972298,1779.0,-0.0,1838.0,ASK
1235,1712696702.040027,51804797.10972298,1779.0,-1.599019573152629e-09,1838.0,ASK
1236,1712696711.802686,51804918.70972298,1779.0,-1.2962718673182831e-09,1838.0,ASK
1237,1712696712.407222,51805143.30271911,1779.0,-2.3941906453434022e-09,1838.0,ASK
1238,1712696712.568519,51805254.70271911,1779.0,-1.1875385363121343e-09,1838.0,ASK
1239,1712696713.09985,51805316.15013736,1780.0,6.550374966778373e-10,1838.0,BID
1240,1712696713.360008,51805454.35013736,1779.0,-1.4732300334297256e-09,1838.0,ASK
1241,1712696715.309869,51805510.67731136,1779.0,-6.00455024847204e-10,1838.0,ASK
1242,1712696717.543107,51805608.77731136,1779.0,-1.0457588008577043e-09,1838.0,ASK
1243,1712696720.1723106,51805739.13336397,1779.0,-1.389612530653221e-09,1838.0,ASK
1244,1712696723.8897364,51805802.25058749,1779.0,-6.728378387814501e-10,1838.0,ASK
1245,1712696725.7279618,51805875.7200062,1779.0,-7.831935902443795e-10,1838.0,ASK
1246,1712696725.7433496,51805938.16073634,1779.0,-6.656263310345516e-10,1838.0,ASK
1247,1712696725.7456584,51805949.5062032,1779.0,-1.2094415716744507e-10,1838.0,ASK
1248,1712696725.7479737,51806023.26854483,1779.0,-7.86316186889601e-10,1838.0,ASK
1249,1712696728.2776196,51806132.16854482,1779.0,-1.1608882100135e-09,1838.0,ASK
1250,1712696728.6706223,51806432.16854482,1780.0,3.1980391463052592e-09,1838.0,BID
1251,1712696729.3499827,51806582.16854482,1779.0,-1.599019573152629e-09,1838.0,ASK
1252,1712696729.3530595,51806650.1428812,1779.0,-7.24615295606164e-10,1838.0,ASK
1253,1712696730.3297896,51806650.1428812,1779.0,-0.0,1838.0,ASK
1254,1712696730.9628384,51806753.0428812,1779.0,-1.0968857563460844e-09,1838.0,ASK
1255,1712696731.039969,51807821.70773033,1779.0,-1.1391673968298653e-08,1838.0,ASK
1256,1712696731.0430982,51809615.98616093,1778.0,-1.9126515582781856e-08,1838.0,ASK
1257,1712696733.150597,51810104.22790687,1778.0,-5.204523000819785e-09,1838.0,ASK
1258,1712696736.0201097,51810107.59869338,1780.0,3.5931658999062365e-11,1838.0,BID
1259,1712696760.2376716,51810107.59869338,1780.0,0.0,1838.0,BID
1260,1712696766.701005,51810162.71334199,1780.0,5.874685228258111e-10,1838.0,BID
1261,1712696777.536441,51810429.36047883,1781.0,-2.842199007841592e-09,1838.0,ASK
1262,1712696777.5387292,51810435.97237133,1778.0,-7.047634009152198e-11,1838.0,ASK
1263,1712696784.5015204,51810591.88654907,1780.0,-1.6618934165936763e-09,1838.0,ASK
1264,1712696784.5046518,51811021.85612956,1778.0,-4.583057330078639e-09,1838.0,ASK
1265,1712696789.0617456,51812186.59318866,1778.0,-1.2414963659267121e-08,1838.0,ASK
1266,1712696789.0652096,51813796.27233067,1778.0,-1.7157613295648737e-08,1838.0,ASK
1267,1712696790.2213314,51813796.27233067,1778.0,-0.0,1838.0,ASK
1268,1712696791.4721763,51813865.91262247,1782.0,7.422458467429011e-10,1838.0,BID
1269,1712696819.392569,51814357.4395585,1782.0,5.2388325411556445e-09,1838.0,BID
1270,1712696819.395751,51814420.83967073,1782.0,6.75736255201183e-10,1838.0,BID
1271,1712696820.32376,51814420.83967073,1782.0,0.0,1838.0,BID
1272,1712696823.5927436,51814503.03967073,1778.0,-8.76100361962618e-10,1838.0,ASK
1273,1712696824.7727194,51814519.93156262,1778.0,-1.8003640631668244e-10,1838.0,ASK
1274,1712696831.40257,51814611.13156261,1778.0,-9.720237592630122e-10,1838.0,ASK
1275,1712696835.2661495,51814704.1315626,1778.0,-9.912084386119175e-10,1838.0,ASK
1276,1712696836.36449,51814769.23156259,1778.0,-6.93845907075988e-10,1838.0,ASK
1277,1712696837.4926612,51814922.83156259,1778.0,-1.637092647275937e-09,1838.0,ASK
1278,1712696840.0399404,51815210.53156258,1778.0,-3.0663512669088686e-09,1838.0,ASK
1279,1712696840.134474,51815265.64621118,1778.0,-5.874204815881296e-10,1838.0,ASK
1280,1712696840.3249185,51815335.64621118,1778.0,-7.460708678919523e-10,1838.0,ASK
1281,1712696840.326435,51816348.93506381,1778.0,-1.079978991012044e-08,1838.0,ASK
1282,1712696842.2327285,51816351.75976829,1777.0,-3.010613893261543e-11,1838.0,ASK
1283,1712696842.234412,51816672.2999695,1777.0,-3.416367230151741e-09,1838.0,ASK
1284,1712696842.4601195,51816866.3189125,1777.0,-2.067884016987803e-09,1838.0,ASK
1285,1712696842.4727714,51816866.31891291,1777.0,-4.36751946105035e-18,1838.0,ASK
1286,1712696842.6329026,51816916.96924991,1776.0,-5.398391555282284e-10,1838.0,ASK
1287,1712696842.6354823,51816938.61891291,1776.0,-2.3074546949924803e-10,1838.0,ASK
1288,1712696849.4259305,51817086.81891291,1776.0,-1.579538608832173e-09,1838.0,ASK
1289,1712696850.3130226,51817086.81891291,1776.0,-0.0,1838.0,ASK
1290,1712696853.4031355,51817489.05534191,1776.0,-4.2868817766435745e-09,1838.0,ASK
1291,1712696853.41292,51817489.05534225,1776.0,-3.652649960699321e-18,1838.0,ASK
1292,1712696853.4230082,51817494.68914225,1775.0,-6.004288227495569e-11,1838.0,ASK
1293,1712696853.434557,51817532.30238168,1775.0,-4.0086749744183126e-10,1838.0,ASK
1294,1712696853.4370964,51817561.31497294,1774.0,-3.0920508384957166e-10,1838.0,ASK
1295,1712696859.373309,51817566.94243495,1777.0,5.997533445447596e-11,1838.0,BID
1296,1712696870.3834894,51817574.83099733,1776.0,8.407327600928335e-11,1838.0,BID
1297,1712696870.5833442,51817578.2093757,1776.0,3.6005462509617785e-11,1838.0,BID
1298,1712696871.123436,51817583.2093757,1776.0,5.328808466351655e-11,1838.0,BID
1299,1712696873.873506,51817602.5144754,1776.0,2.0574635740677247e-10,1838.0,BID
1300,1712696880.2109337,51817602.5144754,1776.0,0.0,1838.0,BID
1301,1712696883.894555,51817883.60620303,1777.0,2.9957387175282486e-09,1838.0,BID
1302,1712696900.4040956,51817894.42483324,1774.0,-1.1529969119767284e-10,1838.0,ASK
1303,1712696900.4143748,51818334.15805847,1774.0,-4.686462527114551e-09,1838.0,ASK
1304,1712696900.4171133,51819514.28611825,1774.0,-1.257723003848303e-08,1838.0,ASK
1305,1712696902.6141312,51819518.78808786,1777.0,4.797979929523112e-11,1838.0,BID
1306,1712696905.1948614,51819648.08808785,1774.0,-1.378016419807202e-09,1838.0,ASK
1307,1712696909.8945456,51819858.68808784,1774.0,-2.244472219849921e-09,1838.0,ASK
1308,1712696909.9544642,51822250.63878848,1774.0,-2.5492245484205984e-08,1838.0,ASK
1309,1712696909.9579186,51825604.96928648,1774.0,-3.5748820603869766e-08,1838.0,ASK
1310,1712696910.2302108,51825604.96928648,1774.0,-0.0,1838.0,ASK
1311,1712696916.4246168,51825616.24396498,1773.0,-1.2014185341173167e-10,1838.0,ASK
1312,1712696916.4281793,51825624.27438618,1773.0,-8.557137015988054e-11,1838.0,ASK
1313,1712696923.4151213,51825645.13840164,1773.0,-2.2232487492296807e-10,1838.0,ASK
1314,1712696923.4187715,51825783.55720697,1773.0,-1.474977031203669e-09,1838.0,ASK
1315,1712696926.1248486,51825813.75960863,1773.0,-3.2183378998784416e-10,1838.0,ASK
1316,1712696940.3186767,51825813.75960863,1773.0,-0.0,1838.0,ASK
1317,1712696940.3849258,51825838.34872312,1773.0,2.6201812640068997e-10,1838.0,BID
1318,1712696948.8655665,51826093.4950801,1771.0,-2.718803494441998e-09,1838.0,ASK
1319,1712696948.869189,51826651.53079438,1771.0,-5.946349648062226e-09,1838.0,ASK
1320,1712696949.145193,51827363.5486439,1771.0,-7.587161503349167e-09,1838.0,ASK
1321,1712696950.9152298,51827370.3168334,1773.0,7.212087005382696e-11,1838.0,BID
1322,1712696950.9753664,51828089.23859527,1771.0,-7.660728616931788e-09,1838.0,ASK
1323,1712696950.9788752,51828111.39257607,1771.0,-2.3606968614284776e-10,1838.0,ASK
1324,1712696951.4753554,51828122.9942895,1771.0,1.2362621751356922e-10,1838.0,BID
1325,1712696954.88524,51828996.58685515,1771.0,9.308878826799302e-09,1838.0,BID
1326,1712696957.869199,51829757.08795144,1771.0,8.103792123871768e-09,1838.0,BID
1327,1712696965.4559262,51829779.77508331,1771.0,-2.4175086859675387e-10,1838.0,ASK
1328,1712696965.459589,51829915.86465272,1771.0,-1.4501512044223141e-09,1838.0,ASK
1329,1712696970.3253863,51829915.86465272,1771.0,-0.0,1838.0,ASK
1330,1712696972.0858316,51829956.22799594,1770.0,-4.300727831984694e-10,1838.0,ASK
1331,1712696972.0887368,51830812.45531842,1770.0,-9.123130996737774e-09,1838.0,ASK
1332,1712696972.1054828,51830857.2935459,1770.0,-4.777528259457064e-10,1838.0,ASK
1333,1712696977.5357993,51831059.89377913,1770.0,-2.158712317591872e-09,1838.0,ASK
1334,1712696985.3663907,51831163.22898084,1770.0,-1.1010400591358852e-09,1838.0,ASK
1335,1712696985.370271,51832183.00357254,1770.0,-1.0865732665774858e-08,1838.0,ASK
1336,1712696987.3368697,51832763.64338761,1770.0,-6.186736811259365e-09,1838.0,ASK
1337,1712696990.6662457,51832770.42304862,1770.0,7.223751675092953e-11,1838.0,BID
1338,1712696996.2413764,51833072.16200964,1770.0,3.215038805599065e-09,1838.0,BID
1339,1712696998.9975412,51833354.64788534,1770.0,3.00989653218844e-09,1838.0,BID
1340,1712697000.245895,51833354.64788534,1770.0,0.0,1838.0,BID
1341,1712697006.05654,51833399.84856334,1769.0,-4.816556385265037e-10,1838.0,ASK
1342,1712697006.0599406,51833587.63951868,1769.0,-2.001088844058905e-09,1838.0,ASK
1343,1712697006.0632615,51834151.97360446,1769.0,-6.013509230901535e-09,1838.0,ASK
1344,1712697006.06653,51834180.25414744,1768.0,-3.013557226682576e-10,1838.0,ASK
1345,1712697006.0698795,51834280.25414744,1769.0,-1.0655938357042875e-09,1838.0,ASK
1346,1712697006.0725782,51834564.4325377,1768.0,-3.028187408982911e-09,1838.0,ASK
1347,1712697013.006422,51834567.99185973,1770.0,3.792791613764168e-11,1838.0,BID
1348,1712697013.4262793,51834630.58896554,1770.0,6.67030900904657e-10,1838.0,BID
1349,1712697014.3475995,51834785.98896553,1768.0,-1.6559328205891915e-09,1838.0,ASK
1350,1712697015.5965085,51834794.30003397,1770.0,8.856223295642364e-11,1838.0,BID
1351,1712697016.0765574,51834802.20963848,1770.0,8.428425803071953e-11,1838.0,BID
1352,1712697019.2768888,51835052.42010984,1770.0,2.666227359118788e-09,1838.0,BID
1353,1712697019.2812648,51836143.20524522,1770.0,1.1623339163397792e-08,1838.0,BID
1354,1712697030.22722,51836143.20524522,1770.0,0.0,1838.0,BID
1355,1712697047.0469315,51837588.66381382,1769.0,-1.540190764203543e-08,1838.0,ASK
1356,1712697047.5067775,51837788.46381382,1769.0,-2.128944553428009e-09,1838.0,ASK
1357,1712697050.6872544,51837795.24347483,1770.0,7.223985180930016e-11,1838.0,BID
1358,1712697053.8793812,51837945.24347483,1769.0,-1.59830672181664e-09,1838.0,ASK
1359,1712697059.9994695,51838378.88104541,1769.0,-4.620572292547119e-09,1838.0,ASK
1360,1712697060.3383603,51838378.88104541,1769.0,-0.0,1838.0,ASK
1361,1712697064.267786,51838386.5056921,1769.0,-8.124007019521948e-11,1838.0,ASK
1362,1712697064.2724433,51838473.40869122,1769.0,-9.259452971856656e-10,1838.0,ASK
1363,1712697064.3673215,51838485.60426285,1769.0,1.2994295148622883e-10,1838.0,BID
1364,1712697069.3141708,51838633.30426285,1768.0,-1.5737330331319115e-09,1838.0,ASK
1365,1712697072.5972743,51838894.44216218,1768.0,-2.782405811736538e-09,1838.0,ASK
1366,1712697072.599638,51840827.90272266,1768.0,-2.0600885256428485e-08,1838.0,ASK
1367,1712697072.6973312,51841936.36135366,1768.0,1.1810548161949204e-08,1838.0,BID
1368,1712697080.2575283,51842536.04239807,1768.0,6.389559031597338e-09,1838.0,BID
1369,1712697080.2613072,51842932.75044466,1768.0,4.2268961234898395e-09,1838.0,BID
1370,1712697080.2811418,51842932.75044503,1768.0,3.9692704135902456e-18,1838.0,BID
1371,1712697081.1408565,51843028.43567803,1769.0,1.0195193768095236e-09,1838.0,BID
1372,1712697081.2375472,51843028.43567859,1769.0,5.9539056203853695e-18,1838.0,BID
1373,1712697085.6177015,51843035.2153396,1770.0,7.223680766794386e-11,1838.0,BID
1374,1712697087.8476405,51843038.60517011,1770.0,3.611840383397193e-11,1838.0,BID
1375,1712697090.3374932,51843038.60517011,1770.0,0.0,1838.0,BID
1376,1712697096.636638,51843047.71858742,1770.0,9.709429252120571e-11,1838.0,BID
1377,1712697097.8376696,51843115.88427185,1768.0,-7.262367866166411e-10,1838.0,ASK
1378,1712697108.418248,51843184.45346826,1770.0,7.30535800779043e-10,1838.0,BID
1379,1712697108.4237242,51843762.45346785,1770.0,6.158008473997639e-09,1838.0,BID
1380,1712697108.4979358,51843762.45346826,1770.0,4.365814215661409e-18,1838.0,BID
1381,1712697118.798269,51843765.27390868,1771.0,3.0048955039850285e-11,1838.0,BID
1382,1712697118.8031287,51843768.1015923,1770.0,3.012612406062816e-11,1838.0,BID
1383,1712697120.241722,51843768.1015923,1770.0,0.0,1838.0,BID
1384,1712697122.1282923,51843775.43751325,1773.0,7.815578200859677e-11,1838.0,BID
1385,1712697123.758198,51844112.47078358,1768.0,-3.590701018136293e-09,1838.0,ASK
1386,1712697123.7613752,51844116.12909358,1769.0,-3.897507638244751e-11,1838.0,ASK
1387,1712697123.7644122,51844456.93098222,1769.0,-3.6308513023569326e-09,1838.0,ASK
1388,1712697124.241642,51844459.78408956,1768.0,-3.039657011564019e-11,1838.0,ASK
1389,1712697124.698533,51845790.90370509,1768.0,-1.4181545204971896e-08,1838.0,ASK
1390,1712697124.7030315,51845921.58580962,1768.0,-1.3922671946372499e-09,1838.0,ASK
1391,1712697133.5032582,51846087.53334432,1770.0,-1.767979704888404e-09,1838.0,ASK
1392,1712697137.0644262,51846093.80252611,1770.0,6.679090585611037e-11,1838.0,BID
1393,1712697142.1784637,51846642.34076488,1770.0,5.844042668305645e-09,1838.0,BID
1394,1712697150.2385433,51846642.34076488,1770.0,0.0,1838.0,BID
1395,1712697151.198675,51846748.57521827,1770.0,1.131744357335935e-09,1838.0,BID
1396,1712697152.058434,51846754.22493578,1770.0,6.018796829378256e-11,1838.0,BID
1397,1712697163.813505,51846998.96278888,1770.0,2.6072585252984847e-09,1838.0,BID
1398,1712697163.90885,51847087.53334432,1770.0,9.435660762602747e-10,1838.0,BID
1399,1712697163.913613,51847635.53245341,1770.0,5.83798268603557e-09,1838.0,BID
1400,1712697166.8186872,51847652.48160595,1770.0,1.8056390496072075e-10,1838.0,BID
1401,1712697171.818718,51847696.62274743,1768.0,-4.702475158038416e-10,1838.0,ASK
1402,1712697178.5689037,51847703.39475645,1772.0,7.214404324292742e-11,1838.0,BID
1403,1712697180.325273,51847747.53589794,1768.0,-4.702475158832148e-10,1838.0,ASK
1404,1712697180.3578105,51847747.53589794,1768.0,-0.0,1838.0,ASK
1405,1712697183.6791797,51850042.20421058,1772.0,2.4445212611455882e-08,1838.0,BID
1406,1712697195.419529,51850236.00685778,1772.0,2.06458898196791e-09,1838.0,BID
1407,1712697210.3485394,51850236.00685778,1772.0,0.0,1838.0,BID
1408,1712697224.389496,51850241.65338516,1771.0,6.014990394134432e-11,1838.0,BID
1409,1712697239.0800056,51850275.10588533,1771.0,3.5635436369418045e-10,1838.0,BID
1410,1712697240.213867,51850275.10588533,1771.0,0.0,1838.0,BID
1411,1712697242.929598,51850290.24493186,1768.0,-1.612693009175017e-10,1838.0,ASK
1412,1712697244.010748,51850313.0782357,1771.0,2.4323268570840964e-10,1838.0,BID
1413,1712697249.4199808,51850350.7465774,1768.0,-4.01263521984384e-10,1838.0,ASK
1414,1712697251.7500265,51850626.90010021,1768.0,-2.941736486978533e-09,1838.0,ASK
1415,1712697251.7542553,51850782.87799313,1768.0,-1.661560765525896e-09,1838.0,ASK
1416,1712697251.7583816,51850792.00372842,1768.0,-9.721226150143424e-11,1838.0,ASK
1417,1712697254.5198236,51852132.99933516,1768.0,-1.4285009530445928e-08,1838.0,ASK
1418,1712697262.370028,51852364.79083666,1768.0,-2.469168274191696e-09,1838.0,ASK
1419,1712697266.9201274,51852930.01275058,1768.0,-6.021049126894207e-09,1838.0,ASK
1420,1712697266.923363,51853997.46881585,1768.0,-1.1371118584582134e-08,1838.0,ASK
1421,1712697270.2199402,51853997.46881585,1768.0,-0.0,1838.0,ASK
1422,1712697274.0600584,51854745.6912302,1768.0,-7.969910560643462e-09,1838.0,ASK
1423,1712697274.063546,51854814.65194687,1768.0,-7.34555305392224e-10,1838.0,ASK
1424,1712697284.2802725,51855077.25194687,1768.0,-2.797160941763593e-09,1838.0,ASK
1425,1712697300.230168,51855077.25194687,1768.0,-0.0,1838.0,ASK
1426,1712697307.32063,51855080.07680562,1770.0,3.011787303120935e-11,1838.0,BID
1427,1712697311.7410846,51855132.24233329,1768.0,-5.561746180435245e-10,1838.0,ASK
1428,1712697311.7463274,51855188.37680562,1768.0,-5.984904226645151e-10,1838.0,ASK
1429,1712697312.260607,51855251.77643842,1770.0,6.7594958074451e-10,1838.0,BID
1430,1712697312.7304268,51855260.48327202,1770.0,9.282988342207808e-11,1838.0,BID
1431,1712697312.9904869,51855264.21208557,1770.0,3.975559226774377e-11,1838.0,BID
1432,1712697315.3810902,51855440.85679209,1768.0,-1.883337647793685e-09,1838.0,ASK
1433,1712697316.2403724,51855595.95679209,1768.0,-1.6536338671455483e-09,1838.0,ASK
1434,1712697316.3204858,51856144.49503143,1768.0,-5.848364990587146e-09,1838.0,ASK
1435,1712697319.9861302,51856308.49503143,1768.0,-1.748523238054751e-09,1838.0,ASK
1436,1712697323.4305763,51856313.45259703,1768.0,-5.285621129643734e-11,1838.0,ASK
1437,1712697330.210656,51856313.45259703,1768.0,-0.0,1838.0,ASK
1438,1712697331.0120814,51856390.55259702,1768.0,-8.220000004940702e-10,1838.0,ASK
1439,1712697339.1725664,51856465.22223132,1768.0,-7.96088708614448e-10,1838.0,ASK
1440,1712697342.7108042,51856580.18649333,1768.0,-1.225689019912197e-09,1838.0,ASK
1441,1712697342.7261465,51856751.09987568,1768.0,-1.8221893694961595e-09,1838.0,ASK
1442,1712697352.600935,51856922.00540287,1768.0,-1.822105621854285e-09,1838.0,ASK
1443,1712697360.3415823,51856922.00540287,1768.0,-0.0,1838.0,ASK
1444,1712697363.4511034,51857260.97612615,1768.0,3.613887659862065e-09,1838.0,BID
1445,1712697363.4555142,51857830.77669595,1768.0,6.074846900857328e-09,1838.0,BID
1446,1712697366.421055,51858358.16194532,1767.0,-5.6226420566700215e-09,1838.0,ASK
1447,1712697366.4254763,51858392.0698316,1767.0,-3.615040574000255e-10,1838.0,ASK
1448,1712697367.9911263,51858456.1326144,1768.0,6.829961536415169e-10,1838.0,BID
1449,1712697370.6494775,51858719.10817375,1767.0,-2.803676139347297e-09,1838.0,ASK
1450,1712697370.8612232,51858837.15579066,1767.0,-1.2585477055004722e-09,1838.0,ASK
1451,1712697370.90296,51858925.93892585,1767.0,-9.465486386719e-10,1838.0,ASK
1452,1712697372.6609683,51859562.50859585,1767.0,-6.786696068616644e-09,1838.0,ASK
1453,1712697380.1717486,51859698.71363794,1767.0,-1.4521304851144558e-09,1838.0,ASK
