,time,acc_trade_volume,trade_price,dev,high,ask_bid
0,1712689619.1726313,417698074.68747866,17.12,0.0,17.4,BID
1,1712689620.2049348,417698074.68747866,17.12,0.0,17.4,BID
2,1712689622.985273,417700074.68747866,17.09,-2.63314471055052e-07,17.4,ASK
3,1712689629.735075,417733897.7906051,17.08,-4.453056254592972e-06,17.4,ASK
4,1712689629.7362869,417745607.3924787,17.08,-1.5416538118030396e-06,17.4,ASK
5,1712689650.2158473,417745607.3924787,17.08,-0.0,17.4,ASK
6,1712689650.8854046,417745607.892773,17.08,-6.586032050303836e-11,17.4,ASK
7,1712689662.8563578,417763225.55577296,17.07,-2.319244903659957e-06,17.4,ASK
8,1712689667.1148338,417787721.14877295,17.07,-3.224677372214824e-06,17.4,ASK
9,1712689667.2049365,417792836.0579704,17.07,-6.733428315025079e-07,17.4,ASK
10,1712689667.214842,417800722.8019704,17.07,-1.0382359356359884e-06,17.4,ASK
11,1712689680.2249434,417800722.8019704,17.07,-0.0,17.4,ASK
12,1712689680.724928,417803531.8836627,17.07,3.697506080052753e-07,17.4,BID
13,1712689689.124926,417806456.5906627,17.06,-3.849700044203848e-07,17.4,ASK
14,1712689690.024904,417806462.7160191,17.06,-8.062614378798235e-10,17.4,ASK
15,1712689690.5349574,417806761.8362537,17.05,3.9372257815515456e-08,17.4,BID
16,1712689710.2050145,417806761.8362537,17.05,0.0,17.4,BID
17,1712689740.3049183,417806761.8362537,17.05,0.0,17.4,BID
18,1712689770.3148863,417806761.8362537,17.05,0.0,17.4,BID
19,1712689785.0050817,417830238.0546917,17.03,-3.09005904808368e-06,17.4,ASK
20,1712689785.0063624,417865463.77425367,17.03,-4.636588032497955e-06,17.4,ASK
21,1712689794.5449767,417870186.66596526,17.03,-6.216509828909442e-07,17.4,ASK
22,1712689798.6659627,417914181.9269653,17.03,-5.790879595237789e-06,17.4,ASK
23,1712689800.228026,417914181.9269653,17.03,-0.0,17.4,ASK
24,1712689801.054866,417920965.4199652,17.03,-8.929707182360485e-07,17.4,ASK
25,1712689816.5390232,417920976.420095,17.03,-1.448043629606399e-09,17.4,ASK
26,1712689816.540733,418019965.4199652,17.02,-1.3030790819998302e-05,17.4,ASK
27,1712689820.6556318,418019979.85658497,17.04,1.900418960379021e-09,17.4,BID
28,1712689820.6574347,418020279.85658497,17.03,3.949163292008457e-08,17.4,BID
29,1712689821.4951618,418064278.15858495,17.02,-5.791882638968256e-06,17.4,ASK
30,1712689824.1651726,418123015.3095849,17.02,-7.732086686873762e-06,17.4,ASK
31,1712689826.1950192,418151006.1835849,17.02,-3.6846844037361592e-06,17.4,ASK
32,1712689828.025029,418206955.5455849,17.02,-7.365105554054923e-06,17.4,ASK
33,1712689828.666608,418221290.8567147,17.02,-1.887082816445324e-06,17.4,ASK
34,1712689828.6680336,418236955.5455849,17.0,-2.062080475563133e-06,17.4,ASK
35,1712689828.7050428,418248059.0544168,17.0,-1.4616523163834403e-06,17.4,ASK
36,1712689828.7062411,418282394.3655466,17.0,-4.519858344450962e-06,17.4,ASK
37,1712689830.2148263,418282394.3655466,17.0,-0.0,17.4,ASK
38,1712689831.695031,418283159.0457494,17.02,1.0057860643053489e-07,17.4,BID
39,1712689851.945253,418307168.9045813,17.0,-3.158023619702068e-06,17.4,ASK
40,1712689851.9466605,418384159.0457494,17.0,-1.0126535353479576e-05,17.4,ASK
41,1712689852.8855453,418385005.2477494,17.0,-1.1130119179924577e-07,17.4,ASK
42,1712689860.315119,418385005.2477494,17.0,-0.0,17.4,ASK
43,1712689863.9155304,418418972.7163292,17.0,-4.46672603413066e-06,17.4,ASK
44,1712689863.9169228,418419555.0692704,17.0,-7.657947889753084e-08,17.4,ASK
45,1712689863.9183176,418585388.9206129,17.0,-2.1807170569426523e-05,17.4,ASK
46,1712689864.755164,418604571.9507037,17.0,-2.522570668417281e-06,17.4,ASK
47,1712689864.766451,418633983.7154095,17.0,-3.867650449503965e-06,17.4,ASK
48,1712689874.3448987,418636983.7154095,17.0,3.945003458500158e-07,17.4,BID
49,1712689890.3149402,418636983.7154095,17.0,0.0,17.4,BID
50,1712689920.2053068,418636983.7154095,17.0,0.0,17.4,BID
51,1712689935.80495,418637289.62476754,16.99,-4.02044687352523e-08,17.4,ASK
52,1712689935.817971,418642361.0848643,16.97,-6.665221365556763e-07,17.4,ASK
53,1712689950.2055423,418642361.0848643,16.97,-0.0,17.4,ASK
54,1712689968.405068,418643570.4217978,16.99,1.5893651014448657e-07,17.4,BID
55,1712689980.3049817,418643570.4217978,16.99,0.0,17.4,BID
56,1712689986.345525,418721281.0848643,16.99,1.021305799472762e-05,17.4,BID
57,1712689986.5855477,418753185.3508644,16.99,-4.192991104176876e-06,17.4,ASK
58,1712689986.6051648,418763884.0501498,16.99,-1.4060674810728972e-06,17.4,ASK
59,1712689988.9549432,418778495.0911498,16.99,-1.9202436732359654e-06,17.4,ASK
60,1712689989.0554757,418788993.8973956,16.99,-1.3797967078395544e-06,17.4,ASK
61,1712689989.057073,418926824.8973956,16.99,-1.811432229405358e-05,17.4,ASK
62,1712689989.0749383,418937316.68898416,16.99,-1.3788748124734016e-06,17.4,ASK
63,1712690001.086723,418951020.46369857,16.99,-1.801006971014723e-06,17.4,ASK
64,1712690001.0884953,418965328.3725599,16.97,-1.880404788960116e-06,17.4,ASK
65,1712690001.1650274,418966464.4474664,16.97,1.493076812046246e-07,17.4,BID
66,1712690010.3164594,418966464.4474664,16.97,0.0,17.4,BID
67,1712690027.9052465,419019730.49452657,16.98,-6.995401742213535e-06,17.4,ASK
68,1712690027.906993,419021730.49452657,16.99,-2.6265894048103204e-07,17.4,ASK
69,1712690028.0650363,419037325.5692228,16.97,2.0480928982188447e-06,17.4,BID
70,1712690028.1450036,419074449.906288,16.97,4.875519519797852e-06,17.4,BID
71,1712690040.2051306,419074449.906288,16.97,0.0,17.4,BID
72,1712690053.1550765,419077630.88885546,16.97,4.176562096286603e-07,17.4,BID
73,1712690070.1957057,419077630.88885546,16.97,0.0,17.4,BID
74,1712690100.2453024,419077630.88885546,16.97,0.0,17.4,BID
75,1712690130.1950288,419077630.88885546,16.97,0.0,17.4,BID
76,1712690148.815221,419125729.88885546,16.96,-6.319480010005005e-06,17.4,ASK
77,1712690155.3654385,419126060.0830874,16.99,4.3382520386788256e-08,17.4,BID
78,1712690158.3851502,419128334.0541019,16.96,-2.987653458379889e-07,17.4,ASK
79,1712690160.3151424,419128334.0541019,16.96,-0.0,17.4,ASK
80,1712690164.7052,419140502.8502797,16.96,-1.598614872772898e-06,17.4,ASK
81,1712690177.9350626,419158400.93312,16.96,-2.3512713176057767e-06,17.4,ASK
82,1712690190.3549492,419158400.93312,16.96,-0.0,17.4,ASK
83,1712690220.2049732,419158400.93312,16.96,-0.0,17.4,ASK
84,1712690250.2460852,419158400.93312,16.96,-0.0,17.4,ASK
85,1712690280.3050416,419158400.93312,16.96,-0.0,17.4,ASK
86,1712690293.1050627,419280991.7713553,16.96,-1.6103680830032083e-05,17.4,ASK
87,1712690310.325003,419280991.7713553,16.96,-0.0,17.4,ASK
88,1712690324.0665169,419296331.7713553,16.97,-2.014530753994309e-06,17.4,ASK
89,1712690325.30505,419304272.1723553,16.97,-1.0427758809382842e-06,17.4,ASK
90,1712690340.208314,419304272.1723553,16.97,-0.0,17.4,ASK
91,1712690360.7170494,419304275.82761824,16.97,-4.800037546720023e-10,17.4,ASK
92,1712690360.7184458,419372603.3281049,16.97,-8.972666879446572e-06,17.4,ASK
93,1712690365.485319,419392044.4554944,16.96,-2.5529802580852527e-06,17.4,ASK
94,1712690370.2229228,419392044.4554944,16.96,-0.0,17.4,ASK
95,1712690400.2374308,419392044.4554944,16.96,-0.0,17.4,ASK
96,1712690430.2151568,419392044.4554944,16.96,-0.0,17.4,ASK
97,1712690460.315207,419392044.4554944,16.96,-0.0,17.4,ASK
98,1712690469.0953104,419464383.9605917,16.96,-9.498899264129912e-06,17.4,ASK
99,1712690469.0973127,419494541.18911886,16.96,-3.959945198407463e-06,17.4,ASK
100,1712690490.315169,419494541.18911886,16.96,-0.0,17.4,ASK
101,1712690520.2053995,419494541.18911886,16.96,-0.0,17.4,ASK
102,1712690530.525488,419508925.5328504,16.99,1.888376901991747e-06,17.4,BID
103,1712690550.2253144,419508925.5328504,16.99,0.0,17.4,BID
104,1712690580.3053112,419508925.5328504,16.99,0.0,17.4,BID
105,1712690583.350784,419520764.3579274,17.03,1.5541513049039348e-06,17.4,BID
106,1712690610.307212,419520764.3579274,17.03,0.0,17.4,BID
107,1712690640.1952665,419520764.3579274,17.03,0.0,17.4,BID
108,1712690670.2051182,419520764.3579274,17.03,0.0,17.4,BID
109,1712690700.314962,419520764.3579274,17.03,0.0,17.4,BID
110,1712690730.3148763,419520764.3579274,17.03,0.0,17.4,BID
111,1712690750.3249748,419532473.959801,17.08,1.5374416792694397e-06,17.4,BID
112,1712690760.1865804,419532473.959801,17.08,0.0,17.4,BID
113,1712690771.864985,419534236.5919984,17.04,-2.314231580893975e-07,17.4,ASK
114,1712690790.2069292,419534236.5919984,17.04,-0.0,17.4,ASK
115,1712690804.3948543,419560157.5241254,17.08,3.4032513004515186e-06,17.4,BID
116,1712690814.785016,419560157.5241255,17.08,1.5651411288061936e-17,17.4,BID
117,1712690820.3249533,419560157.5241255,17.08,0.0,17.4,BID
118,1712690850.3247125,419560157.5241255,17.08,0.0,17.4,BID
119,1712690880.227541,419560157.5241255,17.08,0.0,17.4,BID
120,1712690910.2046778,419560157.5241255,17.08,0.0,17.4,BID
121,1712690940.304603,419560157.5241255,17.08,0.0,17.4,BID
122,1712690964.9048138,419560455.4213218,17.12,3.9109708259920064e-08,17.4,BID
123,1712690970.3047645,419560455.4213218,17.12,0.0,17.4,BID
124,1712690972.7848363,419623175.46317005,17.1,8.234253047225771e-06,17.4,BID
125,1712690975.9749851,419665835.1227971,17.1,5.600609022668419e-06,17.4,BID
126,1712690975.976852,419676855.2899233,17.1,1.4467918398352986e-06,17.4,BID
127,1712690981.2347534,419680935.2899233,17.08,-5.356462056254616e-07,17.4,ASK
128,1712690999.3952346,419681519.4020729,17.1,7.66856511174062e-08,17.4,BID
129,1712691000.2346666,419681519.4020729,17.1,0.0,17.4,BID
130,1712691013.42533,419700093.1697985,17.1,2.440745208879932e-06,17.4,BID
131,1712691013.4276936,420513204.4695841,17.1,0.0001068494846361,17.4,BID
132,1712691013.464747,420597204.4695841,17.13,1.1038288007813345e-05,17.4,BID
133,1712691013.524596,420626804.4695841,17.13,3.889682440848512e-06,17.4,BID
134,1712691014.414857,420634092.9777373,17.14,9.577696683609405e-07,17.4,BID
135,1712691014.41737,420636311.5107718,17.14,2.915334117899432e-07,17.4,BID
136,1712691014.6948285,420639235.48738,17.12,-3.842344753446178e-07,17.4,ASK
137,1712691022.1950912,420655423.197664,17.14,2.127197717878276e-06,17.4,BID
138,1712691022.2144856,420655423.1976648,17.14,1.0965553927236144e-16,17.4,BID
139,1712691029.404953,420671082.1098756,17.19,2.0577093199061857e-06,17.4,BID
140,1712691029.4087265,420692760.871328,17.2,2.848766816238304e-06,17.4,BID
141,1712691030.1944952,420692760.871328,17.2,0.0,17.4,BID
142,1712691038.6750703,420695428.2585647,17.2,3.497214731015123e-07,17.4,BID
143,1712691046.9044852,420710654.9475457,17.2,1.99637309039234e-06,17.4,BID
144,1712691056.2150755,420713560.47152793,17.2,3.809436114984542e-07,17.4,BID
145,1712691060.304401,420713560.47152793,17.2,0.0,17.4,BID
146,1712691068.0750415,420726012.7971093,17.2,1.6325493843995783e-06,17.4,BID
147,1712691072.2749991,420745205.4682156,17.2,2.5162354770431127e-06,17.4,BID
148,1712691076.724596,420973129.8329333,17.2,2.988179026302758e-05,17.4,BID
149,1712691076.8646915,421006166.1506642,17.2,-4.331192581022398e-06,17.4,ASK
150,1712691076.8670547,421006166.150665,17.2,-1.0940168219933402e-16,17.4,ASK
151,1712691090.3246822,421006166.150665,17.2,-0.0,17.4,ASK
152,1712691094.7847042,421061152.553919,17.21,7.2041825683513305e-06,17.4,BID
153,1712691120.224631,421061152.553919,17.21,0.0,17.4,BID
154,1712691133.9081457,421063645.6722215,17.22,3.26601700918956e-07,17.4,BID
155,1712691133.910842,421064154.082919,17.22,6.660245460923854e-08,17.4,BID
156,1712691138.7648249,421151269.15408766,17.21,-1.1412186253350054e-05,17.4,ASK
157,1712691138.767268,421186365.9969815,17.21,-4.597731513455302e-06,17.4,ASK
158,1712691143.7344203,421199736.2269815,17.22,1.751517308804731e-06,17.4,BID
159,1712691150.2046883,421199736.2269815,17.22,0.0,17.4,BID
160,1712691168.6450312,421199736.22705823,17.22,1.0053929664106996e-14,17.4,BID
161,1712691168.647947,421259591.50914407,17.25,7.838669566067357e-06,17.4,BID
162,1712691168.6506329,421286724.206921,17.23,3.5533079938485983e-06,17.4,BID
163,1712691179.9145606,421290198.4396946,17.27,4.5498679078671174e-07,17.4,BID
164,1712691180.3123548,421290198.4396946,17.27,0.0,17.4,BID
165,1712691189.9946496,421333604.888559,17.27,5.683363269188043e-06,17.4,BID
166,1712691189.997402,421407878.769125,17.27,9.724947691255466e-06,17.4,BID
167,1712691190.0544293,421486662.1683281,17.27,-1.0315395268849996e-05,17.4,ASK
168,1712691190.0557816,421502849.8786112,17.27,-2.119515427820981e-06,17.4,ASK
169,1712691190.0745428,421894823.3094109,17.27,-5.132249832432673e-05,17.4,ASK
170,1712691190.0945213,422000823.3094109,17.24,-1.387896320237442e-05,17.4,ASK
171,1712691190.0957592,422031831.3094109,17.22,-4.059989537539868e-06,17.4,ASK
172,1712691190.2749734,422060816.3094109,17.25,3.795110834158703e-06,17.4,BID
173,1712691191.174966,422071355.7903364,17.25,1.3799723390218846e-06,17.4,BID
174,1712691191.177807,422093930.856807,17.25,2.9558350644993715e-06,17.4,BID
175,1712691191.1845727,422118787.3094109,17.26,3.2545451984112665e-06,17.4,BID
176,1712691191.6546967,422176724.3094109,17.26,7.585900859018554e-06,17.4,BID
177,1712691210.3043678,422176724.3094109,17.26,0.0,17.4,BID
178,1712691213.2551262,422200066.6625539,17.27,3.0501868924145844e-06,17.4,BID
179,1712691213.258075,422257391.5033183,17.27,7.490739122929668e-06,17.4,BID
180,1712691233.48462,422335099.6093117,17.27,1.015425672310744e-05,17.4,BID
181,1712691240.2044444,422335099.6093117,17.27,0.0,17.4,BID
182,1712691244.6251812,422366497.9775692,17.27,4.1014148776092105e-06,17.4,BID
183,1712691244.628656,422429218.0194174,17.27,8.192811506980846e-06,17.4,BID
184,1712691244.785117,422450960.9478694,17.27,-2.8401721231013705e-06,17.4,ASK
185,1712691244.804537,422546125.36452895,17.27,-1.243086109141682e-05,17.4,ASK
186,1712691247.7962224,422573881.79852897,17.27,3.625686864468384e-06,17.4,BID
187,1712691247.7984793,422575093.36452895,17.26,1.5826092543367656e-07,17.4,BID
188,1712691260.6145787,422579962.7231988,17.22,-6.360604452196116e-07,17.4,ASK
189,1712691269.0244887,422580541.7619944,17.27,7.563699844110218e-08,17.4,BID
190,1712691270.2146914,422580541.7619944,17.27,0.0,17.4,BID
191,1712691280.724799,422620437.3324489,17.27,5.208479014580022e-06,17.4,BID
192,1712691300.306915,422620437.3324489,17.27,0.0,17.4,BID
193,1712691330.304488,422620437.3324489,17.27,0.0,17.4,BID
194,1712691330.7543898,422655133.88110566,17.25,4.54474568709946e-06,17.4,BID
195,1712691360.2272885,422655133.88110566,17.25,0.0,17.4,BID
196,1712691363.4446983,422655682.61951226,17.22,-7.187115452418189e-08,17.4,ASK
197,1712691363.4477296,422656343.2180392,17.2,-8.65220626695691e-08,17.4,ASK
198,1712691363.4846025,422657286.9691253,17.2,-1.236080422497197e-07,17.4,ASK
199,1712691390.2251728,422657286.9691253,17.2,-0.0,17.4,ASK
200,1712691400.3949945,422766486.9691253,17.17,-1.43024288091708e-05,17.4,ASK
201,1712691400.3983035,422845406.9691253,17.15,-1.0336517230950175e-05,17.4,ASK
202,1712691400.401393,422868732.52338433,17.14,-3.055055670547892e-06,17.4,ASK
203,1712691400.4044392,422947652.52338433,17.15,-1.0336517230950175e-05,17.4,ASK
204,1712691400.407499,422952570.824004,17.16,-6.441725684506743e-07,17.4,ASK
205,1712691400.4090405,423063484.8189016,17.15,-1.4526918644356358e-05,17.4,ASK
206,1712691400.410374,427114938.95625865,17.14,-0.0005306376774099,17.4,ASK
207,1712691400.454642,427129254.65405655,17.14,1.8749931191207767e-06,17.4,BID
208,1712691400.457706,427173783.7174369,17.14,5.832177279631954e-06,17.4,BID
209,1712691400.474685,427267967.8971148,17.14,1.233573740654048e-05,17.4,BID
210,1712691400.4763129,427291493.6977574,17.14,3.081282865106853e-06,17.4,BID
211,1712691400.5543687,427305908.6977574,17.21,-1.8879991875842224e-06,17.4,ASK
212,1712691400.5744443,427448259.7118456,17.21,-1.864437037462536e-05,17.4,ASK
213,1712691400.577082,427464933.6977574,17.21,-2.1838690152865986e-06,17.4,ASK
214,1712691401.9945164,427470692.2102501,17.21,7.54219001591536e-07,17.4,BID
215,1712691411.40475,427476526.2102501,17.2,7.641059493837219e-07,17.4,BID
216,1712691420.3047304,427476526.2102501,17.2,0.0,17.4,BID
217,1712691429.354446,427477689.00094783,17.2,-1.506656869014868e-07,17.4,ASK
218,1712691440.2852917,427521834.1160615,17.16,-5.719992518979077e-06,17.4,ASK
219,1712691440.2888088,427574800.5385111,17.16,-6.862991282015658e-06,17.4,ASK
220,1712691440.29195,427656502.0451413,17.17,-1.0586267710728645e-05,17.4,ASK
221,1712691440.2951906,427721268.8845195,17.16,-8.392000695142208e-06,17.4,ASK
222,1712691440.2982962,427867413.98451954,17.15,-1.8936384615443423e-05,17.4,ASK
223,1712691440.3004498,427983552.0924726,17.16,-1.5048303916511014e-05,17.4,ASK
224,1712691440.302063,428071066.0924726,17.15,-1.1339406954017928e-05,17.4,ASK
225,1712691440.303545,428271202.0958552,17.14,-2.593212044365785e-05,17.4,ASK
226,1712691441.124405,428272945.4102446,17.19,2.258855875587057e-07,17.4,BID
227,1712691442.37463,428331152.4102446,17.18,7.542025968102493e-06,17.4,BID
228,1712691443.074757,428360272.4102446,17.17,3.773150930148343e-06,17.4,BID
229,1712691443.2144437,428389392.4102446,17.17,3.773150930148343e-06,17.4,BID
230,1712691444.3644085,428447633.4102446,17.17,7.546431432787419e-06,17.4,BID
231,1712691444.5245335,428453375.9352335,17.17,7.440732659075979e-07,17.4,BID
232,1712691444.5275717,428476753.4102446,17.18,3.0290776642407448e-06,17.4,BID
233,1712691446.1850395,428481536.9352335,17.17,6.198132472945396e-07,17.4,BID
234,1712691446.1883008,428505873.4102446,17.18,3.153337682853804e-06,17.4,BID
235,1712691450.3141863,428505873.4102446,17.18,0.0,17.4,BID
236,1712691454.2347724,428511152.4602224,17.18,6.824578817416569e-07,17.4,BID
237,1712691454.2386713,428522026.62583697,17.18,1.4057756721926204e-06,17.4,BID
238,1712691480.19708,428522026.62583697,17.18,0.0,17.4,BID
239,1712691510.2051153,428522026.62583697,17.18,0.0,17.4,BID
240,1712691536.9445038,428609438.62583697,17.17,1.1299924894136748e-05,17.4,BID
241,1712691540.3044505,428609438.62583697,17.17,0.0,17.4,BID
242,1712691561.1346638,428657224.168127,17.16,6.176134784845545e-06,17.4,BID
243,1712691570.3079016,428657224.168127,17.16,0.0,17.4,BID
244,1712691600.2178988,428657224.168127,17.16,0.0,17.4,BID
245,1712691600.5998807,428675753.3470048,17.16,2.3946049334269223e-06,17.4,BID
246,1712691625.9257815,428785753.3470048,17.17,1.4215769862965588e-05,17.4,BID
247,1712691625.9288137,428891573.7723903,17.17,1.3675625582547174e-05,17.4,BID
248,1712691625.931694,429316405.3470048,17.18,5.490279904765661e-05,17.4,BID
249,1712691630.2077403,429316405.3470048,17.18,0.0,17.4,BID
250,1712691637.2663436,429416405.3470048,17.16,-1.2904545001519665e-05,17.4,ASK
251,1712691638.304423,429474612.5646999,17.17,7.511376601591198e-06,17.4,BID
252,1712691660.304207,429474612.5646999,17.17,0.0,17.4,BID
253,1712691690.3142436,429474612.5646999,17.17,0.0,17.4,BID
254,1712691692.4744332,429476358.7806999,17.18,-2.252622948534336e-07,17.4,ASK
255,1712691693.2745695,429476358.7812307,17.18,-6.84783576400198e-14,17.4,ASK
256,1712691700.2545514,429488235.5854528,17.17,-1.532110675115028e-06,17.4,ASK
257,1712691700.2570226,429529431.0802589,17.17,-5.31422899448957e-06,17.4,ASK
258,1712691704.914684,429634412.24502784,17.21,1.3542596158080968e-05,17.4,BID
259,1712691704.9186056,429820175.7211375,17.19,2.3963534253125207e-05,17.4,BID
260,1712691720.214317,429820175.7211375,17.19,0.0,17.4,BID
261,1712691750.1958623,429820175.7211375,17.19,0.0,17.4,BID
262,1712691780.30432,429820175.7211375,17.19,0.0,17.4,BID
263,1712691795.9243538,429820757.0181375,17.19,-7.493002833799364e-08,17.4,ASK
264,1712691796.0845418,429820757.4547035,17.19,-5.6273991425169575e-11,17.4,ASK
265,1712691796.1643384,429928357.4547035,17.17,-1.386979641954762e-05,17.4,ASK
266,1712691810.3464484,429928357.4547035,17.17,-0.0,17.4,ASK
267,1712691840.1944218,429928357.4547035,17.17,-0.0,17.4,ASK
268,1712691870.2101398,429928357.4547035,17.17,-0.0,17.4,ASK
269,1712691886.884824,429929358.4102537,17.17,-1.2899374011011098e-07,17.4,ASK
270,1712691886.888388,429957450.8870205,17.17,-3.620294274213829e-06,17.4,ASK
271,1712691900.244701,429957450.8870205,17.17,-0.0,17.4,ASK
272,1712691902.3644283,430029452.58530647,17.2,9.278396907900066e-06,17.4,BID
273,1712691902.3668852,430183178.7497127,17.2,1.980970452704196e-05,17.4,BID
274,1712691902.5057776,430192806.838554,17.2,-1.2407100368670452e-06,17.4,ASK
275,1712691905.594576,430228967.118554,17.2,-4.65974328561169e-06,17.4,ASK
276,1712691905.7780616,430248316.88702,17.2,-2.493480517508051e-06,17.4,ASK
277,1712691908.0848317,430248316.8870205,17.2,-6.91278134337606e-17,17.4,ASK
278,1712691908.0888135,430264991.12101,17.19,-2.1487015552768363e-06,17.4,ASK
279,1712691917.814406,430277186.24296135,17.22,1.5715071241158766e-06,17.4,BID
280,1712691917.8181407,430277733.7168288,17.22,7.054944480576787e-08,17.4,BID
281,1712691923.5342128,430330609.8472064,17.19,-6.813807677824987e-06,17.4,ASK
282,1712691930.2085142,430330609.8472064,17.19,-0.0,17.4,ASK
283,1712691931.4646003,430343361.9353857,17.19,1.6419218653513663e-06,17.4,BID
284,1712691960.2942965,430343361.9353857,17.19,0.0,17.4,BID
285,1712691990.3097258,430343361.9353857,17.19,0.0,17.4,BID
286,1712691993.4248383,430401534.9353857,17.19,7.489975250751684e-06,17.4,BID
287,1712691993.5647683,430430620.9353857,17.19,3.744923248643932e-06,17.4,BID
288,1712692016.7844963,430431200.9353857,17.19,7.46770090151097e-08,17.4,BID
289,1712692020.197316,430431200.9353857,17.19,0.0,17.4,BID
290,1712692050.1983352,430431200.9353857,17.19,0.0,17.4,BID
291,1712692080.3024342,430431200.9353857,17.19,0.0,17.4,BID
292,1712692089.0152087,430446060.8514144,17.19,1.9128937720172306e-06,17.4,BID
293,1712692089.0170195,430634806.9353857,17.2,2.429698847712335e-05,17.4,BID
294,1712692110.304124,430634806.9353857,17.2,0.0,17.4,BID
295,1712692137.6279988,430747606.9353857,17.16,-1.4514024962359687e-05,17.4,ASK
296,1712692137.6322663,430750518.9912973,17.17,-3.746954981550794e-07,17.4,ASK
297,1712692137.6361284,430756181.60288185,17.16,-7.286106905238165e-07,17.4,ASK
298,1712692137.6399126,430835101.60288185,17.15,-1.0154670656289245e-05,17.4,ASK
299,1712692137.643546,430862044.6766243,17.14,-3.466776993445096e-06,17.4,ASK
300,1712692137.645223,430920074.2892786,17.17,-7.4666954487676e-06,17.4,ASK
301,1712692140.216339,430920074.2892786,17.17,-0.0,17.4,ASK
302,1712692170.204282,430920074.2892786,17.17,-0.0,17.4,ASK
303,1712692200.2270966,430920074.2892786,17.17,-0.0,17.4,ASK
304,1712692207.104505,430931722.51292455,17.18,1.500452059174196e-06,17.4,BID
305,1712692222.7277842,431043871.8515265,17.18,1.4446383513521974e-05,17.4,BID
306,1712692230.2270174,431043871.8515265,17.18,0.0,17.4,BID
307,1712692245.604829,431049453.5775436,17.18,7.188064616255411e-07,17.4,BID
308,1712692260.3043394,431049453.5775436,17.18,0.0,17.4,BID
309,1712692270.394373,431055281.08337104,17.18,-7.504483565304291e-07,17.4,ASK
310,1712692270.4744673,431112324.1567122,17.18,-7.345832317899249e-06,17.4,ASK
311,1712692271.7644954,431398696.8837136,17.18,-3.6878202904519e-05,17.4,ASK
312,1712692273.084837,431456938.001943,17.18,7.500112870180635e-06,17.4,BID
313,1712692290.314286,431456938.001943,17.18,0.0,17.4,BID
314,1712692305.079816,431471389.001943,17.17,-1.8592793651915744e-06,17.4,ASK
315,1712692307.9847946,431477169.0779543,17.18,7.436700613832312e-07,17.4,BID
316,1712692307.9894106,431491620.0779543,17.18,1.8592793651915744e-06,17.4,BID
317,1712692317.5748503,431529596.219638,17.18,-4.886046405237752e-06,17.4,ASK
318,1712692320.2086911,431529596.219638,17.18,-0.0,17.4,ASK
319,1712692350.2068696,431529596.219638,17.18,-0.0,17.4,ASK
320,1712692370.1242971,431535414.032501,17.18,7.484051380481209e-07,17.4,BID
321,1712692380.3002596,431535414.032501,17.18,0.0,17.4,BID
322,1712692409.4943392,431542553.5552018,17.18,9.184184671621214e-07,17.4,BID
323,1712692410.3042765,431542553.5552018,17.18,0.0,17.4,BID
324,1712692432.794389,431546148.0092018,17.18,4.62378366758978e-07,17.4,BID
325,1712692437.0621812,431556538.9762018,17.18,1.3366587388557662e-06,17.4,BID
326,1712692440.0898688,431556538.9764705,17.18,3.4564365421779096e-14,17.4,BID
327,1712692440.1875834,431556538.9764705,17.18,0.0,17.4,BID
328,1712692457.7543411,431557612.55847055,17.19,1.3809767762462834e-07,17.4,BID
329,1712692463.5141895,431557612.5592153,17.19,9.580044321001065e-14,17.4,BID
330,1712692470.207693,431557612.5592153,17.19,0.0,17.4,BID
331,1712692497.6444526,431574620.8608519,17.22,2.187817400526037e-06,17.4,BID
332,1712692497.834273,431576370.7018519,17.23,-2.2508611793230689e-07,17.4,ASK
333,1712692498.1385148,431592758.46128863,17.23,-2.107995613988979e-06,17.4,ASK
334,1712692498.574484,431731828.5592153,17.23,-1.7888910170932402e-05,17.4,ASK
335,1712692500.3027997,431731828.5592153,17.23,-0.0,17.4,ASK
336,1712692524.824757,431734028.2880082,17.23,2.830607669098376e-07,17.4,BID
337,1712692524.8288033,431740491.9370447,17.23,8.317413761182453e-07,17.4,BID
338,1712692527.61437,431746988.38219845,17.23,8.359615755110846e-07,17.4,BID
339,1712692530.314217,431746988.38219845,17.23,0.0,17.4,BID
340,1712692546.9445918,431804997.6828296,17.23,7.464377102915976e-06,17.4,BID
341,1712692557.5245466,431810801.51335776,17.23,7.468109291457088e-07,17.4,BID
342,1712692559.4644885,432130011.51335776,17.23,4.1074513726195495e-05,17.4,BID
343,1712692560.2157254,432130011.51335776,17.23,0.0,17.4,BID
344,1712692590.2018657,432130011.51335776,17.23,0.0,17.4,BID
345,1712692590.9545455,432133329.63387984,17.24,4.26598629444253e-07,17.4,BID
346,1712692620.307964,432133329.63387984,17.24,0.0,17.4,BID
347,1712692637.6345751,432176233.3734773,17.25,5.515936440930778e-06,17.4,BID
348,1712692637.639394,432202102.27103215,17.25,3.3258451605498712e-06,17.4,BID
349,1712692637.6428854,432249244.3341332,17.26,6.060838197305909e-06,17.4,BID
350,1712692650.31415,432249244.3341332,17.26,0.0,17.4,BID
351,1712692659.8841083,432252141.2055121,17.26,-3.723416869318945e-07,17.4,ASK
352,1712692680.2476947,432252141.2055121,17.26,-0.0,17.4,ASK
353,1712692687.8836093,432271210.3271161,17.25,-2.4509832669510816e-06,17.4,ASK
354,1712692689.8347173,432275600.5849106,17.27,5.642865264254293e-07,17.4,BID
355,1712692707.3765612,432291291.5849106,17.25,-2.016788147893037e-06,17.4,ASK
356,1712692709.3231518,432307142.9691479,17.25,-2.0374025783865803e-06,17.4,ASK
357,1712692710.2144554,432307142.9691479,17.25,-0.0,17.4,ASK
358,1712692714.0030248,432315947.3952879,17.25,1.131508314254106e-06,17.4,BID
359,1712692714.0067482,432596650.9108292,17.25,3.607485106064858e-05,17.4,BID
360,1712692740.2919705,432596650.9108292,17.25,0.0,17.4,BID
361,1712692770.2931652,432596650.9108292,17.25,0.0,17.4,BID
362,1712692787.1410952,432622152.9108292,17.24,-3.2753090963506595e-06,17.4,ASK
363,1712692800.2992983,432622152.9108292,17.24,-0.0,17.4,ASK
364,1712692803.5811305,432622500.53539467,17.26,4.4645175245342736e-08,17.4,BID
365,1712692805.3909397,432625000.53539467,17.24,-3.210732186275579e-07,17.4,ASK
366,1712692818.3807025,432628216.3963552,17.26,4.130107316964654e-07,17.4,BID
367,1712692819.4042518,432631432.2563552,17.29,4.1301060834408453e-07,17.4,BID
368,1712692829.8605132,432631782.72364485,17.26,-4.501026428929037e-08,17.4,ASK
369,1712692830.197794,432631782.72364485,17.26,-0.0,17.4,ASK
370,1712692849.2403586,432634282.72364485,17.26,-3.21066363130657e-07,17.4,ASK
371,1712692860.302984,432634282.72364485,17.26,-0.0,17.4,ASK
372,1712692861.240026,432636570.8282566,17.26,-2.9385174205298124e-07,17.4,ASK
373,1712692861.2498584,432639282.72364485,17.26,-3.482774257818511e-07,17.4,ASK
374,1712692890.3034034,432639282.72364485,17.26,-0.0,17.4,ASK
375,1712692903.6899529,432639654.6244713,17.3,4.7761144297720043e-08,17.4,BID
376,1712692903.69426,432647600.2080629,17.3,1.0204068866027122e-06,17.4,BID
377,1712692903.697322,433043906.72364485,17.3,5.089543052997168e-05,17.4,BID
378,1712692903.789882,433046763.4137085,17.31,3.668687366063807e-07,17.4,BID
379,1712692903.793002,433090278.1024136,17.3,5.588348232859251e-06,17.4,BID
380,1712692903.7959497,433448530.72364485,17.31,4.600838159140648e-05,17.4,BID
381,1712692904.8291595,433689083.8136824,17.31,3.0892888714676484e-05,17.4,BID
382,1712692904.8391662,433766449.72364485,17.3,9.935671358067349e-06,17.4,BID
383,1712692905.1191325,433793460.46267486,17.32,-3.4688382295355305e-06,17.4,ASK
384,1712692906.0396814,433801577.6199804,17.34,1.0424411396270636e-06,17.4,BID
385,1712692906.0436475,433809951.34146273,17.33,1.0753902427159189e-06,17.4,BID
386,1712692906.0471704,433834477.34146273,17.33,3.149737085056619e-06,17.4,BID
387,1712692906.05013,433874477.34146273,17.34,5.136976408801466e-06,17.4,BID
388,1712692906.053087,433875689.46267486,17.33,1.5566595178232653e-07,17.4,BID
389,1712692908.4493916,433876612.1847048,17.34,1.1850003249772985e-07,17.4,BID
390,1712692912.6797018,433997159.1847048,17.32,-1.5481177378794757e-05,17.4,ASK
391,1712692915.8290567,434004234.22087145,17.32,-9.086073469821044e-07,17.4,ASK
392,1712692918.6801996,434004998.90107423,17.34,9.82036040492362e-08,17.4,BID
393,1712692918.6849182,434032789.3204843,17.34,3.5689682225031195e-06,17.4,BID
394,1712692920.2078838,434032789.3204843,17.34,0.0,17.4,BID
395,1712692921.169613,434033371.0540503,17.32,-7.447808078634675e-08,17.4,ASK
396,1712692922.958956,435136378.7170624,17.33,0.0001412156675101,17.4,BID
397,1712692923.1993475,435162002.9004685,17.32,-3.280608363331372e-06,17.4,ASK
398,1712692926.4317906,435537074.9004685,17.33,4.801965083335317e-05,17.4,BID
399,1712692942.96937,435537651.26934457,17.35,7.37912512228376e-08,17.4,BID
400,1712692947.0614843,435539433.5159843,17.32,-2.2817715355633525e-07,17.4,ASK
401,1712692950.2092502,435539433.5159843,17.32,-0.0,17.4,ASK
402,1712692951.5286531,435540010.217253,17.34,7.35878180779194e-08,17.4,BID
403,1712692963.4983304,435545971.0159432,17.33,-7.606055221233659e-07,17.4,ASK
404,1712692969.0916886,435571432.0159432,17.33,-3.248856102223732e-06,17.4,ASK
405,1712692980.30799,435571432.0159432,17.33,-0.0,17.4,ASK
406,1712692988.991717,435589765.0159432,17.33,-2.3391486848592507e-06,17.4,ASK
407,1712692993.7182958,435606463.4091036,17.33,-2.1305855233883943e-06,17.4,ASK
408,1712693010.153103,435685480.28206426,17.33,-1.0081940460790963e-05,17.4,ASK
409,1712693010.2934964,435685480.28206426,17.33,-0.0,17.4,ASK
410,1712693010.5530689,435687208.1354976,17.33,-2.2040512210635778e-07,17.4,ASK
411,1712693010.5569055,435740402.996326,17.33,-6.785540700548487e-06,17.4,ASK
412,1712693015.6487937,435749025.4798911,17.33,-1.0998846929872298e-06,17.4,ASK
413,1712693016.087918,435759764.3026466,17.33,-1.3698450893328414e-06,17.4,ASK
414,1712693017.547879,435785606.3026466,17.33,-3.2964075862373e-06,17.4,ASK
415,1712693017.747886,435797952.19756025,17.33,-1.5748433423234074e-06,17.4,ASK
416,1712693017.787466,435805244.2579848,17.33,-9.301758108057052e-07,17.4,ASK
417,1712693021.0979297,435830608.2579848,17.33,-3.2354338680180664e-06,17.4,ASK
418,1712693023.1879363,435848300.7722035,17.33,-2.2568585283683325e-06,17.4,ASK
419,1712693023.1922708,435855542.2579848,17.33,-9.23724505268415e-07,17.4,ASK
420,1712693023.8676746,435880623.2579848,17.33,-3.199334365390361e-06,17.4,ASK
421,1712693025.980527,435905332.2579848,17.33,-3.151882015646523e-06,17.4,ASK
422,1712693026.117857,435955038.9882311,17.33,-6.340594484590044e-06,17.4,ASK
423,1712693026.12159,435958914.2579848,17.33,-4.94329719642098e-07,17.4,ASK
424,1712693031.657731,435978132.3955394,17.33,-2.451467163079058e-06,17.4,ASK
425,1712693035.2510164,435982736.62239146,17.33,-5.87315545386811e-07,17.4,ASK
426,1712693035.2560148,436013332.40355456,17.33,-3.902800291497846e-06,17.4,ASK
427,1712693040.1876202,436013332.40355456,17.33,-0.0,17.4,ASK
428,1712693051.32732,436037557.2491258,17.31,-3.087885277076708e-06,17.4,ASK
429,1712693051.3316932,436041887.5031674,17.32,-5.51967510445754e-07,17.4,ASK
430,1712693057.1403513,436104973.4154076,17.32,8.04141595141652e-06,17.4,BID
431,1712693070.2020032,436104973.4154076,17.32,0.0,17.4,BID
432,1712693100.0272665,436107134.4494919,17.31,-2.754063264519451e-07,17.4,ASK
433,1712693100.0325656,436163399.13566846,17.29,-7.170479466883296e-06,17.4,ASK
434,1712693100.0373044,436168059.32764775,17.31,-5.939037995231953e-07,17.4,ASK
435,1712693100.2973852,436168059.32764775,17.31,-0.0,17.4,ASK
436,1712693127.9466813,436179999.6261552,17.31,-1.521493465208463e-06,17.4,ASK
437,1712693130.3262117,436179999.6261552,17.31,-0.0,17.4,ASK
438,1712693143.075176,436188699.6261552,17.32,1.1085689796497747e-06,17.4,BID
439,1712693160.1995504,436188699.6261552,17.32,0.0,17.4,BID
440,1712693183.2382796,436305283.8979819,17.32,1.4855083427055733e-05,17.4,BID
441,1712693183.2425995,436326393.2325912,17.32,2.68973611789934e-06,17.4,BID
442,1712693190.1966224,436326393.2325912,17.32,0.0,17.4,BID
443,1712693220.3162615,436326393.2325912,17.32,0.0,17.4,BID
444,1712693250.2962053,436326393.2325912,17.32,0.0,17.4,BID
445,1712693278.2248752,436350870.8681448,17.34,3.117975104537727e-06,17.4,BID
446,1712693278.2347329,436351285.7931448,17.34,5.2853381914876093e-08,17.4,BID
447,1712693280.207845,436351285.7931448,17.34,0.0,17.4,BID
448,1712693288.9247844,436352697.6435376,17.31,-1.79832416494022e-07,17.4,ASK
449,1712693310.208882,436352697.6435376,17.31,-0.0,17.4,ASK
450,1712693340.2957993,436352697.6435376,17.31,-0.0,17.4,ASK
451,1712693342.1647186,436352997.18244255,17.35,3.8153219134043584e-08,17.4,BID
452,1712693366.034381,436356004.6757893,17.31,-3.830739540796168e-07,17.4,ASK
453,1712693366.0391245,436377997.18244255,17.31,-2.8012552356548e-06,17.4,ASK
454,1712693370.2983048,436377997.18244255,17.31,-0.0,17.4,ASK
455,1712693400.221756,436377997.18244255,17.31,-0.0,17.4,ASK
456,1712693430.1980832,436377997.18244255,17.31,-0.0,17.4,ASK
457,1712693460.3034172,436377997.18244255,17.31,-0.0,17.4,ASK
458,1712693463.533316,436441208.30760056,17.31,-8.051001311459055e-06,17.4,ASK
459,1712693490.2952983,436441208.30760056,17.31,-0.0,17.4,ASK
460,1712693520.188311,436441208.30760056,17.31,-0.0,17.4,ASK
461,1712693525.653037,436818697.1584906,17.33,4.807286278486468e-05,17.4,BID
462,1712693525.6574814,436818697.1584907,17.33,1.5181194903489288e-17,17.4,BID
463,1712693525.6928885,436818987.2798079,17.34,3.694668661130353e-08,17.4,BID
464,1712693538.4930885,437449845.08960617,17.35,8.03391699004778e-05,17.4,BID
465,1712693546.0430338,437453636.95060617,17.34,-4.828900591966011e-07,17.4,ASK
466,1712693546.1829982,437456603.2094123,17.35,3.777503686116345e-07,17.4,BID
467,1712693550.203466,437456603.2094123,17.35,0.0,17.4,BID
468,1712693550.963169,437745453.5849177,17.35,3.670252589617004e-05,17.4,BID
469,1712693550.9678333,437811227.3999589,17.35,8.357493548736119e-06,17.4,BID
470,1712693570.866793,437824720.3999589,17.35,-1.7144765037969734e-06,17.4,ASK
471,1712693571.0426033,437847897.21155286,17.36,2.944941740966308e-06,17.4,BID
472,1712693571.0523765,437866455.63833046,17.36,2.3581106245930416e-06,17.4,BID
473,1712693578.3929834,437866750.4053305,17.36,3.7454316729284886e-08,17.4,BID
474,1712693578.398338,437870622.52535856,17.37,4.920076193598429e-07,17.4,BID
475,1712693578.4035735,437876044.9139287,17.36,6.889911656373625e-07,17.4,BID
476,1712693580.2863953,437876044.9139287,17.36,0.0,17.4,BID
477,1712693586.4501567,437977010.9139287,17.36,-1.281730555185734e-05,17.4,ASK
478,1712693590.342489,437977011.1358869,17.36,-2.817686707980873e-11,17.4,ASK
479,1712693590.347217,437979306.1865182,17.36,-2.9134921853815364e-07,17.4,ASK
480,1712693599.7527018,437990960.01964855,17.38,1.479416239943919e-06,17.4,BID
481,1712693599.7577922,438215620.7680077,17.38,2.8519951837522665e-05,17.4,BID
482,1712693609.82269,438241366.0081609,17.38,3.268274563221195e-06,17.4,BID
483,1712693610.300843,438241366.0081609,17.38,0.0,17.4,BID
484,1712693614.1826172,438256325.7319813,17.38,1.8975593443080256e-06,17.4,BID
485,1712693622.812253,438303966.9348773,17.38,6.043026650378195e-06,17.4,BID
486,1712693622.8154645,438313831.3290103,17.38,1.251244574272988e-06,17.4,BID
487,1712693629.9321058,438314406.7030033,17.38,7.298305169717589e-08,17.4,BID
488,1712693640.2190554,438314406.7030033,17.38,0.0,17.4,BID
489,1712693642.2625017,438333538.8215038,17.35,-2.4264141371407643e-06,17.4,ASK
490,1712693642.266533,438335406.7030033,17.35,-2.368924317863821e-07,17.4,ASK
491,1712693642.2825413,438417406.7030033,17.35,-1.0399578031048856e-05,17.4,ASK
492,1712693642.9621067,438461406.1370033,17.35,-5.580189600062717e-06,17.4,ASK
493,1712693646.7725406,438461997.5030589,17.35,-7.49994809781323e-08,17.4,ASK
494,1712693655.6019328,438480156.3280589,17.35,-2.3029770431650826e-06,17.4,ASK
495,1712693670.193225,438480156.3280589,17.35,-0.0,17.4,ASK
496,1712693682.8819623,438543556.90442777,17.35,-8.037790948414289e-06,17.4,ASK
497,1712693692.011925,438544458.85665256,17.35,-1.143475949831816e-07,17.4,ASK
498,1712693700.2133243,438544458.85665256,17.35,-0.0,17.4,ASK
499,1712693707.1934268,438602095.7442606,17.35,-7.320376506393204e-06,17.4,ASK
500,1712693709.023836,438605524.57666695,17.38,4.354909717269258e-07,17.4,BID
501,1712693709.026363,438777568.46012217,17.38,2.185104114362849e-05,17.4,BID
502,1712693709.028833,438819931.5725141,17.35,5.380476732202942e-06,17.4,BID
503,1712693711.521663,438822163.4830261,17.38,2.834716785421756e-07,17.4,BID
504,1712693716.5618818,438825040.3529915,17.38,3.653870321750335e-07,17.4,BID
505,1712693730.1956384,438825040.3529915,17.38,0.0,17.4,BID
506,1712693738.9916291,438853798.9311248,17.37,3.650325335169282e-06,17.4,BID
507,1712693752.241622,438865745.2311248,17.34,-1.516343448882292e-06,17.4,ASK
508,1712693752.247167,438872444.5705248,17.34,-8.503469200513054e-07,17.4,ASK
509,1712693755.9916131,438922683.6996649,17.37,6.376850937029395e-06,17.4,BID
510,1712693760.2947304,438922683.6996649,17.37,0.0,17.4,BID
511,1712693787.321321,439037824.7474484,17.37,1.4611704650619477e-05,17.4,BID
512,1712693790.2952342,439037824.7474484,17.37,0.0,17.4,BID
513,1712693802.6913943,439104646.674841,17.37,8.477728298576056e-06,17.4,BID
514,1712693802.7009444,439239320.7474484,17.38,1.7086160800483418e-05,17.4,BID
515,1712693817.3313675,439384658.492845,17.38,1.8439065813844365e-05,17.4,BID
516,1712693820.1959434,439384658.492845,17.38,0.0,17.4,BID
517,1712693830.3009794,439398467.4686793,17.38,1.7506123704261982e-06,17.4,BID
518,1712693837.5812078,439456004.4686793,17.38,7.2941675882568815e-06,17.4,BID
519,1712693850.2117505,439456004.4686793,17.38,0.0,17.4,BID
520,1712693853.130869,439456579.8426724,17.38,7.29307175186831e-08,17.4,BID
521,1712693853.140791,439467760.8314377,17.39,1.4172304327312247e-06,17.4,BID
522,1712693853.1445322,439484772.4686793,17.38,2.156286041911314e-06,17.4,BID
523,1712693855.7712483,439549305.5754172,17.39,8.179802762301814e-06,17.4,BID
524,1712693855.7766976,439549603.64897233,17.39,3.778189232176695e-08,17.4,BID
525,1712693855.781427,439550747.537016,17.4,1.4499191271153105e-07,17.4,BID
526,1712693855.785947,439657284.4686793,17.4,1.3503938241275733e-05,17.4,BID
527,1712693856.650946,439657632.09324473,17.35,-4.406266062043287e-08,17.4,ASK
528,1712693863.721361,439662648.9327448,17.37,-6.359024022641484e-07,17.4,ASK
529,1712693877.8578427,439662989.86874473,17.39,4.3214860952044825e-08,17.4,BID
530,1712693877.8622613,439724164.3091304,17.4,7.754079754465628e-06,17.4,BID
531,1712693877.8644643,439748904.9327448,17.4,3.135962788887749e-06,17.4,BID
532,1712693878.5406518,439749203.9551714,17.39,-3.790216518719416e-08,17.4,ASK
533,1712693878.5444436,439752944.8347448,17.38,-4.741699046314592e-07,17.4,ASK
534,1712693880.299443,439752944.8347448,17.38,-0.0,17.4,ASK
535,1712693881.5785482,439764982.9536163,17.4,1.524876361153551e-06,17.4,BID
536,1712693882.80063,439767917.2259168,17.38,-3.716861841894182e-07,17.4,ASK
537,1712693892.4306257,439768670.5055857,17.38,-9.541842647836205e-08,17.4,ASK
538,1712693901.0042312,439783988.95758575,17.38,-1.94039829590527e-06,17.4,ASK
539,1712693907.3805268,439794709.2515857,17.38,-1.3579466260112584e-06,17.4,ASK
540,1712693910.290657,439794709.2515857,17.38,-0.0,17.4,ASK
541,1712693916.400659,439860321.3880463,17.4,8.310367719050857e-06,17.4,BID
542,1712693925.2917087,439861066.3752393,17.37,-9.43593343273554e-08,17.4,ASK
543,1712693925.2966492,439862099.4912195,17.37,-1.308534389383679e-07,17.4,ASK
544,1712693929.860802,439862674.2038632,17.4,7.279252984949545e-08,17.4,BID
545,1712693940.2003255,439862674.2038632,17.4,0.0,17.4,BID
546,1712693948.3923874,439863253.91400814,17.37,-7.341451242309093e-08,17.4,ASK
547,1712693970.200514,439863253.91400814,17.37,-0.0,17.4,ASK
548,1712693974.3302827,439863828.6266518,17.4,7.278153588297179e-08,17.4,BID
549,1712693984.7706933,439866536.3552254,17.37,-3.42906401145184e-07,17.4,ASK
550,1712693984.776462,439875866.7455234,17.37,-1.181599437111542e-06,17.4,ASK
551,1712694000.2201798,439875866.7455234,17.37,-0.0,17.4,ASK
552,1712694018.0300677,439877896.1380291,17.37,-2.569958236764084e-07,17.4,ASK
553,1712694030.1933355,439877896.1380291,17.37,-0.0,17.4,ASK
554,1712694060.2953787,439877896.1380291,17.37,-0.0,17.4,ASK
555,1712694066.3398044,439974075.1980291,17.37,-1.2179756422798137e-05,17.4,ASK
556,1712694090.2956097,439974075.1980291,17.37,-0.0,17.4,ASK
557,1712694120.2020943,439974075.1980291,17.37,-0.0,17.4,ASK
558,1712694130.2441108,439974657.270206,17.38,-7.369585211097376e-08,17.4,ASK
559,1712694148.8398497,439998675.5201959,17.38,-3.0409379959429262e-06,17.4,ASK
560,1712694149.039223,440027443.5201959,17.38,3.6423013460261583e-06,17.4,BID
561,1712694149.1392896,440056211.5201959,17.38,3.6423013460261583e-06,17.4,BID
562,1712694150.214363,440056211.5201959,17.38,0.0,17.4,BID
563,1712694162.511791,440056786.89418894,17.38,7.283463453242315e-08,17.4,BID
564,1712694175.859651,440057666.552189,17.38,1.1135291084133254e-07,17.4,BID
565,1712694177.8892488,440064588.43418896,17.38,8.762174721895154e-07,17.4,BID
566,1712694180.2891245,440064588.43418896,17.38,0.0,17.4,BID
567,1712694190.749815,440086588.43418896,17.38,2.7848537618475828e-06,17.4,BID
568,1712694199.5096104,440089798.317189,17.38,4.063206703493525e-07,17.4,BID
569,1712694210.298997,440089798.317189,17.38,0.0,17.4,BID
570,1712694225.179397,440147335.3163884,17.38,7.28287464847198e-06,17.4,BID
571,1712694225.1855218,440147335.317189,17.38,1.0133895332463125e-13,17.4,BID
572,1712694225.4390109,440176103.317189,17.38,3.641374086284668e-06,17.4,BID
573,1712694226.022889,440223792.718716,17.38,6.036392898734598e-06,17.4,BID
574,1712694240.1890838,440223792.718716,17.38,0.0,17.4,BID
575,1712694264.959579,440226079.4473205,17.4,2.893625019399343e-07,17.4,BID
576,1712694264.96487,440252527.718716,17.4,3.346762693101134e-06,17.4,BID
577,1712694265.1395376,440261730.2737725,17.4,1.1644907708353536e-06,17.4,BID
578,1712694265.1421638,440281262.718716,17.4,2.4716344242057148e-06,17.4,BID
579,1712694265.1790855,440286800.966716,17.4,7.008095733175373e-07,17.4,BID
580,1712694270.1888838,440286800.966716,17.4,0.0,17.4,BID
581,1712694280.069038,440308800.966716,17.4,2.7834925372741363e-06,17.4,BID
582,1712694282.2391372,440311459.3303704,17.4,3.363425178779012e-07,17.4,BID
583,1712694282.2452734,440321924.24601,17.4,1.3240461175517395e-06,17.4,BID
584,1712694283.1192002,440322239.3058714,17.41,3.98621260482548e-08,17.41,BID
585,1712694283.125564,440408081.24601,17.42,1.0860927261857552e-05,17.42,BID
586,1712694300.2887251,440408081.24601,17.42,0.0,17.42,BID
587,1712694304.5689538,440465486.24601,17.42,7.275547600445654e-06,17.42,BID
588,1712694306.6386435,440494188.24601,17.42,3.637710429892712e-06,17.42,BID
589,1712694314.9388766,440494871.4262626,17.42,8.65867162714128e-08,17.42,BID
590,1712694327.0386567,440495186.8827709,17.42,3.9981166125241205e-08,17.42,BID
591,1712694327.0986562,440546900.05422986,17.42,6.554161493251488e-06,17.42,BID
592,1712694330.2785487,440546900.05422986,17.42,0.0,17.42,BID
593,1712694341.7386982,440546900.0542305,17.42,8.307219177853593e-17,17.42,BID
594,1712694360.1984923,440546900.0542305,17.42,0.0,17.42,BID
595,1712694360.399799,440547829.0542305,17.45,1.1770599796386581e-07,17.45,BID
596,1712694360.4040284,440548829.0542305,17.45,1.2670182773290182e-07,17.45,BID
597,1712694360.4080238,440688016.4376196,17.46,1.76352958727535e-05,17.46,BID
598,1712694361.259055,440691056.6386246,17.43,-3.851990240141757e-07,17.46,ASK
599,1712694367.2283647,440693692.24219626,17.43,-3.339357897078456e-07,17.46,ASK
600,1712694373.874518,440693991.2646229,17.45,3.788668799156146e-08,17.46,BID
601,1712694373.8770452,440694445.6376229,17.45,5.7569889568192255e-08,17.46,BID
602,1712694373.879553,440694551.7802234,17.46,1.3448461488278378e-08,17.46,BID
603,1712694374.8384497,440875512.9337641,17.43,-2.292810890225728e-05,17.46,ASK
604,1712694385.398464,440875812.9337641,17.43,-3.801054831987054e-08,17.46,ASK
605,1712694386.1586487,440881667.73470086,17.43,-7.4181397969961e-07,17.46,ASK
606,1712694390.1984866,440881667.73470086,17.43,-0.0,17.46,ASK
607,1712694394.5781562,440890978.84810287,17.43,-1.1788629145447798e-06,17.46,ASK
608,1712694396.9884768,440899884.81462085,17.43,-1.1275680139353225e-06,17.46,ASK
609,1712694412.9684234,440915203.0415709,17.43,-1.9394124943239404e-06,17.46,ASK
610,1712694418.218018,440937203.0415709,17.43,-2.7853794707719167e-06,17.46,ASK
611,1712694420.3081057,440937203.0415709,17.43,-0.0,17.46,ASK
612,1712694425.2083702,440955114.6291255,17.43,-2.2674752142463807e-06,17.46,ASK
613,1712694425.2126677,440961042.7015708,17.43,-7.504503605305617e-07,17.46,ASK
614,1712694450.308535,440961042.7015708,17.43,-0.0,17.46,ASK
615,1712694455.1741512,440998493.3987194,17.43,-4.740733371328265e-06,17.46,ASK
616,1712694455.1793995,441048487.3610048,17.43,-6.328534938361321e-06,17.46,ASK
617,1712694475.9978547,441049061.08447,17.43,7.262534972037337e-08,17.46,BID
618,1712694480.178972,441049061.08447,17.43,0.0,17.46,BID
619,1712694501.1404035,441261634.3532794,17.43,2.6903571765239128e-05,17.46,BID
620,1712694501.1470015,441307236.08447,17.43,5.771419212667784e-06,17.46,BID
621,1712694501.237813,441421980.08447,17.43,1.4522161962889322e-05,17.46,BID
622,1712694505.7779157,441422276.764968,17.42,-3.7548300934066935e-08,17.46,ASK
623,1712694510.17055,441422276.764968,17.42,-0.0,17.46,ASK
624,1712694513.2876906,441479648.764968,17.43,7.255107847764298e-06,17.46,BID
625,1712694519.2580647,441479935.7414453,17.43,3.62902686461007e-08,17.46,BID
626,1712694528.3881876,441480651.3398425,17.41,-9.049263660565188e-08,17.46,ASK
627,1712694528.3948932,441480816.0428119,17.42,-2.0827891752821183e-08,17.46,ASK
628,1712694535.1254735,441491305.9212232,17.43,1.3265216339654422e-06,17.46,BID
629,1712694535.2177606,441573367.5908122,17.43,1.0377296643591024e-05,17.46,BID
630,1712694536.5478857,441575086.7885193,17.45,2.1740508918566654e-07,17.46,BID
631,1712694536.554458,441575086.7885199,17.43,7.537442063604891e-17,17.46,BID
632,1712694540.207658,441575086.7885199,17.43,0.0,17.46,BID
633,1712694563.2077107,441575920.0945199,17.43,-1.053421402940582e-07,17.46,ASK
634,1712694570.2175212,441575920.0945199,17.43,-0.0,17.46,ASK
635,1712694576.7286825,441576753.4005199,17.42,-1.0534194687428685e-07,17.46,ASK
636,1712694600.3977578,441576753.4005199,17.42,-0.0,17.46,ASK
637,1712694606.4176223,441580198.8255199,17.42,-4.357471216436905e-07,17.46,ASK
638,1712694606.89755,441616103.79142,17.42,-4.540945033962247e-06,17.46,ASK
639,1712694606.9032044,441629595.8255199,17.42,-1.7063540852346316e-06,17.46,ASK
640,1712694608.8412895,441644288.2142953,17.42,-1.858164411917853e-06,17.46,ASK
641,1712694608.8476214,441673594.9645199,17.42,-3.706460612276169e-06,17.46,ASK
642,1712694612.2774787,441695583.9645199,17.42,-2.78097577448064e-06,17.46,ASK
643,1712694629.637643,441703015.53901386,17.46,9.398803326166848e-07,17.46,BID
644,1712694630.2911077,441703015.53901386,17.46,0.0,17.46,BID
645,1712694660.1873186,441703015.53901386,17.46,0.0,17.46,BID
646,1712694671.0122466,441708742.91587526,17.46,7.241469053351846e-07,17.46,BID
647,1712694684.4374092,441718766.3408466,17.46,1.2673222575562856e-06,17.46,BID
648,1712694690.237417,441718766.3408466,17.46,0.0,17.46,BID
649,1712694699.1174822,441727820.8082006,17.46,1.1447712792190842e-06,17.46,BID
650,1712694713.9578624,441740180.493192,17.46,1.562655410321155e-06,17.46,BID
651,1712694720.288459,441740180.493192,17.46,0.0,17.46,BID
652,1712694722.088728,441749417.829192,17.42,-1.1678364589315552e-06,17.46,ASK
653,1712694733.637805,441749444.0103408,17.4,-3.309969469215884e-09,17.46,ASK
654,1712694733.6437094,441760924.829192,17.42,-1.451470297578409e-06,17.46,ASK
655,1712694737.0478218,441766652.2060534,17.45,7.240874980360088e-07,17.46,BID
656,1712694739.4378526,441767165.47616833,17.4,-6.489052184814295e-08,17.46,ASK
657,1712694739.4448504,441772765.4989588,17.4,-7.079866733835168e-07,17.46,ASK
658,1712694750.289082,441772765.4989588,17.4,-0.0,17.46,ASK
659,1712694765.6403508,441775643.5648194,17.37,-3.638353131170878e-07,17.46,ASK
660,1712694765.6461785,441775931.30935335,17.38,-3.6375686895822164e-08,17.46,ASK
661,1712694765.6519637,441822511.413009,17.37,-5.888498533255064e-06,17.46,ASK
662,1712694765.6561122,441822798.9920774,17.39,-3.6354769304914754e-08,17.46,ASK
663,1712694765.6585977,441932686.9022674,17.37,-1.3891656462595708e-05,17.46,ASK
664,1712694765.6610785,441932975.1443423,17.35,-3.6438584333331816e-08,17.46,ASK
665,1712694765.6635823,441933284.9550136,17.37,-3.9165213045608766e-08,17.46,ASK
666,1712694765.666255,442012204.9550136,17.35,-9.976798413334088e-06,17.46,ASK
667,1712694765.668844,442091124.9550136,17.37,-9.976798413334088e-06,17.46,ASK
668,1712694765.6713934,442170044.9550136,17.35,-9.976798413334088e-06,17.46,ASK
669,1712694765.673915,442289644.9550136,17.36,-1.511942587727771e-05,17.46,ASK
670,1712694765.7409778,442370357.5740339,17.35,1.0203415222734351e-05,17.46,BID
671,1712694765.761131,442398969.5740339,17.35,3.617031882948744e-06,17.46,BID
672,1712694765.7642615,442582864.1967355,17.35,2.3247333755573325e-05,17.46,BID
673,1712694765.818162,442592616.2343355,17.35,1.232819478639928e-06,17.46,BID
674,1712694765.8239036,442853710.3409637,17.35,3.30066303692283e-05,17.46,BID
675,1712694765.860138,443026620.3409637,17.35,2.185869505384689e-05,17.46,BID
676,1712694765.8646767,443074627.1450064,17.35,6.068857151576526e-06,17.46,BID
677,1712694766.587886,443096627.1450064,17.35,2.7811652951514183e-06,17.46,BID
678,1712694766.772034,443097205.18535227,17.35,7.307389768494032e-08,17.46,BID
679,1712694772.6480803,443118191.2613522,17.35,2.6529884660245967e-06,17.46,BID
680,1712694774.998139,443132593.2822438,17.35,1.8206545765280348e-06,17.46,BID
681,1712694777.2529838,443140069.9393043,17.35,9.451735972919286e-07,17.46,BID
682,1712694778.368133,443145826.9916935,17.35,7.277870139647326e-07,17.46,BID
683,1712694780.2190104,443145826.9916935,17.35,0.0,17.46,BID
684,1712694783.498881,443146115.399998,17.34,-3.635009997268419e-08,17.46,ASK
685,1712694783.5037673,443252825.2106692,17.32,-1.344937793147551e-05,17.46,ASK
686,1712694783.508485,443253113.7853952,17.33,-3.6371075218267694e-08,17.46,ASK
687,1712694783.6184084,443267662.22753,17.32,1.8336411184233e-06,17.46,BID
688,1712694783.63887,443418475.2260695,17.32,1.9008008744254407e-05,17.46,BID
689,1712694783.6417613,443432337.9531835,17.32,1.7472156959574994e-06,17.46,BID
690,1712694783.6586058,443545826.9916935,17.32,1.4303811059172848e-05,17.46,BID
691,1712694784.098206,443548188.6345755,17.34,-2.976542405920031e-07,17.46,ASK
692,1712694790.58016,443548476.8190136,17.35,3.632188452891013e-08,17.46,BID
693,1712694790.6583788,443556086.6501638,17.34,-9.591198268578978e-07,17.46,ASK
694,1712694790.6683168,443566590.78656864,17.34,-1.3239092025697549e-06,17.46,ASK
695,1712694810.178368,443566590.78656864,17.34,-0.0,17.46,ASK
696,1712694820.198702,443586623.92027766,17.33,-2.522597689469234e-06,17.46,ASK
697,1712694821.08847,443587623.92027766,17.35,1.259212725333255e-07,17.46,BID
698,1712694822.0089614,443664774.0924967,17.33,-9.714847861986485e-06,17.46,ASK
699,1712694822.015105,443681892.92027766,17.33,-2.1556245784575784e-06,17.46,ASK
700,1712694840.2993686,443681892.92027766,17.33,-0.0,17.46,ASK
701,1712694870.289071,443681892.92027766,17.33,-0.0,17.46,ASK
702,1712694879.0791912,443709907.517362,17.34,3.526746326310168e-06,17.46,BID
703,1712694900.1935153,443709907.517362,17.34,0.0,17.46,BID
704,1712694918.089529,443768148.6355915,17.33,-7.334724310810302e-06,17.46,ASK
705,1712694930.1894271,443768148.6355915,17.33,-0.0,17.46,ASK
706,1712694939.8095417,443831196.2772625,17.36,7.93903535675723e-06,17.46,BID
707,1712694939.8204682,443837273.0595546,17.36,7.65195782012994e-07,17.46,BID
708,1712694941.0193324,443866074.90287256,17.36,3.626762974481964e-06,17.46,BID
709,1712694949.0498142,443877723.1265185,17.34,-1.466758421369336e-06,17.46,ASK
710,1712694960.2899137,443877723.1265185,17.34,-0.0,17.46,ASK
711,1712694984.0391383,443930841.7422508,17.34,-6.687158819538559e-06,17.46,ASK
712,1712694990.2896895,443930841.7422508,17.34,-0.0,17.46,ASK
713,1712695020.1702027,443930841.7422508,17.34,-0.0,17.46,ASK
714,1712695020.1830842,443936608.7542508,17.34,-7.259310758843081e-07,17.46,ASK
715,1712695035.0800605,444008582.8536564,17.35,9.059845101255447e-06,17.46,BID
716,1712695050.203448,444008582.8536564,17.35,0.0,17.46,BID
717,1712695053.922448,444008582.85434383,17.34,-8.651535670150546e-14,17.46,ASK
718,1712695053.92976,444146760.5961994,17.33,-1.7390373020571657e-05,17.46,ASK
719,1712695054.163041,444149284.4571994,17.33,-3.176407694372178e-07,17.46,ASK
720,1712695077.0803916,444179866.843407,17.35,3.848949164077e-06,17.46,BID
721,1712695077.0878716,444205163.0782543,17.37,3.1836600750828464e-06,17.46,BID
722,1712695080.3015544,444205163.0782543,17.37,0.0,17.46,BID
723,1712695082.72244,444287478.689505,17.33,-1.0355397144438077e-05,17.46,ASK
724,1712695110.2914343,444287478.689505,17.33,-0.0,17.46,ASK
725,1712695133.5306396,444287990.9661621,17.35,6.443342061616789e-08,17.46,BID
726,1712695138.8506184,444288503.24281913,17.35,6.443342061616789e-08,17.46,BID
727,1712695139.050309,444313002.6118192,17.33,-3.081495371495173e-06,17.46,ASK
728,1712695140.195887,444313002.6118192,17.33,-0.0,17.46,ASK
729,1712695141.2214596,444359496.4868192,17.33,-5.847607329952387e-06,17.46,ASK
730,1712695142.2476969,444392422.7313194,17.33,-4.1411852354237724e-06,17.46,ASK
731,1712695143.6714256,444436411.1063194,17.33,-5.532486678787138e-06,17.46,ASK
732,1712695145.600412,444446658.0953625,17.33,-1.2887798282703197e-06,17.46,ASK
733,1712695145.6064117,444458752.6983194,17.33,-1.521157118091975e-06,17.46,ASK
734,1712695157.2610004,444458763.6986486,17.33,-1.383528589357712e-09,17.46,ASK
735,1712695157.267418,444459109.7194098,17.34,-4.351957198253924e-08,17.46,ASK
736,1712695157.2734368,444479011.943716,17.33,-2.5031338587092143e-06,17.46,ASK
737,1712695167.2903633,444484694.546139,17.33,-7.147097888057657e-07,17.46,ASK
738,1712695170.18276,444484694.546139,17.33,-0.0,17.46,ASK
739,1712695174.040543,444536895.5324992,17.35,6.562943636303858e-06,17.46,BID
740,1712695200.2215636,444536895.5324992,17.35,0.0,17.46,BID
741,1712695219.4707088,444615815.5324992,17.35,9.92267607230426e-06,17.46,BID
742,1712695219.5305836,444789910.5324992,17.35,-2.1889106573844527e-05,17.46,ASK
743,1712695219.5718725,444823465.5119771,17.35,-4.218894981903751e-06,17.46,ASK
744,1712695219.590776,444904402.6714931,17.35,-1.0176295186138476e-05,17.46,ASK
745,1712695219.6105576,444986307.6442718,17.35,-1.0297979138288384e-05,17.46,ASK
746,1712695219.6305823,445061800.390628,17.35,-9.491764671840915e-06,17.46,ASK
747,1712695219.6340387,445081730.20614606,17.35,-2.505791986392687e-06,17.46,ASK
748,1712695219.6708224,445137956.1204549,17.35,-7.069330138814299e-06,17.46,ASK
749,1712695219.6904426,445153113.23131526,17.35,-1.905715930813825e-06,17.46,ASK
750,1712695219.750589,445177407.0051504,17.35,-3.0544760306681902e-06,17.46,ASK
751,1712695220.1311274,445193199.9651504,17.35,-1.985661762577868e-06,17.46,ASK
752,1712695220.1717098,445193782.9227504,17.35,-7.3295735284634e-08,17.46,ASK
753,1712695220.2504058,445215782.9227504,17.35,-2.7660779725125915e-06,17.46,ASK
754,1712695221.2267487,445237782.9227504,17.35,-2.7660779725125915e-06,17.46,ASK
755,1712695222.703891,445254379.9227504,17.35,-2.086754368626885e-06,17.46,ASK
756,1712695223.1406243,445261104.2505644,17.35,-8.454552293732737e-07,17.46,ASK
757,1712695223.180542,445268004.2505644,17.35,-8.675426368334945e-07,17.46,ASK
758,1712695223.2460742,445287886.2505644,17.35,-2.499780102249788e-06,17.46,ASK
759,1712695223.4405465,445345484.3485644,17.35,-7.241855915290629e-06,17.46,ASK
760,1712695225.010549,445403073.6335644,17.35,-7.240747849598066e-06,17.46,ASK
761,1712695225.1503396,445418097.6335644,17.35,-1.8889797935922352e-06,17.46,ASK
762,1712695230.190504,445418097.6335644,17.35,-0.0,17.46,ASK
763,1712695235.6305506,445429376.6335644,17.35,-1.415397094071498e-06,17.46,ASK
764,1712695236.0906727,445444789.2567724,17.35,-1.9341237787647114e-06,17.46,ASK
765,1712695252.220574,445444810.9749087,17.35,-2.7254000374714006e-09,17.46,ASK
766,1712695252.2306256,445453141.2567724,17.36,-1.0453636619081932e-06,17.46,ASK
767,1712695259.8114972,445464739.7259991,17.35,-1.4554871565821364e-06,17.46,ASK
768,1712695260.2802813,445464739.7259991,17.35,-0.0,17.46,ASK
769,1712695290.282891,445464739.7259991,17.35,-0.0,17.46,ASK
770,1712695303.9406009,445467611.3209991,17.35,-3.603186867797997e-07,17.46,ASK
771,1712695320.190656,445467611.3209991,17.35,-0.0,17.46,ASK
772,1712695350.2047944,445467611.3209991,17.35,-0.0,17.46,ASK
773,1712695373.7209623,445479188.62082064,17.35,-1.4526739982194808e-06,17.46,ASK
774,1712695373.7282104,445482353.6857536,17.36,-3.9713988595174e-07,17.46,ASK
775,1712695380.2805948,445482353.6857536,17.36,-0.0,17.46,ASK
776,1712695410.2920632,445482353.6857536,17.36,-0.0,17.46,ASK
777,1712695425.6809163,445487132.0392366,17.37,5.995497367098289e-07,17.46,BID
778,1712695440.1908877,445487132.0392366,17.37,0.0,17.46,BID
779,1712695470.1981568,445487132.0392366,17.37,0.0,17.46,BID
780,1712695480.0612054,445488104.9839675,17.37,-1.2207608425725677e-07,17.46,ASK
781,1712695480.0682096,445507062.86254114,17.37,-2.3786588370834944e-06,17.46,ASK
782,1712695496.5212502,445512823.2312048,17.36,-7.227576531475795e-07,17.46,ASK
783,1712695496.5297906,446110837.7986452,17.35,-7.503332348185634e-05,17.46,ASK
784,1712695496.5337024,446116598.1673088,17.36,-7.227576531475795e-07,17.46,ASK
785,1712695500.2036405,446116598.1673088,17.36,-0.0,17.46,ASK
786,1712695510.50112,446119483.3375338,17.35,-3.615112223124241e-07,17.46,ASK
787,1712695512.531252,446121832.1918919,17.37,2.943109569956723e-07,17.46,BID
788,1712695530.1940238,446121832.1918919,17.37,0.0,17.46,BID
789,1712695549.342996,446122919.5839472,17.37,1.362484446905517e-07,17.46,BID
790,1712695550.901461,446180556.4715552,17.37,7.221807677663382e-06,17.46,BID
791,1712695550.9099128,446214959.4769385,17.37,4.310640263940373e-06,17.46,BID
792,1712695550.913446,446257363.7877656,17.39,5.3131907395746845e-06,17.46,BID
793,1712695560.280833,446257363.7877656,17.39,0.0,17.46,BID
794,1712695563.304376,446272361.7877656,17.36,-1.8786704902107969e-06,17.46,ASK
795,1712695569.4712243,446274195.2913685,17.36,-2.296672298050836e-07,17.46,ASK
796,1712695569.4781013,446287359.7877656,17.36,-1.649003260405713e-06,17.46,ASK
797,1712695575.5327933,446302368.7877656,17.36,-1.8800483656203392e-06,17.46,ASK
798,1712695578.3421786,446302384.419102,17.36,-1.9580030937643347e-09,17.46,ASK
799,1712695578.3492343,446308144.7877656,17.37,-7.215518483169279e-07,17.46,ASK
800,1712695590.2976036,446308144.7877656,17.37,-0.0,17.46,ASK
801,1712695612.1111715,446418544.7877656,17.36,-1.382733166999653e-05,17.46,ASK
802,1712695612.1211042,446497464.7877656,17.36,-9.884538182935924e-06,17.46,ASK
803,1712695612.1273296,446597523.2887744,17.35,-1.2532084056625716e-05,17.46,ASK
804,1712695612.1319382,446626937.8476769,17.36,-3.684102009713489e-06,17.46,ASK
805,1712695612.1353936,446955767.7455213,17.35,-4.118514547558346e-05,17.46,ASK
806,1712695612.2313163,446969941.4433759,17.35,1.7752212067608628e-06,17.46,BID
807,1712695612.2393186,446970991.8619365,17.41,1.3156237164172033e-07,17.46,BID
808,1712695612.246662,446984115.1412305,17.4,1.6436588351191425e-06,17.46,BID
809,1712695612.2501276,446984491.6825789,17.35,4.716088869350682e-08,17.46,BID
810,1712695612.8510523,446999041.9215789,17.37,1.8223820700199668e-06,17.46,BID
811,1712695620.1916094,446999041.9215789,17.37,0.0,17.46,BID
812,1712695626.1209843,447004796.0968805,17.37,-7.196157869250435e-07,17.46,ASK
813,1712695630.8509705,447054770.0122396,17.37,6.2497259020235626e-06,17.46,BID
814,1712695650.1848557,447054770.0122396,17.37,0.0,17.46,BID
815,1712695670.8311813,447062870.026787,17.38,-1.0128632672728964e-06,17.46,ASK
816,1712695672.1010785,447146057.5675413,17.38,-1.0402154691411297e-05,17.46,ASK
817,1712695672.1080227,447203922.0185488,17.37,-7.23563847489034e-06,17.46,ASK
818,1712695680.3229852,447203922.0185488,17.37,-0.0,17.46,ASK
819,1712695688.85456,447206184.2725686,17.37,2.8279105575675413e-07,17.46,BID
820,1712695710.2824984,447206184.2725686,17.37,0.0,17.46,BID
821,1712695713.211006,447242979.8166101,17.37,4.599571729526411e-06,17.46,BID
822,1712695729.1538582,447261029.9893216,17.37,2.256334735085967e-06,17.46,BID
823,1712695740.1826997,447261029.9893216,17.37,0.0,17.46,BID
824,1712695767.50105,447262210.5159265,17.37,1.4755238394274678e-07,17.46,BID
825,1712695770.1977897,447262210.5159265,17.37,0.0,17.46,BID
826,1712695773.6410725,447265116.3744537,17.37,3.6319829845415545e-07,17.46,BID
827,1712695782.5714006,447322587.9624537,17.37,7.183275708491352e-06,17.46,BID
828,1712695790.4010942,447334877.39826256,17.37,1.536035609746616e-06,17.46,BID
829,1712695793.571174,447349007.4097767,17.37,1.7660860261967054e-06,17.46,BID
830,1712695795.681464,447361607.4097767,17.37,1.5748524980202704e-06,17.46,BID
831,1712695796.4274092,447413676.0377767,17.37,6.507968958279463e-06,17.46,BID
832,1712695800.2337644,447413676.0377767,17.37,0.0,17.46,BID
833,1712695800.871112,447471148.7347767,17.37,7.181492564095162e-06,17.46,BID
834,1712695813.2112029,447504262.8798544,17.37,4.137773221988273e-06,17.46,BID
835,1712695813.741314,447507141.406049,17.37,3.596858254679621e-07,17.46,BID
836,1712695830.1829977,447507141.406049,17.37,0.0,17.46,BID
837,1712695854.1711185,447509490.2604071,17.36,-2.934412290457509e-07,17.46,ASK
838,1712695855.9210937,447510096.68854535,17.36,-7.576077146114451e-08,17.46,ASK
839,1712695860.29248,447510096.68854535,17.36,-0.0,17.46,ASK
840,1712695871.851061,447517632.84744,17.37,9.414826198336596e-07,17.46,BID
841,1712695871.8566885,447528609.5719904,17.37,1.371308053806385e-06,17.46,BID
842,1712695871.9333937,447661781.1865462,17.37,1.6636958205508555e-05,17.46,BID
843,1712695871.9509091,447665463.580102,17.38,4.600366819065988e-07,17.46,BID
844,1712695871.9548862,447678322.1865462,17.4,1.6064091338564555e-06,17.46,BID
845,1712695886.8216136,448019714.2077648,17.4,-4.2649665303303325e-05,17.46,ASK
846,1712695886.828883,448297088.56682485,17.4,-3.465202126109187e-05,17.46,ASK
847,1712695886.834867,449092897.99167407,17.4,-9.94194459902338e-05,17.46,ASK
848,1712695886.838102,449378446.8327303,17.4,-3.567324876347447e-05,17.46,ASK
849,1712695886.8414607,449391889.6076008,17.4,-1.6793885426090937e-06,17.46,ASK
850,1712695886.8447378,450072372.3897573,17.4,-8.501183712510009e-05,17.46,ASK
851,1712695887.100902,450104472.3897573,17.4,4.010211636901883e-06,17.46,BID
852,1712695890.290945,450104472.3897573,17.4,0.0,17.46,BID
853,1712695920.204997,450104472.3897573,17.4,0.0,17.46,BID
854,1712695939.820999,450109145.3980808,17.4,5.805193762237536e-07,17.46,BID
855,1712695943.791117,450339030.455552,17.4,2.855820510681284e-05,17.46,BID
856,1712695949.831234,450360123.6342293,17.4,2.620367455136297e-06,17.46,BID
857,1712695949.8396618,450384961.5130118,17.4,3.0855647795974246e-06,17.46,BID
858,1712695950.1997137,450384961.5130118,17.4,0.0,17.46,BID
859,1712695980.302245,450384961.5130118,17.4,0.0,17.46,BID
860,1712695984.0911448,450393470.01319695,17.4,1.0563551314812394e-06,17.46,BID
861,1712695985.3909206,450427452.4985676,17.43,4.219024742396529e-06,17.46,BID
862,1712695987.8611343,450433186.8646032,17.43,7.119382800346429e-07,17.46,BID
863,1712695998.051023,450438921.2320723,17.43,7.119384580142222e-07,17.46,BID
864,1712695998.863302,450439495.944716,17.4,-7.135225210930873e-08,17.46,ASK
865,1712696000.521009,450440070.65735966,17.4,-7.135225210930873e-08,17.46,ASK
866,1712696001.8509994,450440645.37000334,17.4,-7.135225210930873e-08,17.46,ASK
867,1712696003.0709767,450441220.082647,17.4,-7.135225210930873e-08,17.46,ASK
868,1712696010.2929423,450441220.082647,17.4,-0.0,17.46,ASK
869,1712696017.2009456,450563431.9967095,17.4,-1.5171119464310224e-05,17.46,ASK
870,1712696023.2409687,450620347.19306695,17.4,-7.065327876557492e-06,17.46,ASK
871,1712696025.3010516,450674838.8215073,17.44,6.764471461031464e-06,17.46,BID
872,1712696025.3111012,450787638.8215073,17.44,1.4002745057237396e-05,17.46,BID
873,1712696040.2357178,450787638.8215073,17.44,0.0,17.46,BID
874,1712696064.1261528,450804460.48250735,17.41,-2.086641079181586e-06,17.46,ASK
875,1712696064.1407695,450856673.861019,17.44,6.47680276550666e-06,17.46,BID
876,1712696064.147674,450866949.0719569,17.44,1.274587404904466e-06,17.46,BID
877,1712696070.1907656,450866949.0719569,17.44,0.0,17.46,BID
878,1712696083.2211168,450883911.27695686,17.41,-2.1037140305199297e-06,17.46,ASK
879,1712696085.1977825,450887696.1119568,17.41,-4.694089295976314e-07,17.46,ASK
880,1712696100.2940657,450887696.1119568,17.41,-0.0,17.46,ASK
881,1712696108.2010434,450887700.3533771,17.41,-5.263414786833712e-10,17.46,ASK
882,1712696108.2078762,450901855.2229568,17.41,-1.75655665145895e-06,17.46,ASK
883,1712696114.2809813,450907589.167911,17.44,7.115571847263988e-07,17.46,BID
884,1712696130.2914894,450907589.167911,17.44,0.0,17.46,BID
885,1712696158.781155,450907933.00745255,17.45,4.266713023216332e-08,17.46,BID
886,1712696160.1816924,450907933.00745255,17.45,0.0,17.46,BID
887,1712696166.580864,450921115.01243854,17.45,1.635756906134648e-06,17.46,BID
888,1712696190.1957035,450921115.01243854,17.45,0.0,17.46,BID
889,1712696191.7110784,451322951.9814397,17.46,4.986258435326252e-05,17.46,BID
890,1712696191.718759,451366703.9037551,17.45,5.429027405050881e-06,17.46,BID
891,1712696191.7260273,451401357.0159371,17.46,4.299986966284026e-06,17.46,BID
892,1712696194.26118,451406577.0159371,17.42,-6.477320664920453e-07,17.46,ASK
893,1712696195.5608566,451407974.0888292,17.47,1.733580290151357e-07,17.47,BID
894,1712696211.410837,451425171.0888292,17.44,-2.1339173079432383e-06,17.47,ASK
895,1712696215.790758,451434336.5220295,17.44,-1.137307468790487e-06,17.47,ASK
896,1712696220.2907913,451434336.5220295,17.44,-0.0,17.47,ASK
897,1712696224.0811892,451455569.8610295,17.44,-2.6318468746480403e-06,17.47,ASK
898,1712696224.4808648,451520366.8208063,17.44,-8.031505364060849e-06,17.47,ASK
899,1712696226.2841744,451528448.2163736,17.44,-1.0016792774137394e-06,17.47,ASK
900,1712696226.2904906,451538029.9163736,17.44,-1.1876402104633476e-06,17.47,ASK
901,1712696226.3449018,451595314.7803736,17.44,-7.100390112134121e-06,17.47,ASK
902,1712696226.350593,451607771.7393866,17.44,-1.5440251128718567e-06,17.47,ASK
903,1712696226.36051,451616329.3297771,17.44,-1.06070305399347e-06,17.47,ASK
904,1712696226.3842585,451627718.4837674,17.44,-1.411671962388619e-06,17.47,ASK
905,1712696226.4006033,451643119.4837674,17.44,-1.90893545836008e-06,17.47,ASK
906,1712696226.4406352,451649803.9980659,17.44,-8.28537521350496e-07,17.47,ASK
907,1712696226.4622858,451661979.2431402,17.44,-1.509107008416064e-06,17.47,ASK
908,1712696226.470762,451668682.24718606,17.44,-8.308293033337337e-07,17.47,ASK
909,1712696226.865388,451680651.796366,17.44,-1.4836112492771957e-06,17.47,ASK
910,1712696226.986343,451689619.1514828,17.44,-1.1114928998205806e-06,17.47,ASK
911,1712696227.832266,451716389.7254828,17.44,-3.318180504464272e-06,17.47,ASK
912,1712696232.6606908,451716404.0481615,17.44,-1.775278826105711e-09,17.47,ASK
913,1712696237.220888,451725759.54688245,17.43,-1.1596028335280836e-06,17.47,ASK
914,1712696237.78069,451737219.7844865,17.43,-1.4204826909648208e-06,17.47,ASK
915,1712696238.3208432,451746671.6135093,17.43,-1.1715428587697757e-06,17.47,ASK
916,1712696241.6506371,451781164.1915093,17.43,-4.275313628625939e-06,17.47,ASK
917,1712696243.6417103,451781170.8875397,17.43,-8.299649330078633e-10,17.47,ASK
918,1712696243.6479414,451810126.4805093,17.43,-3.5890109822416967e-06,17.47,ASK
919,1712696245.1509707,451825133.56950927,17.43,-1.8601106628686464e-06,17.47,ASK
920,1712696246.855605,451825140.8130761,17.43,-8.97831409043563e-10,17.47,ASK
921,1712696246.863249,451832059.3665383,17.43,-8.575463946865424e-07,17.47,ASK
922,1712696247.2108042,451840698.305445,17.43,-1.0707861049062964e-06,17.47,ASK
923,1712696247.29274,451851641.265445,17.43,-1.3563667530274043e-06,17.47,ASK
924,1712696249.15002,451878698.854445,17.43,-3.353755669099939e-06,17.47,ASK
925,1712696250.291276,451878698.854445,17.43,-0.0,17.47,ASK
926,1712696252.1111894,451882449.050445,17.43,-4.643863123417615e-07,17.47,ASK
927,1712696278.2207067,451882455.8159303,17.43,-8.377692161865071e-10,17.47,ASK
928,1712696280.1916368,451882455.8159303,17.43,-0.0,17.47,ASK
929,1712696301.7805836,451885116.75583386,17.41,-3.2950119116392624e-07,17.47,ASK
930,1712696301.7876985,451914850.3109303,17.41,-3.681872637830017e-06,17.47,ASK
931,1712696301.8006644,451952703.52216434,17.4,-4.687320511943698e-06,17.47,ASK
932,1712696301.8062496,451952914.49495465,17.41,-2.6124522998198203e-08,17.47,ASK
933,1712696301.8121717,451953488.49495465,17.4,-7.107777348719852e-08,17.47,ASK
934,1712696310.192612,451953488.49495465,17.4,-0.0,17.47,ASK
935,1712696310.6775708,451954062.2184199,17.39,-7.10326561856576e-08,17.47,ASK
936,1712696313.3608377,452032982.2184199,17.38,-9.771078865658844e-06,17.47,ASK
937,1712696313.3686545,452039269.1964865,17.39,-7.783902498180783e-07,17.47,ASK
938,1712696313.4867086,452040995.3184658,17.38,2.1371102371325881e-07,17.47,BID
939,1712696325.2207143,452049866.7170588,17.38,1.0983671477496037e-06,17.47,BID
940,1712696340.3003345,452049866.7170588,17.38,0.0,17.47,BID
941,1712696350.7639017,452055691.2522386,17.37,-7.209857030442668e-07,17.47,ASK
942,1712696361.0804515,452067205.357017,17.37,-1.4252647931903264e-06,17.47,ASK
943,1712696370.3023283,452067205.357017,17.37,-0.0,17.47,ASK
944,1712696400.3130684,452067205.357017,17.37,-0.0,17.47,ASK
945,1712696401.1415946,452270335.3012615,17.36,-2.516923171329512e-05,17.47,ASK
946,1712696401.1494715,452433780.13254976,17.37,-2.025196652485373e-05,17.47,ASK
947,1712696401.1570897,452447962.49989146,17.36,-1.7572952682770436e-06,17.47,ASK
948,1712696401.1606028,452452394.1355417,17.37,-5.491108903912491e-07,17.47,ASK
949,1712696401.164092,452460959.5903725,17.36,-1.061320221243741e-06,17.47,ASK
950,1712696401.1676152,452655652.8149994,17.35,-2.4123862692270765e-05,17.47,ASK
951,1712696401.243514,452804273.7676334,17.35,1.8415183483694746e-05,17.47,BID
952,1712696401.251102,452826273.7676334,17.35,2.7259550518361083e-06,17.47,BID
953,1712696401.2603457,452971307.8488784,17.35,1.797074483901047e-05,17.47,BID
954,1712696401.263847,453360203.8315391,17.35,4.818695311694237e-05,17.47,BID
955,1712696401.2673783,453457647.8315391,17.37,1.2073998366868986e-05,17.47,BID
956,1712696401.280281,453472603.8315391,17.37,1.8531538070573104e-06,17.47,BID
957,1712696416.850382,453494354.1778209,17.37,-2.6950211966422566e-06,17.47,ASK
958,1712696419.0403771,453494929.8830599,17.37,7.133393656602086e-08,17.47,BID
959,1712696428.190548,453500686.935449,17.37,7.133393656306667e-07,17.47,BID
960,1712696430.2001407,453500686.935449,17.37,0.0,17.47,BID
961,1712696434.270969,453512201.04022735,17.37,1.422294190123063e-06,17.47,BID
962,1712696435.3918884,453524917.3384427,17.37,1.5707966376634267e-06,17.47,BID
963,1712696443.44075,453647937.003049,17.37,1.5196157895790636e-05,17.47,BID
964,1712696443.5205057,453647937.00305,17.36,-1.2516655069636948e-16,17.47,ASK
965,1712696443.5294497,453951863.699179,17.36,-3.754292517298875e-05,17.47,ASK
966,1712696450.7504804,453953592.8058072,17.35,-2.135900583493197e-07,17.47,ASK
967,1712696450.758371,453973678.9010881,17.35,-2.481160035470635e-06,17.47,ASK
968,1712696456.2911503,454087278.9010881,17.39,1.4032582046829535e-05,17.47,BID
969,1712696456.3006136,454096395.5073863,17.35,1.126140192494838e-06,17.47,BID
970,1712696456.307549,455278827.64977664,17.37,0.0001460614089163,17.47,BID
971,1712696456.3116062,455357747.64977664,17.39,9.748691682533336e-06,17.47,BID
972,1712696456.315704,455464547.64977664,17.38,1.319260354402636e-05,17.47,BID
973,1712696456.319844,455700405.9125824,17.4,2.913468683313829e-05,17.47,BID
974,1712696460.2910674,455700405.9125824,17.4,0.0,17.47,BID
975,1712696487.0103457,455773417.9125824,17.35,-8.97652170271468e-06,17.47,ASK
976,1712696487.4303007,455797849.9125824,17.35,-3.00381277380054e-06,17.47,ASK
977,1712696490.2907057,455797849.9125824,17.35,-0.0,17.47,ASK
978,1712696494.700255,455828288.2491604,17.35,-3.741489170923125e-06,17.47,ASK
979,1712696496.1404178,455840396.9862784,17.35,-1.488409482711023e-06,17.47,ASK
980,1712696503.830754,455873485.5089388,17.35,-4.0672508137496015e-06,17.47,ASK
981,1712696503.93194,455903987.9499717,17.35,-3.7493689091458254e-06,17.47,ASK
982,1712696507.1654785,455914990.7271476,17.35,-1.352464565469016e-06,17.47,ASK
983,1712696507.2801394,455943020.3161476,17.35,-3.445405219181412e-06,17.47,ASK
984,1712696508.1604483,455967741.442616,17.35,-3.038728044081513e-06,17.47,ASK
985,1712696508.168897,456090188.19178855,17.35,-1.5051189964689282e-05,17.47,ASK
986,1712696509.040062,456109419.0031418,17.34,-2.3638569158351987e-06,17.47,ASK
987,1712696509.0502243,456115186.0158286,17.34,-7.088828740998602e-07,17.47,ASK
988,1712696518.7492032,456115186.01582927,17.34,-8.05928226833262e-17,17.47,ASK
989,1712696520.1886578,456115186.01582927,17.34,-0.0,17.47,ASK
990,1712696542.4703722,456119629.6994085,17.34,5.458494769194467e-07,17.47,BID
991,1712696543.4427526,456120186.0158286,17.34,6.833632987616758e-08,17.47,BID
992,1712696543.4473891,456120425.1146334,17.34,2.9370218466390642e-08,17.47,BID
993,1712696544.4705777,456120512.8526605,17.33,-1.077749019311048e-08,17.47,ASK
994,1712696544.480363,456138684.1146334,17.33,-2.2321062393572235e-06,17.47,ASK
995,1712696544.5719335,456160684.1146334,17.33,-2.702417550255072e-06,17.47,ASK
996,1712696546.250393,456218370.8746334,17.33,-7.086077847333022e-06,17.47,ASK
997,1712696546.3502648,456262370.8746334,17.33,-5.404835100510143e-06,17.47,ASK
998,1712696549.0849664,456344881.16116536,17.33,-1.0135329381845927e-05,17.47,ASK
999,1712696549.091801,456485630.00556695,17.33,-1.72891885131363e-05,17.47,ASK
1000,1712696549.162814,456501430.00556695,17.31,-1.940827149728642e-06,17.47,ASK
1201,1712696550.1903667,456501430.00556695,17.31,-0.0,17.47,ASK
1202,1712696556.9301035,456517230.00556695,17.32,-1.939232729125985e-06,17.47,ASK
1203,1712696557.2712607,456574916.76556695,17.32,-7.080256520836534e-06,17.47,ASK
1204,1712696563.6533537,456583670.0151337,17.31,-1.0743410155707662e-06,17.47,ASK
1205,1712696563.6555862,456674344.76556695,17.31,-1.1129078718070908e-05,17.47,ASK
1206,1712696573.3040257,456677234.93897736,17.3,-3.547290424258036e-07,17.47,ASK
1207,1712696573.3101504,456680524.0141219,17.3,-4.036887448624103e-07,17.47,ASK
1208,1712696580.2819436,456680524.0141219,17.3,-0.0,17.47,ASK
1209,1712696585.1203103,456746404.946488,17.3,8.08290231215754e-06,17.47,BID
1210,1712696610.2917607,456746404.946488,17.3,0.0,17.47,BID
1211,1712696616.0501509,456753925.1032208,17.3,9.225156880604828e-07,17.47,BID
1212,1712696640.1804266,456753925.1032208,17.3,0.0,17.47,BID
1213,1712696670.1765091,456753925.1032208,17.3,0.0,17.47,BID
1214,1712696675.6400125,456790459.7564,17.3,4.481722127037505e-06,17.47,BID
1215,1712696693.260141,456804274.64086527,17.3,1.694678011223077e-06,17.47,BID
1216,1712696693.4999113,456806604.64086527,17.3,2.8582213452992066e-07,17.47,BID
1217,1712696700.2920115,456806604.64086527,17.3,0.0,17.47,BID
1218,1712696719.0997849,456807178.64086527,17.29,7.055180579757967e-08,17.47,BID
1219,1712696719.1010847,456838519.8142756,17.3,3.852223658389735e-06,17.47,BID
1220,1712696721.2499366,456840224.1644128,17.3,2.0948602767383665e-07,17.47,BID
1221,1712696730.2998943,456840224.1644128,17.3,0.0,17.47,BID
1222,1712696760.2149625,456840224.1644128,17.3,0.0,17.47,BID
1223,1712696790.2042654,456840224.1644128,17.3,0.0,17.47,BID
1224,1712696797.2317984,456841380.23377687,17.3,1.420852804369297e-07,17.47,BID
1225,1712696804.1649344,456841690.04444814,17.28,-3.807689873595453e-08,17.47,ASK
1226,1712696804.1679804,456847477.0814852,17.28,-7.112486549815307e-07,17.47,ASK
1227,1712696804.1708872,456847493.23377687,17.27,-1.985177506863186e-09,17.47,ASK
1228,1712696806.3519669,456853211.4729232,17.3,7.027931350173851e-07,17.47,BID
1229,1712696820.2922547,456853211.4729232,17.3,0.0,17.47,BID
1230,1712696822.80256,456911014.9411305,17.27,-7.104067956584262e-06,17.47,ASK
1231,1712696822.8048382,456916965.8994352,17.27,-7.313750111217202e-07,17.47,ASK
1232,1712696840.5500565,456916965.899436,17.27,-1.0255606526781955e-16,17.47,ASK
1233,1712696840.6527514,456948316.8048064,17.25,-3.85303804700279e-06,17.47,ASK
1234,1712696841.3699763,457109451.185074,17.25,-1.980347586511606e-05,17.47,ASK
1235,1712696841.3713567,457129245.5260804,17.25,-2.4327319454422822e-06,17.47,ASK
1236,1712696842.350175,457494693.12191737,17.25,-4.491364680897314e-05,17.47,ASK
1237,1712696842.35236,457776485.6891064,17.25,-3.463241236307048e-05,17.47,ASK
1238,1712696842.5829172,457839311.6891064,17.25,-7.721339000624175e-06,17.47,ASK
1239,1712696842.7427588,457859356.57405335,17.25,-2.463523889859461e-06,17.47,ASK
1240,1712696844.0554435,457899339.57405335,17.25,-4.913925719637672e-06,17.47,ASK
1241,1712696847.9429874,457899638.081516,17.25,-3.6686679297919225e-08,17.47,ASK
1242,1712696850.2850497,457899638.081516,17.25,-0.0,17.47,ASK
1243,1712696854.6215186,457908377.3400984,17.25,-1.0716805172223186e-06,17.47,ASK
1244,1712696854.7529037,457926332.9519051,17.25,-2.2018663444399467e-06,17.47,ASK
1245,1712696854.7930758,457939769.3860082,17.25,-1.647687216653012e-06,17.47,ASK
1246,1712696854.9534173,457940348.760284,17.26,7.104768873734593e-08,17.47,BID
1247,1712696854.9932375,457951080.714064,17.25,-1.316041363153677e-06,17.47,ASK
1248,1712696860.1933885,457987615.3672424,17.25,-4.480182803327417e-06,17.47,ASK
1249,1712696865.733445,458015953.5515636,17.25,-3.475063673200249e-06,17.47,ASK
1250,1712696869.8737726,458026394.4025769,17.25,-1.2803439226250327e-06,17.47,ASK
1251,1712696870.1936338,458028136.56285566,17.25,-2.136381720480093e-07,17.47,ASK
1252,1712696872.0033543,458043837.06285566,17.25,-1.925325793026578e-06,17.47,ASK
1253,1712696872.6037524,458056853.3929744,17.25,-1.5961705747095263e-06,17.47,ASK
1254,1712696880.193797,458056853.3929744,17.25,-0.0,17.47,ASK
1255,1712696885.2772906,458077768.4508765,17.25,-2.5639255498142858e-06,17.47,ASK
1256,1712696891.3064268,458109767.5190165,17.25,-3.92268712611708e-06,17.47,ASK
1257,1712696891.4644587,458135994.2165816,17.25,-3.215066402857556e-06,17.47,ASK
1258,1712696891.4676542,458138897.8170462,17.25,-3.559452454047524e-07,17.47,ASK
1259,1712696891.5666258,458164952.1897539,17.25,-3.193941522057974e-06,17.47,ASK
1260,1712696891.6275356,458178035.7928061,17.25,-1.6038867454386543e-06,17.47,ASK
1261,1712696892.1640358,458206293.98569953,17.25,-3.464102422782449e-06,17.47,ASK
1262,1712696892.2038608,458216166.4453035,17.25,-1.210240561449721e-06,17.47,ASK
1263,1712696892.3293755,458237192.2824339,17.25,-2.5775057031844693e-06,17.47,ASK
1264,1712696892.344003,458253181.5752791,17.25,-1.960088116471177e-06,17.47,ASK
1265,1712696892.5782435,458266192.36548775,17.25,-1.5949607978901132e-06,17.47,ASK
1266,1712696892.5800774,458278995.24399376,17.25,-1.5694734131964868e-06,17.47,ASK
1267,1712696894.9614518,458322984.24399376,17.25,-5.392503407785936e-06,17.47,ASK
1268,1712696897.2241392,458326984.24399376,17.26,4.903501700685114e-07,17.47,BID
1269,1712696897.5569468,458341982.54099375,17.25,-1.8386043711709005e-06,17.47,ASK
1270,1712696899.1941023,458395107.6259937,17.25,-6.5124736161609e-06,17.47,ASK
1271,1712696907.8979902,458453014.9919937,17.25,-7.098721691579473e-06,17.47,ASK
1272,1712696910.2007976,458453014.9919937,17.25,-0.0,17.47,ASK
1273,1712696911.629336,458462284.5004921,17.25,-1.1353751155898922e-06,17.47,ASK
1274,1712696913.7345097,458520224.2364921,17.25,-7.096744608391324e-06,17.47,ASK
1275,1712696917.2580943,458578168.1844921,17.25,-7.097260514925288e-06,17.47,ASK
1276,1712696919.0045393,458591635.6458011,17.25,-1.6495610790058475e-06,17.47,ASK
1277,1712696919.0076623,458598925.7798348,17.25,-8.929315694149365e-07,17.47,ASK
1278,1712696921.1545377,458656865.5078348,17.25,-7.0967436285098855e-06,17.47,ASK
1279,1712696924.174452,458692368.7578348,17.25,-4.348613152428984e-06,17.47,ASK
1280,1712696926.3151264,458905183.23402447,17.25,-2.606656658716305e-05,17.47,ASK
1281,1712696934.7895613,458911884.0980244,17.25,-8.207548695647906e-07,17.47,ASK
1282,1712696937.035515,458926929.17111737,17.25,-1.8427947506553144e-06,17.47,ASK
1283,1712696937.1155963,458941974.2442103,17.25,-1.8427947506553144e-06,17.47,ASK
1284,1712696937.1597614,458965151.0558043,17.25,-2.838810185802084e-06,17.47,ASK
1285,1712696937.1741536,458982623.15671206,17.25,-2.1400690868576115e-06,17.47,ASK
1286,1712696937.1758842,458998064.4602632,17.25,-1.891327011277128e-06,17.47,ASK
1287,1712696938.1048205,458999926.7822103,17.24,-2.281063765488104e-07,17.47,ASK
1288,1712696940.2892823,458999926.7822103,17.24,-0.0,17.47,ASK
1289,1712696944.4452443,459000768.5855532,17.24,-1.0298921594433469e-07,17.47,ASK
1290,1712696944.4486132,459009556.99274576,17.24,-1.0752050034261617e-06,17.47,ASK
1291,1712696945.4854522,459009847.24231046,17.23,-3.5510164399157405e-08,17.47,ASK
1292,1712696945.4975035,459019126.2962619,17.23,-1.1352324735324626e-06,17.47,ASK
1293,1712696945.5049982,459041454.671133,17.23,-2.731732821855031e-06,17.47,ASK
1294,1712696950.2885053,459460158.131206,17.24,5.122567097277395e-05,17.47,BID
1295,1712696950.2965286,459537888.25734377,17.23,9.5097801807351e-06,17.47,BID
1296,1712696950.299151,459651488.25734377,17.26,1.3898228167241462e-05,17.47,BID
1297,1712696950.3017058,459758688.25734377,17.25,1.3115229397256028e-05,17.47,BID
1298,1712696950.304275,459823455.0278032,17.25,7.923797125890067e-06,17.47,BID
1299,1712696950.3068688,459897796.0278032,17.26,9.095142431169872e-06,17.47,BID
1300,1712696950.3545072,459905581.3765746,17.3,-9.524872674857136e-07,17.47,ASK
1301,1712696950.3560631,460144733.0770528,17.3,-2.9258669892860303e-05,17.47,ASK
1302,1712696950.3668869,460627984.9677076,17.3,-5.9122755621233214e-05,17.47,ASK
1303,1712696950.370778,460671556.21895504,17.3,-5.330661895850817e-06,17.47,ASK
1304,1712696950.379805,460778738.5147603,17.3,-1.311306340308526e-05,17.47,ASK
1305,1712696950.426775,460790386.5147603,17.23,-1.4250577613734906e-06,17.47,ASK
1306,1712696950.4601576,460793096.9287138,17.2,-3.316016862075984e-07,17.47,ASK
1307,1712696950.4627368,460820746.2173317,17.22,-3.3827123404367163e-06,17.47,ASK
1308,1712696950.4642658,460866690.09196895,17.23,-5.6209370827076125e-06,17.47,ASK
1309,1712696950.465791,460896608.5105736,17.2,-3.660325776143877e-06,17.47,ASK
1310,1712696950.4673495,460899315.7765434,17.22,-3.3121655068545337e-07,17.47,ASK
1311,1712696950.468897,460908174.1380603,17.2,-1.0837634643458524e-06,17.47,ASK
1312,1712696950.4704502,460974055.5703532,17.19,-8.060168820344164e-06,17.47,ASK
1313,1712696950.4720073,461124514.0587253,17.2,-1.840762677018942e-05,17.47,ASK
1314,1712696950.4735782,461136012.84685296,17.19,-1.4068026500512742e-06,17.47,ASK
1315,1712696950.4751513,461136594.2422018,17.2,-7.112997547224766e-08,17.47,ASK
1316,1712696950.4767156,461223753.5147603,17.19,-1.0663375500959188e-05,17.47,ASK
1317,1712696950.479902,461229587.5147603,17.23,-7.137523162648476e-07,17.47,ASK
1318,1712696950.935217,461288520.35413855,17.21,-7.21005324139208e-06,17.47,ASK
1319,1712696950.9384975,461452386.4867603,17.2,-2.0047965669548777e-05,17.47,ASK
1320,1712696950.995263,461510075.4027603,17.2,-7.057867229656214e-06,17.47,ASK
1321,1712696951.1353748,461680501.7043193,17.2,-2.085056007716271e-05,17.47,ASK
1322,1712696951.1388285,461721817.4027603,17.2,-5.054709540689769e-06,17.47,ASK
1323,1712696953.325856,461896556.0084613,17.2,-2.1378142708247256e-05,17.47,ASK
1324,1712696953.3293955,461965234.4077372,17.2,-8.402359712131889e-06,17.47,ASK
1325,1712696953.3328931,462074034.4077372,17.21,-1.3310979089752386e-05,17.47,ASK
1326,1712696957.865536,462075331.4546393,17.27,1.586853326521042e-07,17.47,BID
1327,1712696970.301895,462075331.4546393,17.27,0.0,17.47,BID
1328,1712696978.1896276,462078029.6431173,17.23,3.279781762454132e-07,17.47,BID
1329,1712696994.596069,462245321.2715577,17.2,-2.0335126194673225e-05,17.47,ASK
1330,1712696997.2459714,462303399.1465577,17.2,-7.059653422313077e-06,17.47,ASK
1331,1712697000.229225,462303399.1465577,17.2,-0.0,17.47,ASK
1332,1712697011.0112484,462361504.8990272,17.21,7.090485205079917e-06,17.47,BID
1333,1712697011.2464182,462364411.87577134,17.2,-3.547303790086925e-07,17.47,ASK
1334,1712697011.2506895,462653058.8825731,17.2,-3.5222800570281755e-05,17.47,ASK
1335,1712697013.5180464,462673426.4421221,17.19,2.485397288693856e-06,17.47,BID
1336,1712697021.206618,462673536.2047747,17.19,1.3394034695474454e-08,17.47,BID
1337,1712697021.2105966,462678077.6687282,17.2,5.541823589496837e-07,17.47,BID
1338,1712697030.2069836,462678077.6687282,17.2,0.0,17.47,BID
1339,1712697040.867129,462678443.947798,17.2,4.466090432531784e-08,17.47,BID
1340,1712697053.29715,462713955.408798,17.19,-4.329960658463694e-06,17.47,ASK
1341,1712697057.6270535,462714528.9553096,17.2,6.993330494755932e-08,17.47,BID
1342,1712697060.3072488,462714528.9553096,17.2,0.0,17.47,BID
1343,1712697068.5952916,462715226.6297282,17.2,8.506189019611836e-08,17.47,BID
1344,1712697090.3099515,462715226.6297282,17.2,0.0,17.47,BID
1345,1712697120.2058232,462715226.6297282,17.2,0.0,17.47,BID
1346,1712697140.94847,462791715.3788805,17.2,9.325650890117594e-06,17.47,BID
1347,1712697144.8288436,462847842.7596774,17.2,-6.843154901741159e-06,17.47,ASK
1348,1712697145.5389245,462849589.99322426,17.2,-2.1302597129705802e-07,17.47,ASK
1349,1712697150.20627,462849589.99322426,17.2,-0.0,17.47,ASK
1350,1712697150.2083185,462985853.5647336,17.2,-1.660882883829814e-05,17.47,ASK
1351,1712697154.7986944,462985936.8560104,17.2,-1.0152167193180997e-08,17.47,ASK
1352,1712697161.848637,462991480.30077785,17.2,6.75676736612167e-07,17.47,BID
1353,1712697180.323163,462991480.30077785,17.2,0.0,17.47,BID
1354,1712697209.3694282,462991976.119412,17.2,6.041613196186469e-08,17.47,BID
1355,1712697210.0910532,463035967.237412,17.2,-5.360373747912055e-06,17.47,ASK
1356,1712697210.193998,463037714.4709589,17.2,-2.1290263267117093e-07,17.47,ASK
1357,1712697210.325607,463037714.4709589,17.2,-0.0,17.47,ASK
1358,1712697215.779539,463054424.59833765,17.2,-2.035953017429739e-06,17.47,ASK
1359,1712697215.839362,463076413.59833765,17.2,-2.6791280452573014e-06,17.47,ASK
1360,1712697216.079513,463281270.7195007,17.2,-2.4959682503910805e-05,17.47,ASK
1361,1712697217.5847793,463320870.8628432,17.2,-4.82486036768782e-06,17.47,ASK
1362,1712697217.6394184,463360591.6035712,17.2,-4.8395538888914495e-06,17.47,ASK
1363,1712697217.72012,463414042.0554991,17.2,-6.5123745869168645e-06,17.47,ASK
1364,1712697217.8031669,463467330.2248352,17.2,-6.492602162386355e-06,17.47,ASK
1365,1712697217.8410883,463507322.5254581,17.2,-4.872640601813623e-06,17.47,ASK
1366,1712697217.9400978,463523827.9773598,17.2,-2.0110154663432168e-06,17.47,ASK
1367,1712697219.5343635,463536177.5641371,17.2,-1.5046670736496451e-06,17.47,ASK
1368,1712697220.6726596,463554928.5641371,17.2,-2.284611850316961e-06,17.47,ASK
1369,1712697226.3734002,463572875.6496151,17.2,-2.186663333239394e-06,17.47,ASK
1370,1712697237.079856,463573457.0449639,17.2,7.083689956241372e-08,17.47,BID
1371,1712697239.8296962,463574928.5641371,17.2,1.7928911210455597e-07,17.47,BID
1372,1712697240.206208,463574928.5641371,17.2,0.0,17.47,BID
1373,1712697246.481179,463582415.5308373,17.2,-9.111822189653444e-07,17.47,ASK
1374,1712697246.4843264,463589362.34812623,17.2,-8.454447102078805e-07,17.47,ASK
1375,1712697256.8198638,463608727.8042564,17.21,2.3568235300981466e-06,17.47,BID
1376,1712697270.2069747,463608727.8042564,17.21,0.0,17.47,BID
1377,1712697300.2143269,463608727.8042564,17.21,0.0,17.47,BID
1378,1712697302.020348,463625324.3643959,17.21,2.0232466465458576e-06,17.47,BID
1379,1712697313.070547,463627218.5973999,17.21,2.3092138015221937e-07,17.47,BID
1380,1712697325.3008564,463638680.0973999,17.21,1.3972438411635674e-06,17.47,BID
1381,1712697325.840571,463700217.7818609,17.21,7.501910798115067e-06,17.47,BID
1382,1712697325.9405756,463700217.7818612,17.21,3.6331292944709136e-17,17.47,BID
1383,1712697328.7507308,463715145.1802352,17.22,1.819763158627813e-06,17.47,BID
1384,1712697330.1958463,463715145.1802352,17.22,0.0,17.47,BID
1385,1712697331.9707654,463757809.6564981,17.22,5.199962400168438e-06,17.47,BID
1386,1712697331.9754562,463757809.6564984,17.22,3.6323182522729786e-17,17.47,BID
1387,1712697333.1911376,463771204.6767648,17.27,1.6325901038884442e-06,17.47,BID
1388,1712697333.9124467,463774099.9286466,17.27,3.528743873889943e-07,17.47,BID
1389,1712697347.4110484,463881993.3846808,17.27,1.315009496761852e-05,17.47,BID
1390,1712697347.4157405,463894588.1500831,17.27,1.5350547403252306e-06,17.47,BID
1391,1712697355.1442711,463912287.7674599,17.27,2.1572360173701944e-06,17.47,BID
1392,1712697355.1507282,463912394.31142575,17.27,1.298561859275092e-08,17.47,BID
1393,1712697355.2261117,464016596.4721497,17.27,-1.2700198508029108e-05,17.47,ASK
1394,1712697355.2615895,464025428.5781609,17.27,-1.0764603997292433e-06,17.47,ASK
1395,1712697355.2653065,464051296.8553559,17.24,-3.152835345784403e-06,17.47,ASK
1396,1712697355.7912312,464079324.1253559,17.24,-3.415974200196764e-06,17.47,ASK
1397,1712697360.3185108,464079324.1253559,17.24,-0.0,17.47,ASK
1398,1712697377.5338087,464097723.0418397,17.25,2.240750230551809e-06,17.47,BID
1399,1712697385.064961,464107717.5418397,17.24,-1.2172009258776187e-06,17.47,ASK
1400,1712697390.3086357,464107717.5418397,17.24,-0.0,17.47,ASK
1401,1712697413.4618638,464107723.0418397,17.24,-6.69788970606033e-10,17.47,ASK
1402,1712697413.466156,464137152.52663326,17.24,-3.58391715006066e-06,17.47,ASK
1403,1712697413.4703715,464137218.7343367,17.22,-8.06276172986021e-09,17.47,ASK
1404,1712697420.2050116,464137218.7343367,17.22,-0.0,17.47,ASK
1405,1712697426.3218071,464163409.8312137,17.25,3.189349336582284e-06,17.47,BID
1406,1712697426.3260417,464164805.7344376,17.25,1.6998230512800236e-07,17.47,BID
1407,1712697448.3117254,464172502.6219716,17.22,-9.372674716694878e-07,17.47,ASK
1408,1712697450.2090223,464172502.6219716,17.22,-0.0,17.47,ASK
1409,1712697457.662046,464194502.6219709,17.22,-2.6787914865390737e-06,17.47,ASK
1410,1712697457.6659632,464194502.6219716,17.22,-7.983420749363031e-17,17.47,ASK
1411,1712697459.7762053,464252521.5889716,17.22,-7.064577948274718e-06,17.47,ASK
1412,1712697459.855918,464310875.7306765,17.22,-7.105389909465663e-06,17.47,ASK
1413,1712697473.2921238,464322412.75331056,17.23,-1.404785364225799e-06,17.47,ASK
1414,1712697476.1024148,464340663.4959815,17.25,2.2222697314282754e-06,17.47,BID
1415,1712697476.1060357,464343086.9647228,17.25,2.950894287397899e-07,17.47,BID
1416,1712697480.2939436,464343086.9647228,17.25,0.0,17.47,BID
1417,1712697485.072328,464399037.04772186,17.23,-6.810227451857922e-06,17.47,ASK
1418,1712697485.0844033,464399037.0477228,17.23,-1.1608095397877938e-16,17.47,ASK
1419,1712697497.307849,464399051.5535263,17.23,-1.7656420809244807e-09,17.47,ASK
1420,1712697497.3825383,464443051.55352527,17.22,-5.355666905443777e-06,17.47,ASK
1421,1712697497.4863265,464465051.55352426,17.22,-2.6778334526602205e-06,17.47,ASK
1422,1712697498.262488,464518756.8797208,17.22,-6.536996321899009e-06,17.47,ASK
1423,1712697500.6570768,464536104.9705118,17.22,-2.111604448274153e-06,17.47,ASK
1424,1712697501.4322107,464541906.5795118,17.22,-7.061701209201335e-07,17.47,ASK
1425,1712697501.552379,464585899.6402758,17.22,-5.354822263820851e-06,17.47,ASK
1426,1712697504.6226206,464602820.56422216,17.22,-2.059609827073835e-06,17.47,ASK
1427,1712697505.0023825,464615654.47827554,17.22,-1.5621401991950584e-06,17.47,ASK
1428,1712697505.9175348,464621468.0632756,17.22,-7.07627836077402e-07,17.47,ASK
1429,1712697507.606757,464628898.16598856,17.22,-9.043898910208824e-07,17.47,ASK
1430,1712697507.6087563,464634238.12590754,17.22,-6.499783321616749e-07,17.47,ASK
1431,1712697510.3027773,464634238.12590754,17.22,-0.0,17.47,ASK
1432,1712697513.459125,464707101.12590754,17.22,-8.863453090514463e-06,17.47,ASK
1433,1712697532.162362,464707786.12590754,17.22,-8.332713952214989e-08,17.47,ASK
1434,1712697534.972612,464708531.1131007,17.22,-9.062430917122952e-08,17.47,ASK
1435,1712697540.206537,464708531.1131007,17.22,-0.0,17.47,ASK
1436,1712697544.802534,464708873.2489103,17.23,4.1612791699176345e-08,17.47,BID
1437,1712697558.3729656,464709214.6434304,17.25,4.152263123640834e-08,17.47,BID
1438,1712697560.302589,464981759.66469646,17.22,-3.314870551503864e-05,17.47,ASK
1439,1712697570.2069488,464981759.66469646,17.22,-0.0,17.47,ASK
1440,1712697581.792855,464982474.66469646,17.22,-8.691323332022016e-08,17.47,ASK
1441,1712697584.418605,464998834.30694354,17.22,-1.988628536581629e-06,17.47,ASK
1442,1712697591.08311,464999191.2094957,17.24,4.3383992714474505e-08,17.47,BID
1443,1712697600.233431,464999191.2094957,17.24,0.0,17.47,BID
1444,1712697613.030823,464999729.020546,17.22,-6.53782244362978e-08,17.47,ASK
1445,1712697613.034618,465003848.2623054,17.22,-5.007496817007775e-07,17.47,ASK
1446,1712697621.2714667,465004204.81256855,17.24,4.334351835146088e-08,17.47,BID
1447,1712697630.2049754,465004204.81256855,17.24,0.0,17.47,BID
1448,1712697641.2232466,465007166.97456855,17.22,-3.6008717059570974e-07,17.47,ASK
1449,1712697651.9256368,465010070.5750331,17.22,-3.529682967480213e-07,17.47,ASK
1450,1712697651.9278436,465010416.5303543,17.22,-4.2055118099327894e-08,17.47,ASK
1451,1712697652.5933182,465013665.3443543,17.21,-3.9493324168472884e-07,17.47,ASK
1452,1712697660.2435658,465013665.3443543,17.21,-0.0,17.47,ASK
1453,1712697662.853268,465016227.1056012,17.21,-3.114073757715923e-07,17.47,ASK
1454,1712697662.857905,465019132.3932247,17.21,-3.531663990049124e-07,17.47,ASK
1455,1712697663.1332994,465019501.3532247,17.2,-4.4850731314138936e-08,17.47,ASK
1456,1712697663.1382916,465026107.16717815,17.2,-8.03001915403185e-07,17.47,ASK
1457,1712697663.143692,465029015.83500826,17.19,-3.5357729650053417e-07,17.47,ASK
1458,1712697663.147403,465031922.8117525,17.2,-3.5337172830648666e-07,17.47,ASK
1459,1712697663.1496427,465031937.3341249,17.19,-1.765337777172802e-09,17.47,ASK
1460,1712697667.493945,465034849.3900364,17.17,-3.539891512470125e-07,17.47,ASK
1461,1712697667.4981244,465037221.7300488,17.18,-2.883813542723585e-07,17.47,ASK
1462,1712697667.502226,465037513.33354735,17.15,-3.544728469471613e-08,17.47,ASK
1463,1712697667.506278,465040423.69443214,17.18,-3.5378310401454135e-07,17.47,ASK
1464,1712697667.5103314,465043628.8809123,17.16,-3.896220663993577e-07,17.47,ASK
1465,1712697667.5144165,465043920.1447446,17.17,-3.5405994908301346e-08,17.47,ASK
1466,1712697667.516842,465151920.1447446,17.16,-1.3128466450092676e-05,17.47,ASK
1467,1712697667.519212,465175245.6990036,17.14,-2.835451449251174e-06,17.47,ASK
1468,1712697667.5215695,465178161.1508986,17.15,-3.544019665772924e-07,17.47,ASK
1469,1712697667.5239546,465257081.1508986,17.14,-9.593505298530683e-06,17.47,ASK
1470,1712697667.5266285,465336001.1508986,17.15,-9.593505298530683e-06,17.47,ASK
1471,1712697667.529018,465513576.4105156,17.14,-2.15860262800804e-05,17.47,ASK
1472,1712697674.3934257,465516493.5633744,17.14,-3.546087355228286e-07,17.47,ASK
1473,1712697674.4562402,465524040.6633744,17.14,9.17424529120601e-07,17.47,BID
1474,1712697674.463297,465535849.93505424,17.14,1.4355335837899165e-06,17.47,BID
1475,1712697674.486124,465562505.2648056,17.14,3.2402185403430448e-06,17.47,BID
1476,1712697674.4881988,465677944.2648056,17.14,1.4032750356780076e-05,17.47,BID
1477,1712697674.493697,465696564.372541,17.14,2.26345796019676e-06,17.47,BID
1478,1712697674.4958093,465702398.67825866,17.14,7.092174710529027e-07,17.47,BID
1479,1712697674.555585,465711876.5764586,17.14,1.1521321160719626e-06,17.47,BID
1480,1712697674.573635,465781304.8144981,17.14,8.439687905467956e-06,17.47,BID
1481,1712697675.063177,465800826.6824981,17.14,2.373075824821814e-06,17.47,BID
1482,1712697675.1433086,465803084.3521969,17.14,2.744420453383195e-07,17.47,BID
1483,1712697675.323562,465806252.1439123,17.17,3.850763634842055e-07,17.47,BID
1484,1712697690.1973808,465806252.1439123,17.17,0.0,17.47,BID
1485,1712697697.2238162,465916252.1439123,17.13,-1.3349533586613222e-05,17.47,ASK
1486,1712697697.2286267,465922225.8030717,17.14,-7.249596689425694e-07,17.47,ASK
1487,1712697697.2335331,465925442.7324354,17.13,-3.9040460532770723e-07,17.47,ASK
1488,1712697697.2359903,465996577.1472565,17.12,-8.63282963471087e-06,17.47,ASK
1489,1712697720.3073416,465996577.1472565,17.12,-0.0,17.47,ASK
1490,1712697750.456344,465996577.1472565,17.12,-0.0,17.47,ASK
1491,1712697770.6939092,466053716.7390933,17.15,6.931684296532832e-06,17.47,BID
1492,1712697780.2056136,466053716.7390933,17.15,0.0,17.47,BID
1493,1712697806.5140705,466055470.0997011,17.15,-2.1267736004982979e-07,17.47,ASK
1494,1712697810.2140858,466055470.0997011,17.15,-0.0,17.47,ASK
1495,1712697840.310303,466055470.0997011,17.15,-0.0,17.47,ASK
1496,1712697860.5644174,466099536.0944361,17.15,-5.345052924819249e-06,17.47,ASK
1497,1712697870.3059893,466099536.0944361,17.15,-0.0,17.47,ASK
1498,1712697894.214681,466109298.1282356,17.16,1.1839924407861034e-06,17.47,BID
1499,1712697900.1491442,466121004.2936343,17.15,-1.4197872725395908e-06,17.47,ASK
1500,1712697900.196454,466121004.2936343,17.15,-0.0,17.47,ASK
1501,1712697920.2446427,466129504.3344506,17.15,-1.0310007685993154e-06,17.47,ASK
1502,1712697920.2544773,466140004.2936343,17.15,-1.2735781183403882e-06,17.47,ASK
1503,1712697920.358425,466143875.8967596,17.15,-4.696007800660008e-07,17.47,ASK
1504,1712697923.0954142,466144458.9093981,17.13,-7.071571670474304e-08,17.47,ASK
1505,1712697929.5046322,466145025.7350817,17.12,-6.875234226961498e-08,17.47,ASK
1506,1712697930.2118728,466145025.7350817,17.12,-0.0,17.47,ASK
1507,1712697949.4160762,466145535.25108176,17.12,-6.17979551888419e-08,17.47,ASK
1508,1712697949.4219203,466150015.9013741,17.1,-5.434471654768218e-07,17.47,ASK
1509,1712697949.4276004,466152369.6364381,17.12,-2.854787955708089e-07,17.47,ASK
1510,1712697949.4325442,466152661.9216515,17.11,-3.5450561936999314e-08,17.47,ASK
