,time,acc_trade_volume,trade_price,dev,high,ask_bid
0,1712689619.1682203,77635126.84039754,55.46,0.0,57.21,BID
1,1712689620.3947306,77635126.84039754,55.46,0.0,57.21,BID
2,1712689650.4047997,77635126.84039754,55.46,0.0,57.21,BID
3,1712689680.414797,77635126.84039754,55.46,0.0,57.21,BID
4,1712689692.4951212,77642177.37210967,55.46,1.4059827505798784e-06,57.21,BID
5,1712689710.3957288,77642177.37210967,55.46,0.0,57.21,BID
6,1712689740.6248891,77642177.37210967,55.46,0.0,57.21,BID
7,1712689770.594913,77642177.37210967,55.46,0.0,57.21,BID
8,1712689800.3948915,77642177.37210967,55.46,0.0,57.21,BID
9,1712689830.4048874,77642177.37210967,55.46,0.0,57.21,BID
10,1712689860.5955622,77642177.37210967,55.46,0.0,57.21,BID
11,1712689882.964956,77644958.81931604,55.46,5.547330240396487e-07,57.21,BID
12,1712689883.064773,77652026.91512604,55.46,-1.4096640604539638e-06,57.21,ASK
13,1712689883.0853105,77660199.37445144,55.46,-1.629918793722284e-06,57.21,ASK
14,1712689890.585032,77660199.37445144,55.46,-0.0,57.21,ASK
15,1712689920.3893075,77660199.37445144,55.46,-0.0,57.21,ASK
16,1712689950.4057243,77660199.37445144,55.46,-0.0,57.21,ASK
17,1712689980.5899928,77660199.37445144,55.46,-0.0,57.21,ASK
18,1712690010.5948074,77660199.37445144,55.46,-0.0,57.21,ASK
19,1712690040.3749788,77660199.37445144,55.46,-0.0,57.21,ASK
20,1712690070.37537,77660199.37445144,55.46,-0.0,57.21,ASK
21,1712690100.424976,77660199.37445144,55.46,-0.0,57.21,ASK
22,1712690130.37541,77660199.37445144,55.46,-0.0,57.21,ASK
23,1712690160.5950258,77660199.37445144,55.46,-0.0,57.21,ASK
24,1712690162.715128,77660304.45408165,55.3,-2.095324960585325e-08,57.21,ASK
25,1712690190.6450882,77660304.45408165,55.3,-0.0,57.21,ASK
26,1712690190.954949,77660394.86999485,55.4,1.802923172178003e-08,57.21,BID
27,1712690220.3965542,77660394.86999485,55.4,0.0,57.21,BID
28,1712690250.4449196,77660394.86999485,55.4,0.0,57.21,BID
29,1712690280.5751214,77660394.86999485,55.4,0.0,57.21,BID
30,1712690290.4650683,77660485.12270243,55.46,1.799667000893159e-08,57.21,BID
31,1712690310.6051655,77660485.12270243,55.46,0.0,57.21,BID
32,1712690340.3872387,77660485.12270243,55.46,0.0,57.21,BID
33,1712690370.405099,77660485.12270243,55.46,0.0,57.21,BID
34,1712690380.7963235,77662288.22403672,55.46,3.5954364346429495e-07,57.21,BID
35,1712690400.4349566,77662288.22403672,55.46,0.0,57.21,BID
36,1712690430.3951645,77662288.22403672,55.46,0.0,57.21,BID
37,1712690460.5950246,77662288.22403672,55.46,0.0,57.21,BID
38,1712690490.6052768,77662288.22403672,55.46,0.0,57.21,BID
39,1712690520.396384,77662288.22403672,55.46,0.0,57.21,BID
40,1712690550.405088,77662288.22403672,55.46,0.0,57.21,BID
41,1712690580.5886507,77662288.22403672,55.46,0.0,57.21,BID
42,1712690610.59562,77662288.22403672,55.46,0.0,57.21,BID
43,1712690640.3852952,77662288.22403672,55.46,0.0,57.21,BID
44,1712690670.394991,77662288.22403672,55.46,0.0,57.21,BID
45,1712690700.5965338,77662288.22403672,55.46,0.0,57.21,BID
46,1712690730.6250503,77662288.22403672,55.46,0.0,57.21,BID
47,1712690760.3654718,77662288.22403672,55.46,0.0,57.21,BID
48,1712690790.384838,77662288.22403672,55.46,0.0,57.21,BID
49,1712690820.5950167,77662288.22403672,55.46,0.0,57.21,BID
50,1712690850.6146653,77662288.22403672,55.46,0.0,57.21,BID
51,1712690880.3976088,77662288.22403672,55.46,0.0,57.21,BID
52,1712690910.3747606,77662288.22403672,55.46,0.0,57.21,BID
53,1712690940.5952828,77662288.22403672,55.46,0.0,57.21,BID
54,1712690970.5946336,77662288.22403672,55.46,0.0,57.21,BID
55,1712691000.456,77662288.22403672,55.46,0.0,57.21,BID
56,1712691030.375234,77662288.22403672,55.46,0.0,57.21,BID
57,1712691060.5847857,77662288.22403672,55.46,0.0,57.21,BID
58,1712691090.6144695,77662288.22403672,55.46,0.0,57.21,BID
59,1712691120.4048028,77662288.22403672,55.46,0.0,57.21,BID
60,1712691150.3850734,77662288.22403672,55.46,0.0,57.21,BID
61,1712691180.5644183,77662288.22403672,55.46,0.0,57.21,BID
62,1712691210.5966592,77662288.22403672,55.46,0.0,57.21,BID
63,1712691240.3744595,77662288.22403672,55.46,0.0,57.21,BID
64,1712691270.3843994,77662288.22403672,55.46,0.0,57.21,BID
65,1712691300.5744731,77662288.22403672,55.46,0.0,57.21,BID
66,1712691330.6245818,77662288.22403672,55.46,0.0,57.21,BID
67,1712691360.4045146,77662288.22403672,55.46,0.0,57.21,BID
68,1712691390.4043534,77662288.22403672,55.46,0.0,57.21,BID
69,1712691420.584734,77662288.22403672,55.46,0.0,57.21,BID
70,1712691450.5944903,77662288.22403672,55.46,0.0,57.21,BID
71,1712691480.374599,77662288.22403672,55.46,0.0,57.21,BID
72,1712691510.3744535,77662288.22403672,55.46,0.0,57.21,BID
73,1712691540.574366,77662288.22403672,55.46,0.0,57.21,BID
74,1712691570.5843236,77662288.22403672,55.46,0.0,57.21,BID
75,1712691600.384686,77662288.22403672,55.46,0.0,57.21,BID
76,1712691630.3856375,77662288.22403672,55.46,0.0,57.21,BID
77,1712691660.5846229,77662288.22403672,55.46,0.0,57.21,BID
78,1712691690.5942726,77662288.22403672,55.46,0.0,57.21,BID
79,1712691720.4044452,77662288.22403672,55.46,0.0,57.21,BID
80,1712691750.3846014,77662288.22403672,55.46,0.0,57.21,BID
81,1712691780.5944228,77662288.22403672,55.46,0.0,57.21,BID
82,1712691810.634339,77662288.22403672,55.46,0.0,57.21,BID
83,1712691840.3742836,77662288.22403672,55.46,0.0,57.21,BID
84,1712691870.3842225,77662288.22403672,55.46,0.0,57.21,BID
85,1712691900.414148,77662288.22403672,55.46,0.0,57.21,BID
86,1712691930.3849838,77662288.22403672,55.46,0.0,57.21,BID
87,1712691960.574214,77662288.22403672,55.46,0.0,57.21,BID
88,1712691990.5842092,77662288.22403672,55.46,0.0,57.21,BID
89,1712692020.3743005,77662288.22403672,55.46,0.0,57.21,BID
90,1712692050.3744063,77662288.22403672,55.46,0.0,57.21,BID
91,1712692080.564124,77662288.22403672,55.46,0.0,57.21,BID
92,1712692110.594247,77662288.22403672,55.46,0.0,57.21,BID
93,1712692140.4043484,77662288.22403672,55.46,0.0,57.21,BID
94,1712692170.3843193,77662288.22403672,55.46,0.0,57.21,BID
95,1712692200.4148805,77662288.22403672,55.46,0.0,57.21,BID
96,1712692230.3944335,77662288.22403672,55.46,0.0,57.21,BID
97,1712692260.584333,77662288.22403672,55.46,0.0,57.21,BID
98,1712692290.584264,77662288.22403672,55.46,0.0,57.21,BID
99,1712692317.354579,77663840.38506414,55.46,3.131399013432472e-07,57.21,BID
100,1712692317.356526,77664219.60160613,55.45,7.65048396713834e-08,57.21,BID
101,1712692320.394278,77664219.60160613,55.45,0.0,57.21,BID
102,1712692350.395851,77664219.60160613,55.45,0.0,57.21,BID
103,1712692364.074407,77667819.96164213,55.45,7.263370261343982e-07,57.21,BID
104,1712692364.1542485,77673127.75348149,55.45,-1.0707945042697897e-06,57.21,ASK
105,1712692380.5742304,77673127.75348149,55.45,-0.0,57.21,ASK
106,1712692410.6045504,77673127.75348149,55.45,-0.0,57.21,ASK
107,1712692440.357867,77673127.75348149,55.45,-0.0,57.21,ASK
108,1712692470.385043,77673127.75348149,55.45,-0.0,57.21,ASK
109,1712692500.574302,77673127.75348149,55.45,-0.0,57.21,ASK
110,1712692530.604619,77673127.75348149,55.45,-0.0,57.21,ASK
111,1712692560.4042993,77673127.75348149,55.45,-0.0,57.21,ASK
112,1712692590.3745248,77673127.75348149,55.45,-0.0,57.21,ASK
113,1712692620.594414,77673127.75348149,55.45,-0.0,57.21,ASK
114,1712692650.5942242,77673127.75348149,55.45,-0.0,57.21,ASK
115,1712692680.4435313,77673127.75348149,55.45,-0.0,57.21,ASK
116,1712692710.40264,77673127.75348149,55.45,-0.0,57.21,ASK
117,1712692740.5620618,77673127.75348149,55.45,-0.0,57.21,ASK
118,1712692770.5862656,77673127.75348149,55.45,-0.0,57.21,ASK
119,1712692800.481128,77673127.75348149,55.45,-0.0,57.21,ASK
120,1712692830.375768,77673127.75348149,55.45,-0.0,57.21,ASK
121,1712692860.5802288,77673127.75348149,55.45,-0.0,57.21,ASK
122,1712692890.5822926,77673127.75348149,55.45,-0.0,57.21,ASK
123,1712692920.3798058,77673127.75348149,55.45,-0.0,57.21,ASK
124,1712692950.3799586,77673127.75348149,55.45,-0.0,57.21,ASK
125,1712692980.588092,77673127.75348149,55.45,-0.0,57.21,ASK
126,1712693010.5678475,77673127.75348149,55.45,-0.0,57.21,ASK
127,1712693040.3484316,77673127.75348149,55.45,-0.0,57.21,ASK
128,1712693070.3971343,77673127.75348149,55.45,-0.0,57.21,ASK
129,1712693100.5770504,77673127.75348149,55.45,-0.0,57.21,ASK
130,1712693110.126705,77674562.73084219,55.3,-2.896799964158364e-07,57.21,ASK
131,1712693110.1321394,77676693.5445854,55.3,-4.301490284133954e-07,57.21,ASK
132,1712693110.246606,77683429.7776814,55.3,1.3598486168146331e-06,57.21,BID
133,1712693110.2487152,77683429.77768229,55.3,1.8048654032283046e-16,57.21,BID
134,1712693113.0366728,77697686.6336823,55.46,2.878042614540569e-06,57.21,BID
135,1712693130.6065688,77697686.6336823,55.46,0.0,57.21,BID
136,1712693160.3859007,77697686.6336823,55.46,0.0,57.21,BID
137,1712693190.3658855,77697686.6336823,55.46,0.0,57.21,BID
138,1712693220.5953732,77697686.6336823,55.46,0.0,57.21,BID
139,1712693250.5851195,77697686.6336823,55.46,0.0,57.21,BID
140,1712693280.3768036,77697686.6336823,55.46,0.0,57.21,BID
141,1712693310.3947446,77697686.6336823,55.46,0.0,57.21,BID
142,1712693340.584424,77697686.6336823,55.46,0.0,57.21,BID
143,1712693370.5788214,77697686.6336823,55.46,0.0,57.21,BID
144,1712693400.4145694,77697686.6336823,55.46,0.0,57.21,BID
145,1712693430.3802514,77697686.6336823,55.46,0.0,57.21,BID
146,1712693460.573316,77697686.6336823,55.46,0.0,57.21,BID
147,1712693468.5033245,77707364.82168229,55.46,1.953642553463429e-06,57.21,BID
148,1712693490.583115,77707364.82168229,55.46,0.0,57.21,BID
149,1712693502.4931762,77714278.09068228,55.46,1.3953638111329837e-06,57.21,BID
150,1712693504.4830074,77732285.8606823,55.46,3.634661196786022e-06,57.21,BID
151,1712693506.4948385,77747998.4206823,55.46,3.171399464461553e-06,57.21,BID
152,1712693510.0028825,77748691.48168229,55.46,1.3988638924564717e-07,57.21,BID
153,1712693520.3729367,77748691.48168229,55.46,0.0,57.21,BID
154,1712693550.382723,77748691.48168229,55.46,0.0,57.21,BID
155,1712693558.722949,77765949.19768229,55.46,3.4816607782259146e-06,57.21,BID
156,1712693567.9328136,77766083.18034598,55.38,-2.7030354719893952e-08,57.21,ASK
157,1712693567.9358149,77766128.14406538,55.33,-9.071213031340124e-09,57.21,ASK
158,1712693568.13267,77766128.14496364,55.46,1.812189869319885e-13,57.21,BID
159,1712693568.1354065,77767140.40081915,55.47,2.042177255482149e-07,57.21,BID
160,1712693568.3325143,77768744.11490963,55.46,-3.235415653100054e-07,57.21,ASK
161,1712693568.7124264,77768976.40390962,55.47,4.6863182849743737e-08,57.21,BID
162,1712693580.5630207,77768976.40390962,55.47,0.0,57.21,BID
163,1712693599.3321683,77775798.51390962,55.53,1.3760154096672772e-06,57.21,BID
164,1712693610.6050093,77775798.51390962,55.53,0.0,57.21,BID
165,1712693640.4122202,77775798.51390962,55.53,0.0,57.21,BID
166,1712693670.362381,77775798.51390962,55.53,0.0,57.21,BID
167,1712693700.394377,77775798.51390962,55.53,0.0,57.21,BID
168,1712693730.385439,77775798.51390962,55.53,0.0,57.21,BID
169,1712693760.5614998,77775798.51390962,55.53,0.0,57.21,BID
170,1712693790.5811586,77775798.51390962,55.53,0.0,57.21,BID
171,1712693799.1611872,77775915.59599495,55.54,2.3727614697752253e-08,57.21,BID
172,1712693799.1630297,77776090.85590963,55.54,3.551781398434462e-08,57.21,BID
173,1712693820.3726287,77776090.85590963,55.54,0.0,57.21,BID
174,1712693835.2612402,77781623.01734704,55.55,1.1211327740007418e-06,57.21,BID
175,1712693835.2634208,77783248.26157352,55.54,3.293675697436577e-07,57.21,BID
176,1712693845.5547342,77785048.44159153,55.55,3.648195809404412e-07,57.21,BID
177,1712693845.660864,77790070.32157353,55.55,-1.0177205236351968e-06,57.21,ASK
178,1712693850.380761,77790070.32157353,55.55,-0.0,57.21,ASK
179,1712693880.563497,77790070.32157353,55.55,-0.0,57.21,ASK
180,1712693910.5836957,77790070.32157353,55.55,-0.0,57.21,ASK
181,1712693937.7757428,77792964.95557351,55.59,5.865263420781462e-07,57.21,BID
182,1712693940.3803167,77792964.95557351,55.59,0.0,57.21,BID
183,1712693940.780382,77796282.55857351,55.59,6.722086831424026e-07,57.21,BID
184,1712693943.790642,77797216.91157351,55.59,1.8931746797920402e-07,57.21,BID
185,1712693943.8010893,77805704.67457353,55.59,1.7197802115148488e-06,57.21,BID
186,1712693970.3709962,77805704.67457353,55.59,0.0,57.21,BID
187,1712694000.442005,77805704.67457353,55.59,0.0,57.21,BID
188,1712694030.359969,77805704.67457353,55.59,0.0,57.21,BID
189,1712694060.569878,77805704.67457353,55.59,0.0,57.21,BID
190,1712694090.569545,77805704.67457353,55.59,0.0,57.21,BID
191,1712694120.361946,77805704.67457353,55.59,0.0,57.21,BID
192,1712694150.4005346,77805704.67457353,55.59,0.0,57.21,BID
193,1712694180.5690527,77805704.67457353,55.59,0.0,57.21,BID
194,1712694210.5890658,77805704.67457353,55.59,0.0,57.21,BID
195,1712694240.3691926,77805704.67457353,55.59,0.0,57.21,BID
196,1712694270.3618572,77805704.67457353,55.59,0.0,57.21,BID
197,1712694300.5690076,77805704.67457353,55.59,0.0,57.21,BID
198,1712694330.5688834,77805704.67457353,55.59,0.0,57.21,BID
199,1712694360.3806949,77805704.67457353,55.59,0.0,57.21,BID
200,1712694376.7284837,77805739.57894887,55.6,7.114953539031937e-09,57.21,BID
201,1712694376.7310424,77806604.11064038,55.59,1.762272711480026e-07,57.21,BID
202,1712694390.3805354,77806604.11064038,55.59,0.0,57.21,BID
203,1712694420.598051,77806604.11064038,55.59,0.0,57.21,BID
204,1712694450.592911,77806604.11064038,55.59,0.0,57.21,BID
205,1712694480.350244,77806604.11064038,55.59,0.0,57.21,BID
206,1712694510.3477392,77806604.11064038,55.59,0.0,57.21,BID
207,1712694540.3817737,77806604.11064038,55.59,0.0,57.21,BID
208,1712694570.4077258,77806604.11064038,55.59,0.0,57.21,BID
209,1712694600.6793528,77806604.11064038,55.59,0.0,57.21,BID
210,1712694630.567442,77806604.11064038,55.59,0.0,57.21,BID
211,1712694660.347333,77806604.11064038,55.59,0.0,57.21,BID
212,1712694690.4220705,77806604.11064038,55.59,0.0,57.21,BID
213,1712694720.567825,77806604.11064038,55.59,0.0,57.21,BID
214,1712694750.5645373,77806604.11064038,55.59,0.0,57.21,BID
215,1712694761.028074,77806694.03869791,55.6,1.8375581728444613e-08,57.21,BID
216,1712694780.3981342,77806694.03869791,55.6,0.0,57.21,BID
217,1712694810.3400364,77806694.03869791,55.6,0.0,57.21,BID
218,1712694840.6186118,77806694.03869791,55.6,0.0,57.21,BID
219,1712694870.560431,77806694.03869791,55.6,0.0,57.21,BID
220,1712694900.370069,77806694.03869791,55.6,0.0,57.21,BID
221,1712694930.372142,77806694.03869791,55.6,0.0,57.21,BID
222,1712694951.6996164,77810291.8080809,55.59,7.35213921593426e-07,57.21,BID
223,1712694960.559688,77810291.8080809,55.59,0.0,57.21,BID
224,1712694990.5796351,77810291.8080809,55.59,0.0,57.21,BID
225,1712695020.3499577,77810291.8080809,55.59,0.0,57.21,BID
226,1712695050.3814056,77810291.8080809,55.59,0.0,57.21,BID
227,1712695080.5799537,77810291.8080809,55.59,0.0,57.21,BID
228,1712695110.570321,77810291.8080809,55.59,0.0,57.21,BID
229,1712695140.370762,77810291.8080809,55.59,0.0,57.21,BID
230,1712695170.36168,77810291.8080809,55.59,0.0,57.21,BID
231,1712695200.4007833,77810291.8080809,55.59,0.0,57.21,BID
232,1712695227.9605536,77811191.24414775,55.34,-1.844506055112853e-07,57.21,ASK
233,1712695230.374225,77811191.24414775,55.34,-0.0,57.21,ASK
234,1712695260.5605445,77811191.24414775,55.34,-0.0,57.21,ASK
235,1712695276.5346415,77811294.58994775,55.57,2.1193280449613413e-08,57.21,BID
236,1712695276.5361454,77811551.15057208,55.57,5.261327759729e-08,57.21,BID
237,1712695290.570967,77811551.15057208,55.57,0.0,57.21,BID
238,1712695320.3619468,77811551.15057208,55.57,0.0,57.21,BID
239,1712695321.9909642,77813387.55258538,55.4,-3.7659221044894804e-07,57.21,ASK
240,1712695321.994209,77827787.55258538,55.4,-2.9530177984908826e-06,57.21,ASK
241,1712695350.3607607,77827787.55258538,55.4,-0.0,57.21,ASK
242,1712695380.5620651,77827787.55258538,55.4,-0.0,57.21,ASK
243,1712695410.5709238,77827787.55258538,55.4,-0.0,57.21,ASK
244,1712695440.363255,77827787.55258538,55.4,-0.0,57.21,ASK
245,1712695470.374909,77827787.55258538,55.4,-0.0,57.21,ASK
246,1712695500.3841388,77827787.55258538,55.4,-0.0,57.21,ASK
247,1712695530.383779,77827787.55258538,55.4,-0.0,57.21,ASK
248,1712695560.5710924,77827787.55258538,55.4,-0.0,57.21,ASK
249,1712695590.57109,77827787.55258538,55.4,-0.0,57.21,ASK
250,1712695620.363365,77827787.55258538,55.4,-0.0,57.21,ASK
251,1712695650.3745346,77827787.55258538,55.4,-0.0,57.21,ASK
252,1712695680.6008935,77827787.55258538,55.4,-0.0,57.21,ASK
253,1712695710.5610993,77827787.55258538,55.4,-0.0,57.21,ASK
254,1712695740.3724997,77827787.55258538,55.4,-0.0,57.21,ASK
255,1712695770.3808892,77827787.55258538,55.4,-0.0,57.21,ASK
256,1712695800.4713433,77827787.55258538,55.4,-0.0,57.21,ASK
257,1712695830.366958,77827787.55258538,55.4,-0.0,57.21,ASK
258,1712695860.5711052,77827787.55258538,55.4,-0.0,57.21,ASK
259,1712695890.571061,77827787.55258538,55.4,-0.0,57.21,ASK
260,1712695898.0011249,77838066.94888324,55.4,-2.1216080154205422e-06,57.21,ASK
261,1712695920.3593693,77838066.94888324,55.4,-0.0,57.21,ASK
262,1712695950.3708663,77838066.94888324,55.4,-0.0,57.21,ASK
263,1712695980.591028,77838066.94888324,55.4,-0.0,57.21,ASK
264,1712696010.570973,77838066.94888324,55.4,-0.0,57.21,ASK
265,1712696040.4017894,77838066.94888324,55.4,-0.0,57.21,ASK
266,1712696070.3821166,77838066.94888324,55.4,-0.0,57.21,ASK
267,1712696100.5606956,77838066.94888324,55.4,-0.0,57.21,ASK
268,1712696130.5606809,77838066.94888324,55.4,-0.0,57.21,ASK
269,1712696160.349843,77838066.94888324,55.4,-0.0,57.21,ASK
270,1712696190.3707614,77838066.94888324,55.4,-0.0,57.21,ASK
271,1712696220.5625129,77838066.94888324,55.4,-0.0,57.21,ASK
272,1712696250.5805483,77838066.94888324,55.4,-0.0,57.21,ASK
273,1712696280.373694,77838066.94888324,55.4,-0.0,57.21,ASK
274,1712696301.2805004,77838229.55050924,55.4,-3.355642408257306e-08,57.21,ASK
275,1712696310.351931,77838229.55050924,55.4,-0.0,57.21,ASK
276,1712696340.5903862,77838229.55050924,55.4,-0.0,57.21,ASK
277,1712696370.5804048,77838229.55050924,55.4,-0.0,57.21,ASK
278,1712696386.9106984,77840032.74198516,55.4,-3.721275541094936e-07,57.21,ASK
279,1712696400.5337286,77840032.74198516,55.4,-0.0,57.21,ASK
280,1712696430.3802438,77840032.74198516,55.4,-0.0,57.21,ASK
281,1712696457.660283,77840353.02261618,55.4,-6.656000305596335e-08,57.21,ASK
282,1712696460.5804894,77840353.02261618,55.4,-0.0,57.21,ASK
283,1712696490.576169,77840353.02261618,55.4,-0.0,57.21,ASK
284,1712696520.3533802,77840353.02261618,55.4,-0.0,57.21,ASK
285,1712696550.3742194,77840353.02261618,55.4,-0.0,57.21,ASK
286,1712696580.550254,77840353.02261618,55.4,-0.0,57.21,ASK
287,1712696610.599984,77840353.02261618,55.4,-0.0,57.21,ASK
288,1712696640.3500476,77840353.02261618,55.4,-0.0,57.21,ASK
289,1712696670.363353,77840353.02261618,55.4,-0.0,57.21,ASK
290,1712696700.57036,77840353.02261618,55.4,-0.0,57.21,ASK
291,1712696706.66002,77858353.23561618,55.41,3.765713937443605e-06,57.21,BID
292,1712696730.579883,77858353.23561618,55.41,0.0,57.21,BID
293,1712696737.1200798,77897576.45021354,55.41,8.20393585241756e-06,57.21,BID
294,1712696746.880492,77904681.36421353,55.41,1.4860653133917946e-06,57.21,BID
295,1712696760.3762753,77904681.36421353,55.41,0.0,57.21,BID
296,1712696764.9075978,77909578.83835652,55.41,1.023807021006117e-06,57.21,BID
297,1712696764.9662645,77927591.27635653,55.41,3.7654635739547705e-06,57.21,BID
298,1712696765.2208536,77932351.00325753,55.41,9.95011239881022e-07,57.21,BID
299,1712696772.831082,77935441.98686408,55.4,-6.461638440137335e-07,57.21,ASK
300,1712696783.5912683,77953461.36186408,55.41,3.76691373971138e-06,57.21,BID
301,1712696785.641538,77971480.73686408,55.41,3.76691373971138e-06,57.21,BID
302,1712696790.3815322,77971480.73686408,55.41,0.0,57.21,BID
303,1712696812.7848363,78015693.99566521,55.4,-9.235545899050218e-06,57.21,ASK
304,1712696812.787571,78015784.26642308,55.4,-1.885632840117163e-08,57.21,ASK
305,1712696812.8836906,78015784.26642333,55.4,-5.2915033907743036e-17,57.21,ASK
306,1712696820.5628386,78015784.26642333,55.4,-0.0,57.21,ASK
307,1712696850.563186,78015784.26642333,55.4,-0.0,57.21,ASK
308,1712696880.3738909,78015784.26642333,55.4,-0.0,57.21,ASK
309,1712696910.3945827,78015784.26642333,55.4,-0.0,57.21,ASK
310,1712696940.565083,78015784.26642333,55.4,-0.0,57.21,ASK
311,1712696964.6399007,78020870.63650833,55.41,1.061928796736368e-06,57.21,BID
312,1712696970.585631,78020870.63650833,55.41,0.0,57.21,BID
313,1712697000.4078133,78020870.63650833,55.41,0.0,57.21,BID
314,1712697030.3879037,78020870.63650833,55.41,0.0,57.21,BID
315,1712697060.5876946,78020870.63650833,55.41,0.0,57.21,BID
316,1712697090.5876703,78020870.63650833,55.41,0.0,57.21,BID
317,1712697120.3972118,78020870.63650833,55.41,0.0,57.21,BID
318,1712697150.3864892,78020870.63650833,55.41,0.0,57.21,BID
319,1712697177.7906046,78139411.49107963,55.3,-2.481041318967002e-05,57.21,ASK
320,1712697177.8030117,78154311.49107963,55.32,-3.1185464105435303e-06,57.21,ASK
321,1712697177.8060615,78154401.90872562,55.31,-1.892427015802392e-08,57.21,ASK
322,1712697177.8135166,78236352.14896503,55.21,-1.715205553971792e-05,57.21,ASK
323,1712697177.815256,78236442.58296141,55.3,-1.8927692268456912e-08,57.21,ASK
324,1712697177.8169756,78236888.17977358,55.21,-9.32627073257723e-08,57.21,ASK
325,1712697177.8187015,78251688.17977358,55.28,-3.0976165688620303e-06,57.21,ASK
326,1712697177.8204885,78251822.38053168,55.29,-2.8088006205610133e-08,57.21,ASK
327,1712697177.822428,78252204.8538445,55.27,-8.005105884513532e-08,57.21,ASK
328,1712697177.8241663,78302561.49824174,55.2,-1.0539565948459182e-05,57.21,ASK
329,1712697177.825941,78311708.41003308,55.21,-1.914434156673835e-06,57.21,ASK
330,1712697180.5988371,78311708.41003308,55.21,-0.0,57.21,ASK
331,1712697210.6004338,78311708.41003308,55.21,-0.0,57.21,ASK
332,1712697240.3596482,78311708.41003308,55.21,-0.0,57.21,ASK
333,1712697270.3910823,78311708.41003308,55.21,-0.0,57.21,ASK
334,1712697300.3813736,78311708.41003308,55.21,-0.0,57.21,ASK
335,1712697330.3827648,78311708.41003308,55.21,-0.0,57.21,ASK
336,1712697352.8409,78315828.53479733,55.21,-8.620272960035133e-07,57.21,ASK
337,1712697357.9411714,78316098.99999747,55.21,-5.6587700247269154e-08,57.21,ASK
338,1712697358.0854616,78316369.4651976,55.21,-5.65877002441515e-08,57.21,ASK
339,1712697360.593412,78316369.4651976,55.21,-0.0,57.21,ASK
340,1712697390.5913715,78316369.4651976,55.21,-0.0,57.21,ASK
341,1712697420.4014852,78316369.4651976,55.21,-0.0,57.21,ASK
342,1712697450.3952377,78316369.4651976,55.21,-0.0,57.21,ASK
343,1712697480.582168,78316369.4651976,55.21,-0.0,57.21,ASK
344,1712697510.5824327,78316369.4651976,55.21,-0.0,57.21,ASK
345,1712697540.3841734,78316369.4651976,55.21,-0.0,57.21,ASK
346,1712697570.382685,78316369.4651976,55.21,-0.0,57.21,ASK
347,1712697600.4178596,78316369.4651976,55.21,-0.0,57.21,ASK
348,1712697630.3858216,78316369.4651976,55.21,-0.0,57.21,ASK
349,1712697660.4331243,78316369.4651976,55.21,-0.0,57.21,ASK
350,1712697690.3834183,78316369.4651976,55.21,-0.0,57.21,ASK
351,1712697720.596418,78316369.4651976,55.21,-0.0,57.21,ASK
352,1712697750.6684742,78316369.4651976,55.21,-0.0,57.21,ASK
353,1712697780.408874,78316369.4651976,55.21,-0.0,57.21,ASK
354,1712697810.3880396,78316369.4651976,55.21,-0.0,57.21,ASK
355,1712697840.5842297,78316369.4651976,55.21,-0.0,57.21,ASK
356,1712697840.948473,78317652.50769857,55.22,-2.6881652274657725e-07,57.21,ASK
357,1712697870.5842838,78317652.50769857,55.22,-0.0,57.21,ASK
358,1712697900.3849454,78317652.50769857,55.22,-0.0,57.21,ASK
359,1712697930.3887942,78317652.50769857,55.22,-0.0,57.21,ASK
360,1712697960.574742,78317652.50769857,55.22,-0.0,57.21,ASK
361,1712697990.5979085,78317652.50769857,55.22,-0.0,57.21,ASK
362,1712697993.5452352,78319456.58491307,55.43,3.783104217092672e-07,57.21,BID
363,1712698020.413721,78319456.58491307,55.43,0.0,57.21,BID
364,1712698050.369818,78319456.58491307,55.43,0.0,57.21,BID
365,1712698052.0951018,78327376.48388474,55.43,1.6607479258333245e-06,57.21,BID
366,1712698080.6152022,78327376.48388474,55.43,0.0,57.21,BID
367,1712698110.5854263,78327376.48388474,55.43,0.0,57.21,BID
368,1712698121.575747,78337476.48388474,55.42,2.117705056493687e-06,57.21,BID
369,1712698121.5799007,78345417.25602978,55.43,1.6649716162407836e-06,57.21,BID
370,1712698140.4008403,78345417.25602978,55.43,0.0,57.21,BID
371,1712698170.40434,78345417.25602978,55.43,0.0,57.21,BID
372,1712698200.5006497,78345417.25602978,55.43,0.0,57.21,BID
373,1712698226.9288433,78345617.25602978,55.42,4.194454704269341e-08,57.21,BID
374,1712698230.3775551,78345617.25602978,55.42,0.0,57.21,BID
375,1712698260.5759768,78345617.25602978,55.42,0.0,57.21,BID
376,1712698290.5665815,78345617.25602978,55.42,0.0,57.21,BID
377,1712698320.3905904,78345617.25602978,55.42,0.0,57.21,BID
378,1712698350.3877232,78345617.25602978,55.42,0.0,57.21,BID
379,1712698380.4287689,78345617.25602978,55.42,0.0,57.21,BID
380,1712698410.4016778,78345617.25602978,55.42,0.0,57.21,BID
381,1712698440.5865643,78345617.25602978,55.42,0.0,57.21,BID
382,1712698470.5763507,78345617.25602978,55.42,0.0,57.21,BID
383,1712698500.4174042,78345617.25602978,55.42,0.0,57.21,BID
384,1712698522.2564428,78346873.59318948,55.22,-2.637757395455427e-07,57.21,ASK
385,1712698530.3980975,78346873.59318948,55.22,-0.0,57.21,ASK
386,1712698560.566671,78346873.59318948,55.22,-0.0,57.21,ASK
387,1712698590.577896,78346873.59318948,55.22,-0.0,57.21,ASK
388,1712698620.4014523,78346873.59318948,55.22,-0.0,57.21,ASK
389,1712698650.4072547,78346873.59318948,55.22,-0.0,57.21,ASK
390,1712698680.5968442,78346873.59318948,55.22,-0.0,57.21,ASK
391,1712698710.5770018,78346873.59318948,55.22,-0.0,57.21,ASK
392,1712698740.366952,78346873.59318948,55.22,-0.0,57.21,ASK
393,1712698770.3924944,78346873.59318948,55.22,-0.0,57.21,ASK
394,1712698800.3981705,78346873.59318948,55.22,-0.0,57.21,ASK
395,1712698830.396262,78346873.59318948,55.22,-0.0,57.21,ASK
396,1712698860.595057,78346873.59318948,55.22,-0.0,57.21,ASK
397,1712698890.574433,78346873.59318948,55.22,-0.0,57.21,ASK
398,1712698920.4037616,78346873.59318948,55.22,-0.0,57.21,ASK
399,1712698950.393309,78346873.59318948,55.22,-0.0,57.21,ASK
400,1712698980.5927896,78346873.59318948,55.22,-0.0,57.21,ASK
401,1712699010.582981,78346873.59318948,55.22,-0.0,57.21,ASK
402,1712699040.363731,78346873.59318948,55.22,-0.0,57.21,ASK
403,1712699070.401566,78346873.59318948,55.22,-0.0,57.21,ASK
404,1712699100.4009433,78346873.59318948,55.22,-0.0,57.21,ASK
405,1712699130.3826582,78346873.59318948,55.22,-0.0,57.21,ASK
406,1712699160.5798182,78346873.59318948,55.22,-0.0,57.21,ASK
407,1712699190.5992055,78346873.59318948,55.22,-0.0,57.21,ASK
408,1712699220.3939958,78346873.59318948,55.22,-0.0,57.21,ASK
409,1712699250.3709538,78346873.59318948,55.22,-0.0,57.21,ASK
410,1712699280.5883143,78346873.59318948,55.22,-0.0,57.21,ASK
411,1712699287.038427,78352565.47337712,55.42,1.1975642851736423e-06,57.21,BID
412,1712699310.5977144,78352565.47337712,55.42,0.0,57.21,BID
413,1712699340.3789291,78352565.47337712,55.42,0.0,57.21,BID
414,1712699344.6696613,78406697.5556579,55.42,-1.1388564778139834e-05,57.21,ASK
415,1712699344.7476714,78414475.48193334,55.42,1.6363571009163155e-06,57.21,BID
416,1712699344.7509396,78415059.02336481,55.43,1.227682201208211e-07,57.21,BID
417,1712699351.0975714,78415419.90391333,55.42,7.592376518410861e-08,57.21,BID
418,1712699370.3978212,78415419.90391333,55.42,0.0,57.21,BID
419,1712699400.4469368,78415419.90391333,55.42,0.0,57.21,BID
420,1712699430.380252,78415419.90391333,55.42,0.0,57.21,BID
421,1712699460.57657,78415419.90391333,55.42,0.0,57.21,BID
422,1712699490.5866714,78415419.90391333,55.42,0.0,57.21,BID
423,1712699520.399306,78415419.90391333,55.42,0.0,57.21,BID
424,1712699534.2684677,78416322.10528468,55.42,-1.9030988412588245e-07,57.21,ASK
425,1712699550.3699176,78416322.10528468,55.42,-0.0,57.21,ASK
426,1712699580.5556235,78416322.10528468,55.42,-0.0,57.21,ASK
427,1712699610.5654595,78416322.10528468,55.42,-0.0,57.21,ASK
428,1712699639.3055117,78416422.10528468,55.43,2.1093725081644323e-08,57.21,BID
429,1712699640.3707547,78416422.10528468,55.43,0.0,57.21,BID
430,1712699670.377841,78416422.10528468,55.43,0.0,57.21,BID
431,1712699700.3952231,78416422.10528468,55.43,0.0,57.21,BID
432,1712699702.4539998,78425803.3068001,55.43,1.9793397213448617e-06,57.21,BID
433,1712699716.405376,78431228.26159213,55.3,-1.1446112194401566e-06,57.21,ASK
434,1712699716.4082026,78446923.36469294,55.3,-3.3115098260027213e-06,57.21,ASK
435,1712699716.565029,78450657.73500994,55.3,7.879147985994175e-07,57.21,BID
436,1712699716.5697458,78450657.73501077,55.3,1.7606377722651076e-16,57.21,BID
437,1712699730.4113958,78450657.73501077,55.3,0.0,57.21,BID
438,1712699743.265081,78450885.95921893,55.3,-4.8133786455983284e-08,57.21,ASK
439,1712699743.2692077,78459565.88688613,55.3,-1.8306462235209032e-06,57.21,ASK
440,1712699753.9648466,78459705.1905073,55.3,-2.9379927779736145e-08,57.21,ASK
441,1712699760.45109,78459705.1905073,55.3,-0.0,57.21,ASK
442,1712699790.3776617,78459705.1905073,55.3,-0.0,57.21,ASK
443,1712699820.5644326,78459705.1905073,55.3,-0.0,57.21,ASK
444,1712699831.038069,78468604.447931,55.3,-1.8767060870609808e-06,57.21,ASK
445,1712699831.174519,78469705.1905073,55.3,2.321283894652653e-07,57.21,BID
446,1712699850.5742784,78469705.1905073,55.3,0.0,57.21,BID
447,1712699880.395502,78469705.1905073,55.3,0.0,57.21,BID
448,1712699910.393875,78469705.1905073,55.3,0.0,57.21,BID
449,1712699940.5739236,78469705.1905073,55.3,0.0,57.21,BID
450,1712699970.595566,78469705.1905073,55.3,0.0,57.21,BID
451,1712700000.46366,78469705.1905073,55.3,0.0,57.21,BID
452,1712700030.4180045,78469705.1905073,55.3,0.0,57.21,BID
453,1712700060.5643492,78469705.1905073,55.3,0.0,57.21,BID
454,1712700089.6634688,78490957.52839836,55.43,4.481351514924476e-06,57.21,BID
455,1712700090.5836372,78490957.52839836,55.43,0.0,57.21,BID
456,1712700095.8933194,78494935.24374437,55.43,8.385483985336599e-07,57.21,BID
457,1712700120.35597,78494935.24374437,55.43,0.0,57.21,BID
458,1712700150.37351,78494935.24374437,55.43,0.0,57.21,BID
459,1712700180.5649064,78494935.24374437,55.43,0.0,57.21,BID
460,1712700210.5729218,78494935.24374437,55.43,0.0,57.21,BID
461,1712700240.3865137,78494935.24374437,55.43,0.0,57.21,BID
462,1712700270.3665218,78494935.24374437,55.43,0.0,57.21,BID
463,1712700300.5625324,78494935.24374437,55.43,0.0,57.21,BID
464,1712700330.5627985,78494935.24374437,55.43,0.0,57.21,BID
465,1712700360.390808,78494935.24374437,55.43,0.0,57.21,BID
466,1712700390.3765182,78494935.24374437,55.43,0.0,57.21,BID
467,1712700415.392413,78498552.53439368,55.33,-7.627310343140175e-07,57.21,ASK
468,1712700420.562966,78498552.53439368,55.33,-0.0,57.21,ASK
469,1712700450.6021774,78498552.53439368,55.33,-0.0,57.21,ASK
470,1712700480.3662715,78498552.53439368,55.33,-0.0,57.21,ASK
471,1712700496.412625,78498667.6627619,55.43,2.4274597261525616e-08,57.21,BID
472,1712700496.4171753,78498772.63534915,55.47,2.2133270181052856e-08,57.21,BID
473,1712700510.393438,78498772.63534915,55.47,0.0,57.21,BID
474,1712700540.58206,78498772.63534915,55.47,0.0,57.21,BID
475,1712700547.8922677,78498911.70408772,55.47,-2.9322303319116943e-08,57.21,ASK
476,1712700570.6020644,78498911.70408772,55.47,-0.0,57.21,ASK
477,1712700600.384543,78498911.70408772,55.47,-0.0,57.21,ASK
478,1712700630.372007,78498911.70408772,55.47,-0.0,57.21,ASK
479,1712700660.574846,78498911.70408772,55.47,-0.0,57.21,ASK
480,1712700690.5717776,78498911.70408772,55.47,-0.0,57.21,ASK
481,1712700720.3845987,78498911.70408772,55.47,-0.0,57.21,ASK
482,1712700750.3754687,78498911.70408772,55.47,-0.0,57.21,ASK
483,1712700780.591528,78498911.70408772,55.47,-0.0,57.21,ASK
484,1712700810.581682,78498911.70408772,55.47,-0.0,57.21,ASK
485,1712700840.4013803,78498911.70408772,55.47,-0.0,57.21,ASK
486,1712700870.3657782,78498911.70408772,55.47,-0.0,57.21,ASK
487,1712700900.4257598,78498911.70408772,55.47,-0.0,57.21,ASK
488,1712700930.3843064,78498911.70408772,55.47,-0.0,57.21,ASK
489,1712700960.5648985,78498911.70408772,55.47,-0.0,57.21,ASK
490,1712700990.5922372,78498911.70408772,55.47,-0.0,57.21,ASK
491,1712701015.5523126,78499147.09468369,55.48,-4.9740279637359954e-08,57.21,ASK
492,1712701015.555037,78499382.77162617,55.47,-4.980078738799609e-08,57.21,ASK
493,1712701020.3922975,78499382.77162617,55.47,-0.0,57.21,ASK
494,1712701050.373226,78499382.77162617,55.47,-0.0,57.21,ASK
495,1712701051.855728,78499923.60450882,55.47,1.142825190616042e-07,57.21,BID
496,1712701080.60898,78499923.60450882,55.47,0.0,57.21,BID
497,1712701091.6926415,78500824.99264655,55.47,1.9046965766554336e-07,57.21,BID
498,1712701110.5727513,78500824.99264655,55.47,0.0,57.21,BID
499,1712701122.2227592,78501726.38078427,55.47,1.904676453078432e-07,57.21,BID
500,1712701140.4026031,78501726.38078427,55.47,0.0,57.21,BID
501,1712701170.38608,78501726.38078427,55.47,0.0,57.21,BID
502,1712701200.4128091,78501726.38078427,55.47,0.0,57.21,BID
503,1712701230.3834236,78501726.38078427,55.47,0.0,57.21,BID
504,1712701260.5730565,78501726.38078427,55.47,0.0,57.21,BID
505,1712701260.6683097,78501996.79722558,55.47,5.7324887242771024e-08,57.21,BID
506,1712701260.7229092,78502267.21366689,55.47,5.7324887242771024e-08,57.21,BID
507,1712701290.5931292,78502267.21366689,55.47,0.0,57.21,BID
508,1712701320.383142,78502267.21366689,55.47,0.0,57.21,BID
509,1712701350.3933148,78502267.21366689,55.47,0.0,57.21,BID
510,1712701380.609511,78502267.21366689,55.47,0.0,57.21,BID
511,1712701410.5957682,78502267.21366689,55.47,0.0,57.21,BID
512,1712701440.4031262,78502267.21366689,55.47,0.0,57.21,BID
513,1712701470.3839722,78502267.21366689,55.47,0.0,57.21,BID
514,1712701500.573341,78502267.21366689,55.47,0.0,57.21,BID
515,1712701530.5736835,78502267.21366689,55.47,0.0,57.21,BID
516,1712701560.3943684,78502267.21366689,55.47,0.0,57.21,BID
517,1712701590.373943,78502267.21366689,55.47,0.0,57.21,BID
518,1712701620.556107,78502267.21366689,55.47,0.0,57.21,BID
519,1712701650.602426,78502267.21366689,55.47,0.0,57.21,BID
520,1712701680.3958037,78502267.21366689,55.47,0.0,57.21,BID
521,1712701690.2743237,78504069.98994236,55.47,3.823008767519612e-07,57.21,BID
522,1712701698.9639409,78504250.26756988,55.47,3.823008767108816e-08,57.21,BID
523,1712701710.403575,78504250.26756988,55.47,0.0,57.21,BID
524,1712701733.33365,78504430.41529103,55.47,3.82016483003167e-08,57.21,BID
525,1712701740.589383,78504430.41529103,55.47,0.0,57.21,BID
526,1712701770.583778,78504430.41529103,55.47,0.0,57.21,BID
527,1712701794.763625,78506233.84180138,55.45,-3.824290357842084e-07,57.21,ASK
528,1712701800.4547093,78506233.84180138,55.45,-0.0,57.21,ASK
529,1712701830.3966854,78506233.84180138,55.45,-0.0,57.21,ASK
530,1712701843.7037988,78511575.58529527,55.41,-1.133120097364729e-06,57.21,ASK
531,1712701843.7086213,78520599.22723715,55.41,-1.9141447071427057e-06,57.21,ASK
532,1712701860.6277442,78520599.22723715,55.41,-0.0,57.21,ASK
533,1712701890.5636685,78520599.22723715,55.41,-0.0,57.21,ASK
534,1712701899.1338208,78524697.86383942,55.4,-8.692786292023249e-07,57.21,ASK
535,1712701899.138745,78529714.46206132,55.4,-1.0639688386078685e-06,57.21,ASK
536,1712701899.7135396,78534117.53171761,55.4,9.338457459222144e-07,57.21,BID
537,1712701899.8725097,78534410.70671763,55.4,6.217939936069345e-08,57.21,BID
538,1712701909.6337433,78538797.96549612,55.4,9.30492421508712e-07,57.21,BID
539,1712701909.673695,78543192.45853199,55.4,9.320267330225978e-07,57.21,BID
540,1712701911.8842666,78550512.358532,55.4,1.5524754339974542e-06,57.21,BID
541,1712701918.3237853,78551804.695532,55.4,2.74091373507896e-07,57.21,BID
542,1712701920.3937025,78551804.695532,55.4,0.0,57.21,BID
543,1712701940.4883673,78552804.69453199,55.4,2.1201175762437842e-07,57.21,BID
544,1712701943.6736784,78553250.03143032,55.4,9.441675296621393e-08,57.21,BID
545,1712701944.0191,78555311.86243032,55.4,4.371328513682175e-07,57.21,BID
546,1712701950.3882337,78555311.86243032,55.4,0.0,57.21,BID
547,1712701951.5625253,78555928.8208623,55.34,-1.307971843792533e-07,57.21,ASK
548,1712701951.5697377,78556213.25056805,55.34,-6.030001818339219e-08,57.21,ASK
549,1712701980.3639033,78556213.25056805,55.34,-0.0,57.21,ASK
550,1712701987.2436352,78557403.30333953,55.34,-2.522923711154925e-07,57.21,ASK
551,1712701987.3436675,78560686.45273954,55.34,6.960309380446658e-07,57.21,BID
552,1712701987.3483598,78567201.76935847,55.34,1.3812536029947454e-06,57.21,BID
553,1712702005.803862,78569439.17485847,55.34,-4.743321912010968e-07,57.21,ASK
554,1712702005.9235911,78570154.73265848,55.34,1.5169896525708124e-07,57.21,BID
555,1712702005.9435508,78587947.12078692,55.34,3.7720039785748574e-06,57.21,BID
556,1712702010.3776848,78587947.12078692,55.34,0.0,57.21,BID
557,1712702040.5638945,78587947.12078692,55.34,0.0,57.21,BID
558,1712702050.0435338,78588547.12078692,55.47,1.271532568005989e-07,57.21,BID
559,1712702070.5936427,78588547.12078692,55.47,0.0,57.21,BID
560,1712702100.4034872,78588547.12078692,55.47,0.0,57.21,BID
561,1712702130.3845294,78588547.12078692,55.47,0.0,57.21,BID
562,1712702160.5936842,78588547.12078692,55.47,0.0,57.21,BID
563,1712702190.5637183,78588547.12078692,55.47,0.0,57.21,BID
564,1712702203.2638216,78588645.19597217,55.33,-2.0843378041191323e-08,57.21,ASK
565,1712702203.2756147,78589210.44979392,55.33,-1.2013027622971978e-07,57.21,ASK
566,1712702220.3965085,78589210.44979392,55.33,-0.0,57.21,ASK
567,1712702250.3865492,78589210.44979392,55.33,-0.0,57.21,ASK
568,1712702280.608915,78589210.44979392,55.33,-0.0,57.21,ASK
569,1712702284.4946585,78592918.56208172,55.33,-7.880584999549153e-07,57.21,ASK
570,1712702310.5737169,78592918.56208172,55.33,-0.0,57.21,ASK
571,1712702340.3980184,78592918.56208172,55.33,-0.0,57.21,ASK
572,1712702370.39385,78592918.56208172,55.33,-0.0,57.21,ASK
573,1712702400.430216,78592918.56208172,55.33,-0.0,57.21,ASK
574,1712702430.3567553,78592918.56208172,55.33,-0.0,57.21,ASK
575,1712702460.5837064,78592918.56208172,55.33,-0.0,57.21,ASK
576,1712702490.57391,78592918.56208172,55.33,-0.0,57.21,ASK
577,1712702520.3860843,78592918.56208172,55.33,-0.0,57.21,ASK
578,1712702550.3843217,78592918.56208172,55.33,-0.0,57.21,ASK
579,1712702555.7180831,78596894.36608173,55.46,8.490924225095625e-07,57.21,BID
580,1712702557.2291057,78603060.76808172,55.46,1.3169273969081249e-06,57.21,BID
581,1712702572.073726,78605449.01808172,55.46,5.10046515888572e-07,57.21,BID
582,1712702574.023575,78607044.76808172,55.46,3.407962850326343e-07,57.21,BID
583,1712702576.4543548,78612983.63060142,55.46,1.2683329368836392e-06,57.21,BID
584,1712702577.0155003,78615574.97460142,55.46,5.534202778884598e-07,57.21,BID
585,1712702580.593572,78615574.97460142,55.46,0.0,57.21,BID
586,1712702610.5735438,78615574.97460142,55.46,0.0,57.21,BID
587,1712702615.6637783,78616115.9050017,55.46,1.1549278689010472e-07,57.21,BID
588,1712702640.357391,78616115.9050017,55.46,0.0,57.21,BID
589,1712702646.5135474,78618762.5980017,55.46,5.650856238697564e-07,57.21,BID
590,1712702656.3335755,78620565.69933599,55.46,3.849734904597953e-07,57.21,BID
591,1712702670.4129586,78620565.69933599,55.46,0.0,57.21,BID
592,1712702693.8536468,78620746.0094694,55.46,3.84953207133113e-08,57.21,BID
593,1712702700.4411914,78620746.0094694,55.46,0.0,57.21,BID
594,1712702730.4393854,78620746.0094694,55.46,0.0,57.21,BID
595,1712702737.733492,78620846.0094694,55.46,2.14530549745302e-08,57.21,BID
596,1712702760.5838544,78620846.0094694,55.46,0.0,57.21,BID
597,1712702790.583681,78620846.0094694,55.46,0.0,57.21,BID
598,1712702820.369157,78620846.0094694,55.46,0.0,57.21,BID
599,1712702826.0637405,78621212.9514694,55.46,7.872017532480237e-08,57.21,BID
600,1712702848.2836242,78621212.95180173,55.46,7.129392963559237e-14,57.21,BID
601,1712702849.2335043,78622333.4874694,55.47,2.403888467836672e-07,57.21,BID
602,1712702850.397158,78622333.4874694,55.47,0.0,57.21,BID
603,1712702870.1934545,78626789.64546941,55.47,9.5596396733252e-07,57.21,BID
604,1712702880.583584,78626789.64546941,55.47,0.0,57.21,BID
605,1712702910.4666915,78656845.98921028,55.47,6.447540249768777e-06,57.21,BID
606,1712702910.5867257,78656845.98921028,55.47,0.0,57.21,BID
607,1712702932.9048972,78702014.34252116,55.47,9.685830739529342e-06,57.21,BID
608,1712702932.9099865,78702301.24430312,55.47,6.152276749653306e-08,57.21,BID
609,1712702933.0713816,78704646.31589878,55.47,5.028734696447034e-07,57.21,BID
610,1712702933.0753517,78722378.9023151,55.47,3.802547979121476e-06,57.21,BID
611,1712702940.415842,78722378.9023151,55.47,0.0,57.21,BID
612,1712702970.4041543,78722378.9023151,55.47,0.0,57.21,BID
613,1712702984.2858248,78722558.85552725,55.57,3.855882727606423e-08,57.21,BID
614,1712703000.48242,78722558.85552725,55.57,0.0,57.21,BID
615,1712703030.4040434,78722558.85552725,55.57,0.0,57.21,BID
616,1712703055.707178,78727957.4518922,55.57,1.1613503675422252e-06,57.21,BID
617,1712703060.5469878,78727957.4518922,55.57,0.0,57.21,BID
618,1712703074.7173474,78730730.99877,55.57,5.966091195811945e-07,57.21,BID
619,1712703090.5797043,78730730.99877,55.57,0.0,57.21,BID
620,1712703120.398087,78730730.99877,55.57,0.0,57.21,BID
621,1712703150.379002,78730730.99877,55.57,0.0,57.21,BID
622,1712703180.568708,78730730.99877,55.57,0.0,57.21,BID
623,1712703210.5892,78730730.99877,55.57,0.0,57.21,BID
624,1712703240.395426,78730730.99877,55.57,0.0,57.21,BID
625,1712703270.4181557,78730730.99877,55.57,0.0,57.21,BID
626,1712703291.7903297,78731630.76483081,55.57,1.9353948733864162e-07,57.21,BID
627,1712703300.5628667,78731630.76483081,55.57,0.0,57.21,BID
628,1712703330.6105692,78731630.76483081,55.57,0.0,57.21,BID
629,1712703358.2111094,78733090.10354368,55.57,3.13968302256283e-07,57.21,BID
630,1712703360.4247687,78733090.10354368,55.57,0.0,57.21,BID
631,1712703390.4044816,78733090.10354368,55.57,0.0,57.21,BID
632,1712703420.3846586,78733090.10354368,55.57,0.0,57.21,BID
633,1712703450.381788,78733090.10354368,55.57,0.0,57.21,BID
634,1712703480.5821624,78733090.10354368,55.57,0.0,57.21,BID
635,1712703510.582383,78733090.10354368,55.57,0.0,57.21,BID
636,1712703540.4224665,78733090.10354368,55.57,0.0,57.21,BID
637,1712703570.3699827,78733090.10354368,55.57,0.0,57.21,BID
638,1712703600.6173744,78733090.10354368,55.57,0.0,57.21,BID
639,1712703630.3937063,78733090.10354368,55.57,0.0,57.21,BID
640,1712703660.553496,78733090.10354368,55.57,0.0,57.21,BID
641,1712703690.5836108,78733090.10354368,55.57,0.0,57.21,BID
642,1712703720.3938627,78733090.10354368,55.57,0.0,57.21,BID
643,1712703750.4004076,78733090.10354368,55.57,0.0,57.21,BID
644,1712703768.4541936,78733663.29697555,55.57,1.2343642214228384e-07,57.21,BID
645,1712703780.5744317,78733663.29697555,55.57,0.0,57.21,BID
646,1712703810.5944717,78733663.29697555,55.57,0.0,57.21,BID
647,1712703840.418287,78733663.29697555,55.57,0.0,57.21,BID
648,1712703848.024715,78742052.81208953,55.57,1.8066582209232912e-06,57.21,BID
649,1712703848.030411,78751658.61819203,55.57,2.0685830263012075e-06,57.21,BID
650,1712703870.3785276,78751658.61819203,55.57,0.0,57.21,BID
651,1712703874.5757446,78755649.21317148,55.57,8.591782584101914e-07,57.21,BID
652,1712703874.580934,78774133.75813301,55.57,3.97973716434086e-06,57.21,BID
653,1712703874.5851169,78885542.48912366,55.57,2.3986387984035565e-05,57.21,BID
654,1712703874.6571314,78896419.88880666,55.57,-2.341912763333892e-06,57.21,ASK
655,1712703874.678195,78896419.88880739,55.57,-1.572033583083902e-16,57.21,ASK
656,1712703900.6123447,78896419.88880739,55.57,-0.0,57.21,ASK
657,1712703912.0050294,78898169.34473418,55.47,-3.770482653037458e-07,57.21,ASK
658,1712703920.7149606,78898316.73809634,55.47,-3.1766682812841755e-08,57.21,ASK
659,1712703930.585152,78898316.73809634,55.47,-0.0,57.21,ASK
660,1712703931.695177,78901337.41109633,55.56,6.510102198918396e-07,57.21,BID
661,1712703934.6645148,78903455.86669634,55.56,4.565658864748876e-07,57.21,BID
662,1712703934.6686494,78904259.35609634,55.56,1.731666456367759e-07,57.21,BID
663,1712703960.4145093,78904259.35609634,55.56,0.0,57.21,BID
664,1712703975.1107514,78922219.28809634,55.58,3.870418066635545e-06,57.21,BID
665,1712703990.3578136,78922219.28809634,55.58,0.0,57.21,BID
666,1712704020.556615,78922219.28809634,55.58,0.0,57.21,BID
667,1712704031.7153995,78931508.2773063,55.58,2.0013739109653897e-06,57.21,BID
668,1712704031.7205975,78959576.23956306,55.58,6.047427349186463e-06,57.21,BID
669,1712704031.7254584,78976127.04094896,55.58,3.565979177127731e-06,57.21,BID
670,1712704050.6438892,78976127.04094896,55.58,0.0,57.21,BID
671,1712704080.3972125,78976127.04094896,55.58,0.0,57.21,BID
672,1712704110.405782,78976127.04094896,55.58,0.0,57.21,BID
673,1712704125.5259316,78976218.35680312,55.5,-1.9661909532143488e-08,57.21,ASK
674,1712704125.5358598,78977026.80700977,55.5,-1.740735491149638e-07,57.21,ASK
675,1712704140.4657743,78977026.80700977,55.5,-0.0,57.21,ASK
676,1712704150.4859996,78977062.8430458,55.58,7.759108957303931e-09,57.21,BID
677,1712704170.3995774,78977062.8430458,55.58,0.0,57.21,BID
678,1712704200.4367456,78977062.8430458,55.58,0.0,57.21,BID
679,1712704206.5765438,79000617.2820425,55.5,-5.0815470569803136e-06,57.21,ASK
680,1712704206.786342,79006643.89270584,55.49,-1.300158568164003e-06,57.21,ASK
681,1712704213.8694284,79008393.34863265,55.47,-3.774211144413594e-07,57.21,ASK
682,1712704222.876443,79008540.74199481,55.47,-3.179809571479463e-08,57.21,ASK
683,1712704230.4219875,79008540.74199481,55.47,-0.0,57.21,ASK
684,1712704260.5761397,79008540.74199481,55.47,-0.0,57.21,ASK
685,1712704290.576483,79008540.74199481,55.47,-0.0,57.21,ASK
686,1712704320.3896322,79008540.74199481,55.47,-0.0,57.21,ASK
687,1712704350.399226,79008540.74199481,55.47,-0.0,57.21,ASK
688,1712704357.6967597,79024871.14412615,55.47,-3.52173297468547e-06,57.21,ASK
689,1712704357.756414,79034669.38540414,55.47,-2.1130397846371096e-06,57.21,ASK
690,1712704357.7944057,79034669.38540493,55.47,-1.703160305985115e-16,57.21,ASK
691,1712704380.596929,79034669.38540493,55.47,-0.0,57.21,ASK
692,1712704410.752247,79034669.38540493,55.47,-0.0,57.21,ASK
693,1712704440.420197,79034669.38540493,55.47,-0.0,57.21,ASK
694,1712704470.4010415,79034669.38540493,55.47,-0.0,57.21,ASK
695,1712704500.4370036,79034669.38540493,55.47,-0.0,57.21,ASK
696,1712704513.4671023,79036418.84133174,55.32,-3.78703274425756e-07,57.21,ASK
697,1712704517.868259,79036477.0499024,55.32,-1.2600361043970972e-08,57.21,ASK
698,1712704517.8710897,79036566.2346939,55.32,-1.9305757895665936e-08,57.21,ASK
699,1712704530.409704,79036566.2346939,55.32,-0.0,57.21,ASK
700,1712704560.5774257,79036566.2346939,55.32,-0.0,57.21,ASK
701,1712704590.597332,79036566.2346939,55.32,-0.0,57.21,ASK
702,1712704620.4002745,79036566.2346939,55.32,-0.0,57.21,ASK
703,1712704634.1976454,79037348.80062544,55.32,-1.693975507151317e-07,57.21,ASK
704,1712704634.2021906,79037890.86509573,55.32,-1.1733758127686324e-07,57.21,ASK
705,1712704634.2573829,79043010.89826974,55.32,1.1083041623678932e-06,57.21,BID
706,1712704634.2774277,79043010.89827028,55.32,1.161204747905569e-16,57.21,BID
707,1712704650.4075437,79043010.89827028,55.32,0.0,57.21,BID
708,1712704660.4742951,79043121.89827028,55.4,2.4025678066094023e-08,57.21,BID
709,1712704680.587569,79043121.89827028,55.4,0.0,57.21,BID
710,1712704710.597737,79043121.89827028,55.4,0.0,57.21,BID
711,1712704740.3685038,79043121.89827028,55.4,0.0,57.21,BID
712,1712704760.217697,79047720.86810105,55.3,-9.954344281144091e-07,57.21,ASK
713,1712704770.4570775,79047720.86810105,55.3,-0.0,57.21,ASK
714,1712704800.4104474,79047720.86810105,55.3,-0.0,57.21,ASK
715,1712704804.4979262,79047757.03446633,55.4,7.860387271822451e-09,57.21,BID
716,1712704808.6340666,79049359.32402784,55.3,-3.482411455312154e-07,57.21,ASK
717,1712704816.5588636,79049506.71738999,55.3,-3.2034430300037604e-08,57.21,ASK
718,1712704830.392405,79049506.71738999,55.3,-0.0,57.21,ASK
719,1712704838.4984045,79049597.1333032,55.4,1.965054638799809e-08,57.21,BID
720,1712704860.599821,79049597.1333032,55.4,0.0,57.21,BID
721,1712704890.598589,79049597.1333032,55.4,0.0,57.21,BID
722,1712704907.4581196,79055946.41882633,55.4,1.3799207401460416e-06,57.21,BID
723,1712704907.4637578,79056451.00234415,55.4,1.096635611736933e-07,57.21,BID
724,1712704907.5780802,79062477.61300749,55.4,-1.309792261952942e-06,57.21,ASK
725,1712704907.6848066,79086675.52551502,55.4,-5.259048630863407e-06,57.21,ASK
726,1712704920.4325082,79086675.52551502,55.4,-0.0,57.21,ASK
727,1712704950.3890145,79086675.52551502,55.4,-0.0,57.21,ASK
728,1712704980.6066265,79086675.52551502,55.4,-0.0,57.21,ASK
729,1712705010.7301428,79086675.52551502,55.4,-0.0,57.21,ASK
730,1712705040.4099298,79086675.52551502,55.4,-0.0,57.21,ASK
731,1712705070.3860805,79086675.52551502,55.4,-0.0,57.21,ASK
732,1712705100.6240065,79086675.52551502,55.4,-0.0,57.21,ASK
733,1712705109.573917,79087829.98201081,55.31,-2.517101067428168e-07,57.21,ASK
734,1712705110.8737514,79087977.37537298,55.31,-3.2136679951864735e-08,57.21,ASK
735,1712705114.2481215,79100975.52551502,55.31,-2.834031227369364e-06,57.21,ASK
736,1712705114.364043,79121741.83140165,55.31,4.527748850156694e-06,57.21,BID
737,1712705117.2536669,79121777.93248469,55.4,7.871242873780186e-09,57.21,BID
738,1712705130.6033194,79121777.93248469,55.4,0.0,57.21,BID
739,1712705160.4124424,79121777.93248469,55.4,0.0,57.21,BID
740,1712705190.4231527,79121777.93248469,55.4,0.0,57.21,BID
741,1712705220.5783224,79121777.93248469,55.4,0.0,57.21,BID
742,1712705250.593264,79121777.93248469,55.4,0.0,57.21,BID
743,1712705275.591172,79122626.04082851,55.31,-1.8483772443511729e-07,57.21,ASK
744,1712705280.3707612,79122626.04082851,55.31,-0.0,57.21,ASK
745,1712705304.2664194,79122662.20065494,55.4,7.880634298977587e-09,57.21,BID
746,1712705310.3857598,79122662.20065494,55.4,0.0,57.21,BID
747,1712705340.5809667,79122662.20065494,55.4,0.0,57.21,BID
748,1712705370.5800705,79122662.20065494,55.4,0.0,57.21,BID
749,1712705388.9295127,79123471.66109785,55.4,1.7641287515153925e-07,57.21,BID
750,1712705388.939306,79124467.25480656,55.4,2.169785443789005e-07,57.21,BID
751,1712705400.4896882,79124467.25480656,55.4,0.0,57.21,BID
752,1712705407.1793108,79126216.71073335,55.31,-3.818719500507264e-07,57.21,ASK
753,1712705430.4330723,79126216.71073335,55.31,-0.0,57.21,ASK
754,1712705460.6028616,79126216.71073335,55.31,-0.0,57.21,ASK
755,1712705486.0355153,79133426.17977317,55.31,-1.573652591702699e-06,57.21,ASK
756,1712705490.578828,79133426.17977317,55.31,-0.0,57.21,ASK
757,1712705520.4527066,79133426.17977317,55.31,-0.0,57.21,ASK
758,1712705550.3908682,79133426.17977317,55.31,-0.0,57.21,ASK
759,1712705571.1469693,79136051.05773374,55.31,-5.728974613645634e-07,57.21,ASK
760,1712705571.1498168,79144314.90220083,55.31,-1.803640240578973e-06,57.21,ASK
761,1712705571.277794,79164557.56500019,55.3,-4.418098785232426e-06,57.21,ASK
762,1712705571.283765,79166546.7150906,55.3,-4.341455314055679e-07,57.21,ASK
763,1712705571.289391,79166850.24977098,55.3,-6.624850771666065e-08,57.21,ASK
764,1712705576.3377285,79167846.7150906,55.3,-2.174853309453264e-07,57.21,ASK
765,1712705577.0250723,79171593.7150906,55.28,8.178082257434349e-07,57.21,BID
766,1712705580.5694387,79171593.7150906,55.28,0.0,57.21,BID
767,1712705587.973159,79172919.77138796,55.23,-2.892875353753887e-07,57.21,ASK
768,1712705588.1074116,79179451.62438813,55.23,1.4249648824194425e-06,57.21,BID
769,1712705588.709828,79194469.22438812,55.23,3.276184050326351e-06,57.21,BID
770,1712705588.7675989,79214612.74551556,55.23,4.394436037391641e-06,57.21,BID
771,1712705601.4175265,79246155.21350244,55.21,-6.881188107726433e-06,57.21,ASK
772,1712705601.4238195,79246257.33950242,55.22,-2.227943028723512e-08,57.21,ASK
773,1712705601.4298613,79251691.13772738,55.21,-1.1854173155030689e-06,57.21,ASK
774,1712705610.5771115,79251691.13772738,55.21,-0.0,57.21,ASK
775,1712705640.3729954,79251691.13772738,55.21,-0.0,57.21,ASK
776,1712705670.3807144,79251691.13772738,55.21,-0.0,57.21,ASK
777,1712705700.5804636,79251691.13772738,55.21,-0.0,57.21,ASK
778,1712705702.186655,79253391.13772738,55.23,-3.712346196203716e-07,57.21,ASK
779,1712705702.190469,79253891.13772738,55.23,-1.0918665282952109e-07,57.21,ASK
780,1712705707.1464963,79254161.55416869,55.23,-5.90517321926486e-08,57.21,ASK
781,1712705707.2866948,79254431.97061,55.23,-5.90517321926486e-08,57.21,ASK
782,1712705707.3664656,79256181.4265368,55.23,-3.820344738413715e-07,57.21,ASK
783,1712705730.591424,79256181.4265368,55.23,-0.0,57.21,ASK
784,1712705754.2662203,79256292.4265368,55.36,2.423812428138224e-08,57.21,BID
785,1712705760.3691502,79256292.4265368,55.36,0.0,57.21,BID
786,1712705764.806083,79258098.7849183,55.36,3.944385603495617e-07,57.21,BID
787,1712705790.3561313,79258098.7849183,55.36,0.0,57.21,BID
788,1712705820.57592,79258098.7849183,55.36,0.0,57.21,BID
789,1712705850.5895464,79258098.7849183,55.36,0.0,57.21,BID
790,1712705880.3887815,79258098.7849183,55.36,0.0,57.21,BID
791,1712705910.3758657,79258098.7849183,55.36,0.0,57.21,BID
792,1712705927.685964,79258288.9034154,55.36,4.1513594204388746e-08,57.21,BID
793,1712705927.6916194,79267121.5450339,55.36,1.9286639937190937e-06,57.21,BID
794,1712705934.915217,79277121.5450339,55.23,-2.183564189538022e-06,57.21,ASK
795,1712705940.5901425,79277121.5450339,55.23,-0.0,57.21,ASK
796,1712705959.2070744,79278918.8131863,55.23,-3.923549265686156e-07,57.21,ASK
797,1712705970.5764768,79278918.8131863,55.23,-0.0,57.21,ASK
798,1712705997.604988,79302940.67139739,55.23,-5.244008895795144e-06,57.21,ASK
799,1712705997.611362,79327069.73370223,55.21,-5.267411715692472e-06,57.21,ASK
800,1712705997.6649723,79327069.73370302,55.21,1.7240616950166707e-16,57.21,BID
801,1712705997.6711464,79450652.33344603,55.21,2.6978273151190622e-05,57.21,BID
802,1712706000.4548745,79450652.33344603,55.21,0.0,57.21,BID
803,1712706005.6948218,79452401.78937282,55.2,-3.857199064005971e-07,57.21,ASK
804,1712706030.376887,79452401.78937282,55.2,-0.0,57.21,ASK
805,1712706060.584811,79452401.78937282,55.2,-0.0,57.21,ASK
806,1712706090.5847807,79452401.78937282,55.2,-0.0,57.21,ASK
807,1712706096.904502,79453524.97777861,55.21,-2.476352195935839e-07,57.21,ASK
808,1712706118.087312,79462352.77198465,55.21,-1.946309938258516e-06,57.21,ASK
809,1712706118.187428,79462581.30815354,55.21,5.0386563888679264e-08,57.21,BID
810,1712706119.9343348,79481224.3721673,55.36,4.110333784713785e-06,57.21,BID
811,1712706119.9408245,79481362.86523446,55.36,3.053429052633857e-08,57.21,BID
812,1712706120.3643403,79481362.86523446,55.36,0.0,57.21,BID
813,1712706143.6053855,79484880.89513771,55.2,-7.753646257351496e-07,57.21,ASK
814,1712706150.4291725,79484880.89513771,55.2,-0.0,57.21,ASK
815,1712706177.0243678,79486687.2535192,55.2,-3.9809964275972e-07,57.21,ASK
816,1712706180.5742664,79486687.2535192,55.2,-0.0,57.21,ASK
817,1712706210.553866,79486687.2535192,55.2,-0.0,57.21,ASK
818,1712706214.3640082,79486777.83322935,55.36,1.9962239065364908e-08,57.21,BID
819,1712706240.4122992,79486777.83322935,55.36,0.0,57.21,BID
820,1712706270.3937244,79486777.83322935,55.36,0.0,57.21,BID
821,1712706300.4065862,79486777.83322935,55.36,0.0,57.21,BID
822,1712706304.1037147,79488527.28915615,55.2,-3.867926846686985e-07,57.21,ASK
823,1712706330.4036372,79488527.28915615,55.2,-0.0,57.21,ASK
824,1712706338.2336483,79489430.46834691,55.36,1.9968244979841602e-07,57.21,BID
825,1712706360.5936158,79489430.46834691,55.36,0.0,57.21,BID
826,1712706390.5842156,79489430.46834691,55.36,0.0,57.21,BID
827,1712706420.395725,79489430.46834691,55.36,0.0,57.21,BID
828,1712706450.4031465,79489430.46834691,55.36,0.0,57.21,BID
829,1712706480.59827,79489430.46834691,55.36,0.0,57.21,BID
830,1712706490.353051,79506268.1082427,55.2,-3.7225658552348175e-06,57.21,ASK
831,1712706510.5551896,79506268.1082427,55.2,-0.0,57.21,ASK
832,1712706540.4098403,79506268.1082427,55.2,-0.0,57.21,ASK
833,1712706570.3661585,79506268.1082427,55.2,-0.0,57.21,ASK
834,1712706600.433548,79506268.1082427,55.2,-0.0,57.21,ASK
835,1712706602.5197165,79508017.56416951,55.2,-3.896466262769746e-07,57.21,ASK
836,1712706616.6630914,79541318.80372176,55.2,-7.417000590615221e-06,57.21,ASK
837,1712706630.393119,79541318.80372176,55.2,-0.0,57.21,ASK
838,1712706634.7132826,79541355.0356058,55.36,8.0662508380402e-09,57.21,BID
839,1712706637.966257,79541499.54427633,55.36,3.217175190756815e-08,57.21,BID
840,1712706660.5759375,79541499.54427633,55.36,0.0,57.21,BID
841,1712706690.5925906,79541499.54427633,55.36,0.0,57.21,BID
842,1712706720.396608,79541499.54427633,55.36,0.0,57.21,BID
843,1712706750.3738265,79541499.54427633,55.36,0.0,57.21,BID
844,1712706780.5924163,79541499.54427633,55.36,0.0,57.21,BID
845,1712706810.5825374,79541499.54427633,55.36,0.0,57.21,BID
846,1712706840.3875144,79541499.54427633,55.36,0.0,57.21,BID
847,1712706851.1925576,79543305.90265784,55.36,4.021460030255911e-07,57.21,BID
848,1712706860.512931,79545112.26103933,55.36,4.021460030222736e-07,57.21,BID
849,1712706870.3623056,79545112.26103933,55.36,0.0,57.21,BID
850,1712706900.584662,79545112.26103933,55.36,0.0,57.21,BID
851,1712706902.5526426,79546861.71696612,55.2,-3.942299221331705e-07,57.21,ASK
852,1712706911.4022396,79546972.71696612,55.36,2.5013217358984e-08,57.21,BID
853,1712706930.5828505,79546972.71696612,55.36,0.0,57.21,BID
854,1712706960.4142432,79546972.71696612,55.36,0.0,57.21,BID
855,1712706976.7524705,79547153.35280427,55.35,4.0704314447876896e-08,57.21,BID
856,1712706990.4109817,79547153.35280427,55.35,0.0,57.21,BID
857,1712707001.1727557,79565220.2001394,55.35,4.071157671152609e-06,57.21,BID
858,1712707020.5966046,79565220.2001394,55.35,0.0,57.21,BID
859,1712707028.6623015,79568941.58302464,55.35,8.38382204343736e-07,57.21,BID
860,1712707028.7524295,79615474.80183564,55.35,-1.0483367007676766e-05,57.21,ASK
861,1712707028.772285,79615474.80183585,55.35,-4.699869982735741e-17,57.21,ASK
862,1712707050.5825818,79615474.80183585,55.35,-0.0,57.21,ASK
863,1712707062.1827896,79619087.53927924,55.34,8.133959887987918e-07,57.21,BID
864,1712707080.3768935,79619087.53927924,55.34,0.0,57.21,BID
865,1712707108.162547,79619245.23465668,55.2,-3.5502999020889685e-08,57.21,ASK
866,1712707110.4100363,79619245.23465668,55.2,-0.0,57.21,ASK
867,1712707118.442415,79619281.46654072,55.34,8.157106719465902e-09,57.21,BID
868,1712707122.0928311,79619462.16766107,55.34,4.0682353726565145e-08,57.21,BID
869,1712707140.5726488,79619462.16766107,55.34,0.0,57.21,BID
870,1712707170.5519102,79619462.16766107,55.34,0.0,57.21,BID
871,1712707200.5241156,79619462.16766107,55.34,0.0,57.21,BID
872,1712707201.555452,1155.7861085,55.34,2.715322125702331e-07,55.34,BID
873,1712707201.5587926,24124.445313,55.34,5.396094318579132e-06,55.34,BID
874,1712707201.6412888,24124.44531311,55.34,2.584298960038777e-17,55.34,BID
875,1712707201.8030512,30656.29831407,55.34,1.5345473392442883e-06,55.34,BID
876,1712707201.806207,137678.27955768,55.36,2.514298722489569e-05,55.36,BID
877,1712707202.7883964,139427.73548449,55.2,-4.110048002024612e-07,55.36,ASK
878,1712707204.3674695,139427.73548506,55.34,1.3391142013390074e-16,55.36,BID
879,1712707204.370731,141876.24444506,55.34,5.752353748823778e-07,55.36,BID
880,1712707217.2550535,159943.09178006,55.34,4.244497312230127e-06,55.36,BID
881,1712707222.4815211,391079.45651913,55.2,-5.430154252718298e-05,55.36,ASK
882,1712707230.4743483,391079.45651913,55.2,-0.0,55.36,ASK
883,1712707234.5023105,391190.45651899,55.34,2.59458190163246e-08,55.36,BID
884,1712707234.5056384,391190.45651913,55.34,3.2721984475463536e-17,55.36,BID
885,1712707235.9107568,392121.74103435,55.34,2.1768413977547746e-07,55.36,BID
886,1712707235.914229,392996.99324543,55.37,2.045868062248591e-07,55.37,BID
887,1712707260.309217,392996.99324543,55.37,0.0,55.37,BID
888,1712707260.7852118,392996.99324543,55.37,0.0,55.37,BID
889,1712707290.7404692,392996.99324543,55.37,0.0,55.37,BID
890,1712707291.7556517,393358.65689823,55.3,-8.453537734316506e-08,55.37,ASK
891,1712707291.835405,399707.44604509,55.3,1.4839679963602976e-06,55.37,BID
892,1712707295.2643027,399924.24465996,55.3,5.067457725878996e-08,55.37,BID
893,1712707319.9232812,400829.92215561,55.3,2.116933461608333e-07,55.37,BID
894,1712707319.952629,403090.31156773,55.3,-5.283441407967925e-07,55.37,ASK
895,1712707320.3991642,403090.31156773,55.3,-0.0,55.37,ASK
896,1712707320.6181214,403090.31156773,55.3,-0.0,55.37,ASK
897,1712707324.5372033,404874.73185759,55.2,-4.170365581188083e-07,55.37,ASK
1098,1712707329.932914,404985.73185759,55.37,2.5941790851760772e-08,55.37,BID
898,1712707329.932914,404985.73185759,55.37,2.594179085176077e-08,55.37,BID
899,1712707332.3765082,411051.6851991,55.2,-1.4176729090269467e-06,55.37,ASK
900,1712707338.7501743,411162.6851991,55.37,2.594179085176077e-08,55.37,BID
1100,1712707338.7501743,411162.6851991,55.37,2.5941790851760772e-08,55.37,BID
901,1712707341.123472,436772.47765906,55.2,-5.985260177957494e-06,55.37,ASK
902,1712707350.4974377,436772.47765906,55.2,-0.0,55.37,ASK
903,1712707380.4288132,436772.47765906,55.2,-0.0,55.37,ASK
904,1712707380.7695746,436772.47765906,55.2,-0.0,55.37,ASK
905,1712707392.5137703,445677.19716039,55.2,-2.080216531395797e-06,55.37,ASK
906,1712707405.7167137,525367.69516168,55.2,-1.861636307720727e-05,55.37,ASK
907,1712707410.568168,525367.69516168,55.2,-0.0,55.37,ASK
908,1712707440.4329948,525367.69516168,55.2,-0.0,55.37,ASK
909,1712707440.602756,525367.69516168,55.2,-0.0,55.37,ASK
910,1712707452.9827578,527912.66889832,55.21,-5.938485870642524e-07,55.37,ASK
911,1712707453.0582645,532539.85230765,55.21,1.0797150045822155e-06,55.37,BID
912,1712707453.2041166,561593.01666065,55.21,6.779315775397117e-06,55.37,BID
913,1712707453.2074966,561593.01666141,55.21,1.7733020307925714e-16,55.37,BID
914,1712707458.072808,561593.01666208,55.21,1.5633200348056446e-16,55.37,BID
915,1712707458.0833356,597337.80510408,55.21,8.340750949837971e-06,55.37,BID
916,1712707463.8144052,597448.80510408,55.36,2.59009325774656e-08,55.37,BID
917,1712707469.845788,875667.81653574,55.2,-6.492010681856358e-05,55.37,ASK
918,1712707470.545478,875667.81653574,55.2,-0.0,55.37,ASK
919,1712707479.242757,1073831.61106251,55.2,-4.603217722086589e-05,55.37,ASK
920,1712707491.534812,1238562.02448153,55.2,-3.826581743794004e-05,55.37,ASK
921,1712707491.5381944,1298274.75959125,55.2,-1.3870884999337885e-05,55.37,ASK
922,1712707500.3844545,1298274.75959125,55.2,-0.0,55.37,ASK
923,1712707500.944613,1298274.75959125,55.2,-0.0,55.37,ASK
924,1712707530.6200352,1298274.75959125,55.2,-0.0,55.37,ASK
925,1712707560.45853,1298274.75959125,55.2,-0.0,55.37,ASK
926,1712707560.6201482,1298274.75959125,55.2,-0.0,55.37,ASK
927,1712707590.4002285,1298274.75959125,55.2,-0.0,55.37,ASK
928,1712707620.5499449,1298274.75959125,55.2,-0.0,55.37,ASK
929,1712707620.677535,1298274.75959125,55.2,-0.0,55.37,ASK
930,1712707640.731048,1298381.75959125,55.21,-2.5123856834776173e-08,55.37,ASK
931,1712707650.4609685,1298381.75959125,55.21,-0.0,55.37,ASK
932,1712707677.27085,1329330.53023015,55.22,-7.266835553380588e-06,55.37,ASK
933,1712707677.7464828,1334846.45748173,55.22,-1.2951511622002991e-06,55.37,ASK
934,1712707680.4242215,1334846.45748173,55.22,-0.0,55.37,ASK
935,1712707680.849398,1334846.45748173,55.22,-0.0,55.37,ASK
936,1712707691.329357,1343745.71490545,55.22,-2.088576641569337e-06,55.37,ASK
937,1712707707.0134702,1358127.3590094,55.21,-3.375244080794123e-06,55.37,ASK
938,1712707707.023061,1367019.32671871,55.21,-2.0868658103712424e-06,55.37,ASK
939,1712707710.586624,1367019.32671871,55.21,-0.0,55.37,ASK
940,1712707719.222746,1387019.32671871,55.21,4.691866274539792e-06,55.37,BID
941,1712707740.6161418,1387019.32671871,55.21,0.0,55.37,BID
942,1712707740.9264803,1387019.32671871,55.21,0.0,55.37,BID
943,1712707748.3255544,1389109.67021965,55.21,4.902536144283247e-07,55.37,BID
944,1712707748.3289156,1389343.39335261,55.21,5.481568491381159e-08,55.37,BID
945,1712707770.5195343,1389343.39335261,55.21,0.0,55.37,BID
946,1712707777.6887004,1390546.25950125,55.21,-2.821027888588453e-07,55.37,ASK
947,1712707800.763114,1390546.25950125,55.21,-0.0,55.37,ASK
948,1712707800.7664788,1390546.25950125,55.21,-0.0,55.37,ASK
949,1712707830.446415,1390546.25950125,55.21,-0.0,55.37,ASK
950,1712707860.4151835,1390546.25950125,55.21,-0.0,55.37,ASK
951,1712707860.8106053,1390546.25950125,55.21,-0.0,55.37,ASK
952,1712707874.4132206,1390746.25950125,55.21,-4.791919998701772e-08,55.37,ASK
953,1712707874.4195633,1492541.06663634,55.22,-2.4389628603731377e-05,55.37,ASK
954,1712707874.4247775,1640728.99891447,55.21,-3.550523581249174e-05,55.37,ASK
955,1712707874.5327032,1667234.30679832,55.21,6.350565746018443e-06,55.37,BID
956,1712707874.7006688,1668581.44679832,55.21,3.227693553525307e-07,55.37,BID
957,1712707876.7376006,1682588.45679832,55.21,3.3560235670507874e-06,55.37,BID
958,1712707876.773355,1728440.28179832,55.21,1.098591385972368e-05,55.37,BID
959,1712707879.1144152,1732971.83579832,55.21,1.0857422118898513e-06,55.37,BID
960,1712707882.10435,1734421.41879832,55.21,3.473142883739296e-07,55.37,BID
961,1712707882.201878,1785257.71266885,55.21,1.218017266290367e-05,55.37,BID
962,1712707882.292765,1804775.21835127,55.21,4.67631629021819e-06,55.37,BID
963,1712707883.4727635,1815347.20059592,55.21,2.533004657202896e-06,55.37,BID
964,1712707884.5375524,1825347.20059592,55.21,2.395959999350886e-06,55.37,BID
965,1712707887.1819162,1839694.78959592,55.21,3.4376249331126584e-06,55.37,BID
966,1712707887.5016828,1858195.75852406,55.21,4.432758150105736e-06,55.37,BID
967,1712707890.165975,2010890.17076821,55.21,3.658497038613774e-05,55.37,BID
968,1712707890.613865,2010890.17076821,55.21,0.0,55.37,BID
969,1712707890.911224,2025358.69976821,55.21,3.4383855519344893e-06,55.37,BID
970,1712707893.2776127,2026805.55276821,55.21,3.438385789580024e-07,55.37,BID
971,1712707895.863093,2046589.81200121,55.21,4.7016466637674936e-06,55.37,BID
972,1712707895.885568,2068628.69564621,55.21,5.237448748641509e-06,55.37,BID
973,1712707898.069666,2080769.9565053,55.21,2.8853199879657543e-06,55.37,BID
974,1712707898.0856738,2181624.64409159,55.21,2.3967695723702345e-05,55.37,BID
975,1712707901.7226655,2207467.31927835,55.21,-6.141403938540802e-06,55.37,ASK
976,1712707901.7719555,2249859.71268835,55.21,1.00743754263385e-05,55.37,BID
977,1712707901.7868676,2292192.1390654,55.21,1.0060124511149584e-05,55.37,BID
978,1712707901.793954,2334750.6220914,55.21,1.0113845930629556e-05,55.37,BID
979,1712707902.118932,2343547.6649984,55.3,2.0905805442403e-06,55.37,BID
980,1712707911.783066,2365011.49843901,55.22,5.100790466765625e-06,55.37,BID
981,1712707911.8046613,2496673.64299821,55.22,3.128895933989282e-05,55.37,BID
982,1712707920.4419336,2496673.64299821,55.22,0.0,55.37,BID
983,1712707920.6164346,2496673.64299821,55.22,0.0,55.37,BID
984,1712707924.2029848,2496801.571946,55.22,-3.020921993870374e-08,55.37,ASK
985,1712707950.425042,2496801.571946,55.22,-0.0,55.37,ASK
986,1712707980.4743605,2496801.571946,55.22,-0.0,55.37,ASK
987,1712707980.819461,2496801.571946,55.22,-0.0,55.37,ASK
988,1712708010.5988193,2496801.571946,55.22,-0.0,55.37,ASK
989,1712708038.989844,2498159.73873814,55.28,-3.20717801585631e-07,55.37,ASK
990,1712708038.9956734,2512359.73873814,55.23,-3.353191087333644e-06,55.37,ASK
991,1712708039.0061226,2530921.05129498,55.22,-4.383072382733097e-06,55.37,ASK
992,1712708039.0096347,2564823.69077733,55.23,-8.00577665840155e-06,55.37,ASK
993,1712708039.0132046,2584823.69077733,55.24,-4.722804348357245e-06,55.37,ASK
994,1712708040.4555862,2584823.69077733,55.24,-0.0,55.37,ASK
995,1712708040.8042445,2584823.69077733,55.24,-0.0,55.37,ASK
996,1712708070.4377785,2584823.69077733,55.24,-0.0,55.37,ASK
997,1712708083.0125396,2585004.39189767,55.24,-4.2621871678660166e-08,55.37,ASK
998,1712708100.454819,2585004.39189767,55.24,-0.0,55.37,ASK
999,1712708100.662692,2585004.39189767,55.24,-0.0,55.37,ASK
1000,1712708108.9217844,2595004.39189767,55.26,-2.389174459003188e-06,55.37,ASK
1201,1712708108.92918,2600432.2913006,55.27,-1.2968198619518856e-06,55.37,ASK
1202,1712708108.9303012,2613815.97770505,55.24,-3.1975961724819827e-06,55.37,ASK
1203,1712708125.4264596,2624905.13009855,55.25,2.649391967054504e-06,55.37,BID
1204,1712708130.4048796,2624905.13009855,55.25,0.0,55.37,BID
1205,1712708160.6126676,2624905.13009855,55.25,0.0,55.37,BID
1206,1712708164.076789,2738940.67313662,55.24,-2.7230737842803608e-05,55.37,ASK
1207,1712708164.0848794,2740927.74319454,55.24,-4.744957789559093e-07,55.37,ASK
1208,1712708164.0859993,2775153.86457668,55.28,-8.172912706890791e-06,55.37,ASK
1209,1712708164.0871274,2928772.68732817,55.22,-3.668289533789855e-05,55.37,ASK
1210,1712708164.0882406,2946878.78908446,55.23,-4.323586288496588e-06,55.37,ASK
1211,1712708184.947523,2954962.87955956,55.22,-1.930413470749782e-06,55.37,ASK
1212,1712708190.61026,2954962.87955956,55.22,-0.0,55.37,ASK
1213,1712708220.4182773,2954962.87955956,55.22,-0.0,55.37,ASK
1214,1712708230.2874408,2955053.42646285,55.36,2.1528128894792172e-08,55.37,BID
1215,1712708250.4037015,2955053.42646285,55.36,0.0,55.37,BID
1216,1712708268.9737136,2956165.53809579,55.36,2.644116272987304e-07,55.37,BID
1217,1712708274.8393693,2956999.48408567,55.36,1.982759731418112e-07,55.37,BID
1218,1712708280.5927486,2956999.48408567,55.36,0.0,55.37,BID
1219,1712708299.71994,3006999.48408567,55.22,-1.1887514117259824e-05,55.37,ASK
1220,1712708305.2925026,3007267.66750746,55.22,-6.376068425079461e-08,55.37,ASK
1221,1712708310.613015,3007267.66750746,55.22,-0.0,55.37,ASK
1222,1712708340.2897248,3010889.54363929,55.22,-8.605341639614884e-07,55.37,ASK
1223,1712708340.2910075,3013788.46554567,55.22,-6.88764951725645e-07,55.37,ASK
1224,1712708340.4126377,3013788.46554567,55.22,-0.0,55.37,ASK
1225,1712708342.3326612,3018137.48754567,55.22,1.0332108896240576e-06,55.37,BID
1226,1712708344.8026285,3019540.89154567,55.21,3.334111198660528e-07,55.37,BID
1227,1712708348.4452698,3024974.68977062,55.21,1.2909246028275102e-06,55.37,BID
1228,1712708352.6991572,3031974.68877062,55.21,1.663011866612315e-06,55.37,BID
1229,1712708354.6382475,3038963.92177062,55.21,1.660454153996008e-06,55.37,BID
1230,1712708360.5064836,3038963.92234567,55.21,1.366163921661937e-13,55.37,BID
1231,1712708370.3861892,3038963.92234567,55.21,0.0,55.37,BID
1232,1712708370.569251,3039113.07953189,55.21,-3.5424045929034324e-08,55.37,ASK
1233,1712708370.571418,3039336.77994848,55.21,-5.312767042914552e-08,55.37,ASK
1234,1712708370.9678285,3044218.04094848,55.21,1.1592737717687818e-06,55.37,BID
1235,1712708372.95463,3047693.90494848,55.21,8.254993882596e-07,55.37,BID
1236,1712708399.7134094,3053203.00494848,55.21,1.3083822266524125e-06,55.37,BID
1237,1712708400.4735644,3053203.00494848,55.21,0.0,55.37,BID
1238,1712708407.482555,3067203.00494848,55.21,3.3829649610225814e-06,55.37,BID
1239,1712708414.0742133,3083990.91694848,55.21,4.056637004623612e-06,55.37,BID
1240,1712708416.7830887,3084502.79779164,55.2,-1.2369106833057893e-07,55.37,ASK
1241,1712708416.7853532,3085794.60903216,55.2,-3.121537259239561e-07,55.37,ASK
1242,1712708419.5323863,3091465.18203216,55.21,1.3702392691371588e-06,55.37,BID
1243,1712708419.7830012,3109091.95761173,55.2,-4.259340297249525e-06,55.37,ASK
1244,1712708419.7854724,3109969.99328308,55.2,-2.1216885076466162e-07,55.37,ASK
1245,1712708421.1829977,3115641.06228308,55.21,1.3703591227529875e-06,55.37,BID
1246,1712708425.9021127,3119360.69728308,55.21,8.988139194851767e-07,55.37,BID
1247,1712708428.33227,3137476.63931206,55.21,4.377542651425462e-06,55.37,BID
1248,1712708428.412401,3174166.02733406,55.21,8.865636722841965e-06,55.37,BID
1249,1712708430.4013748,3174166.02733406,55.21,0.0,55.37,BID
1250,1712708439.0126145,3174166.02733454,55.21,1.158238511899077e-16,55.37,BID
1251,1712708440.182056,3175979.26333406,55.22,4.374450781043143e-07,55.37,BID
1252,1712708443.612459,3175979.26396192,55.22,1.5147187120516508e-13,55.37,BID
1253,1712708451.076825,3176888.71705863,55.22,-2.194065091515441e-07,55.37,ASK
1254,1712708460.5991757,3176888.71705863,55.22,-0.0,55.37,ASK
1255,1712708490.5521743,3176888.71705863,55.22,-0.0,55.37,ASK
1256,1712708520.3928535,3176888.71705863,55.22,-0.0,55.37,ASK
1257,1712708550.3899083,3176888.71705863,55.22,-0.0,55.37,ASK
1258,1712708580.562239,3176888.71705863,55.22,-0.0,55.37,ASK
1259,1712708610.57211,3176888.71705863,55.22,-0.0,55.37,ASK
1260,1712708640.4209533,3176888.71705863,55.22,-0.0,55.37,ASK
1261,1712708670.4087253,3176888.71705863,55.22,-0.0,55.37,ASK
1262,1712708700.5621247,3176888.71705863,55.22,-0.0,55.37,ASK
1263,1712708721.4337356,3176980.0329128,55.24,-2.2798922118104563e-08,55.37,ASK
1264,1712708730.582411,3176980.0329128,55.24,-0.0,55.37,ASK
1265,1712708760.384694,3176980.0329128,55.24,-0.0,55.37,ASK
1266,1712708790.4230368,3176980.0329128,55.24,-0.0,55.37,ASK
1267,1712708820.6128256,3176980.0329128,55.24,-0.0,55.37,ASK
1268,1712708850.6030035,3176980.0329128,55.24,-0.0,55.37,ASK
1269,1712708880.53487,3176980.0329128,55.24,-0.0,55.37,ASK
1270,1712708910.4035203,3176980.0329128,55.24,-0.0,55.37,ASK
1271,1712708919.3933942,3189350.14350296,55.27,-3.0884541935850286e-06,55.37,ASK
1272,1712708919.396449,3226351.29192458,55.27,-9.238102697409862e-06,55.37,ASK
1273,1712708940.583412,3226351.29192458,55.27,-0.0,55.37,ASK
1274,1712708970.6092238,3226351.29192458,55.27,-0.0,55.37,ASK
1275,1712709000.5033977,3226351.29192458,55.27,-0.0,55.37,ASK
1276,1712709014.522993,3226531.69692458,55.36,4.577119084202552e-08,55.37,BID
1277,1712709024.392866,3227758.52592458,55.36,3.112631262415805e-07,55.37,BID
1278,1712709024.395244,3264032.79514619,55.37,9.203273186437217e-06,55.37,BID
1279,1712709024.4031236,3288762.33250931,55.36,6.2742184201305205e-06,55.37,BID
1280,1712709030.394342,3288762.33250931,55.36,0.0,55.37,BID
1281,1712709041.2862766,3304635.62150931,55.37,4.023740734725564e-06,55.37,BID
1282,1712709060.5954711,3304635.62150931,55.37,0.0,55.37,BID
1283,1712709068.3988066,3304726.93736348,55.36,2.3142618942999965e-08,55.37,BID
1284,1712709068.4003186,3304996.82793878,55.37,6.83996749219661e-08,55.37,BID
1285,1712709079.1975603,3315958.90233437,55.37,2.778171576741401e-06,55.37,BID
1286,1712709079.2000208,3564505.73740151,55.37,6.299042751893283e-05,55.37,BID
1287,1712709090.5958223,3564505.73740151,55.37,0.0,55.37,BID
1288,1712709120.4241602,3564505.73740151,55.37,0.0,55.37,BID
1289,1712709150.4148674,3564505.73740151,55.37,0.0,55.37,BID
1290,1712709155.695157,3564596.03900887,55.43,2.280242042953473e-08,55.43,BID
1291,1712709180.5664046,3564596.03900887,55.43,0.0,55.43,BID
1292,1712709200.1419842,3639728.24315946,55.37,-1.897190970969793e-05,55.43,ASK
1293,1712709210.6176665,3639728.24315946,55.37,-0.0,55.43,ASK
1294,1712709240.4138174,3639728.24315946,55.37,-0.0,55.43,ASK
1295,1712709270.4401028,3639728.24315946,55.37,-0.0,55.43,ASK
1296,1712709300.5923214,3639728.24315946,55.37,-0.0,55.43,ASK
1297,1712709330.598681,3639728.24315946,55.37,-0.0,55.43,ASK
1298,1712709359.9493186,3648607.52341988,55.37,2.2594099377948924e-06,55.43,BID
1299,1712709359.9525676,3656268.25657381,55.37,1.949340049095995e-06,55.43,BID
1300,1712709360.021943,3657059.86992328,55.37,-2.014328882777859e-07,55.43,ASK
1301,1712709360.4000676,3657059.86992328,55.37,-0.0,55.43,ASK
1302,1712709390.691579,3657059.86992328,55.37,-0.0,55.43,ASK
1303,1712709403.0231042,3657177.20783189,55.37,2.9850360169496846e-08,55.43,BID
1304,1712709420.590128,3657177.20783189,55.37,0.0,55.43,BID
1305,1712709450.6109307,3657177.20783189,55.37,0.0,55.43,BID
1306,1712709480.4426644,3657177.20783189,55.37,0.0,55.43,BID
1307,1712709510.4428222,3657177.20783189,55.37,0.0,55.43,BID
1308,1712709540.5979087,3657177.20783189,55.37,0.0,55.43,BID
1309,1712709549.4354875,3657336.82778184,55.37,4.060669887110513e-08,55.43,BID
1310,1712709549.4387476,3666031.90997332,55.37,2.21199533215435e-06,55.43,BID
1311,1712709570.6319675,3666031.90997332,55.37,0.0,55.43,BID
1312,1712709600.4084194,3666031.90997332,55.37,0.0,55.43,BID
1313,1712709630.3906076,3666031.90997332,55.37,0.0,55.43,BID
1314,1712709650.3233206,3666731.90997332,55.31,-1.8024876250125409e-07,55.43,ASK
1315,1712709650.325974,3700258.03135546,55.31,-8.632916986567978e-06,55.43,ASK
1316,1712709660.6129785,3700258.03135546,55.31,-0.0,55.43,ASK
1317,1712709676.4237337,3702067.33115643,55.27,-4.65664509118389e-07,55.43,ASK
1318,1712709676.427073,3702320.28467424,55.29,-6.510334862007056e-08,55.43,ASK
1319,1712709676.4302857,3702684.56484559,55.25,-9.375579828307088e-08,55.43,ASK
1320,1712709676.4329574,3702865.42937806,55.29,-4.654960647458357e-08,55.43,ASK
1321,1712709676.4354882,3703270.1118783,55.26,-1.041542577532114e-07,55.43,ASK
1322,1712709676.438001,3704497.60842605,55.25,-3.159241918039546e-07,55.43,ASK
1323,1712709690.594959,3704497.60842605,55.25,-0.0,55.43,ASK
1324,1712709698.7937748,3705407.06215062,55.25,-2.340545143804657e-07,55.43,ASK
1325,1712709720.3375542,3722098.28901581,55.37,4.295608333665245e-06,55.43,BID
1326,1712709720.3410144,3734404.49758497,55.37,3.167092060545496e-06,55.43,BID
1327,1712709720.414321,3734404.49758497,55.37,0.0,55.43,BID
1328,1712709731.5536802,3769640.33821621,55.37,9.064336545600654e-06,55.43,BID
1329,1712709750.4718173,3769640.33821621,55.37,0.0,55.43,BID
1330,1712709780.594603,3769640.33821621,55.37,0.0,55.43,BID
1331,1712709781.5544815,3771208.27321621,55.35,4.031452295725811e-07,55.43,BID
1332,1712709781.5575528,3800631.42974995,55.35,7.565240392965382e-06,55.43,BID
1333,1712709783.645755,3804695.55074995,55.35,1.044961043382411e-06,55.43,BID
1334,1712709788.5043275,3807064.31874995,55.35,6.09054277864851e-07,55.43,BID
1335,1712709791.9572332,3825099.86674995,55.34,4.637274592969233e-06,55.43,BID
1336,1712709792.0807002,3832379.61786435,55.34,1.871759310332246e-06,55.43,BID
1337,1712709792.0859034,3832489.40152863,55.35,2.8227420485869418e-08,55.43,BID
1338,1712709794.2644134,3850522.75852863,55.35,4.636711246147952e-06,55.43,BID
1339,1712709797.1843796,3851043.23730008,55.35,1.338247655699101e-07,55.43,BID
1340,1712709798.1245036,3855867.46430008,55.35,1.2403984230375269e-06,55.43,BID
1341,1712709800.034438,3856228.28730008,55.35,9.277429942568105e-08,55.43,BID
1342,1712709802.5120618,3856436.78930008,55.35,5.3609739342691976e-08,55.43,BID
1343,1712709805.0543082,3860501.68430008,55.35,1.0451600531676289e-06,55.43,BID
1344,1712709807.3243902,3861123.88630008,55.35,1.5997969822124622e-07,55.43,BID
1345,1712709809.534675,3871711.45730008,55.35,2.722261280863587e-06,55.43,BID
1346,1712709810.6144898,3871711.45730008,55.35,0.0,55.43,BID
1347,1712709815.819769,3871892.12577343,55.35,4.638584404866284e-08,55.43,BID
1348,1712709820.6150954,3877433.6795223,55.35,1.4227698015944077e-06,55.43,BID
1349,1712709824.0247376,3877614.34799565,55.35,4.638584404866284e-08,55.43,BID
1350,1712709829.7848768,3877795.016469,55.35,4.638584404866284e-08,55.43,BID
1351,1712709836.0149376,3887819.21846014,55.35,2.5736702239843752e-06,55.43,BID
1352,1712709836.3147802,3898346.56993744,55.35,2.702851664251495e-06,55.43,BID
1353,1712709840.419659,3898346.56993744,55.35,0.0,55.43,BID
1354,1712709867.325023,3899346.56993744,55.37,2.566485032576298e-07,55.43,BID
1355,1712709870.4221458,3899346.56993744,55.37,0.0,55.43,BID
1356,1712709899.3454108,3900249.58601112,55.37,2.317544303516477e-07,55.43,BID
1357,1712709900.43146,3900249.58601112,55.37,0.0,55.43,BID
1358,1712709916.5175602,3908925.3490597,55.37,2.247772831932909e-06,55.43,BID
1359,1712709930.3994775,3908925.3490597,55.37,0.0,55.43,BID
1360,1712709940.1655154,3909105.95227443,55.37,4.6786026614320056e-08,55.43,BID
1361,1712709949.8696792,3909286.55548916,55.37,4.6786026614320056e-08,55.43,BID
1362,1712709960.6057415,3909286.55548916,55.37,0.0,55.43,BID
1363,1712709964.3557825,3921373.23248916,55.37,3.131088573490055e-06,55.43,BID
1364,1712709964.5062182,3927312.37647087,55.37,1.5385523959517696e-06,55.43,BID
1365,1712709964.5098429,3940406.35686659,55.37,3.392033426436716e-06,55.43,BID
1366,1712709964.8858483,3952493.0338666,55.37,3.131088573492709e-06,55.43,BID
1367,1712709980.016393,3952593.0338666,55.43,2.5905288719886693e-08,55.43,BID
1368,1712709990.6239035,3952593.0338666,55.43,0.0,55.43,BID
1369,1712709991.791495,3952693.0338666,55.43,2.5889206882658472e-08,55.43,BID
1370,1712710020.3967323,3952693.0338666,55.43,0.0,55.43,BID
1371,1712710050.4164655,3952693.0338666,55.43,0.0,55.43,BID
1372,1712710080.6040714,3952693.0338666,55.43,0.0,55.43,BID
1373,1712710110.606881,3952693.0338666,55.43,0.0,55.43,BID
1374,1712710140.4270728,3952693.0338666,55.43,0.0,55.43,BID
1375,1712710170.403533,3952693.0338666,55.43,0.0,55.43,BID
1376,1712710200.4854972,3952693.0338666,55.43,0.0,55.43,BID
1377,1712710230.3992467,3952693.0338666,55.43,0.0,55.43,BID
1378,1712710249.3516135,3954676.52705596,55.43,5.180432086521263e-07,55.43,BID
1379,1712710260.6300774,3954676.52705596,55.43,0.0,55.43,BID
1380,1712710277.7587852,3962216.0229138,55.35,-1.969087917646157e-06,55.43,ASK
1381,1712710277.7618814,3962577.3598605,55.35,-9.43702641875995e-08,55.43,ASK
1382,1712710280.427856,3962776.46479185,55.31,-5.2000176412064415e-08,55.43,ASK
1383,1712710285.068349,3972651.88629185,55.41,2.579160931177121e-06,55.43,BID
1384,1712710285.072153,3986245.85768108,55.41,3.5503335130194005e-06,55.43,BID
1385,1712710285.1281388,3995249.85465293,55.41,-2.351571243235952e-06,55.43,ASK
1386,1712710290.6062346,3995249.85465293,55.41,-0.0,55.43,ASK
1387,1712710320.418203,3995249.85465293,55.41,-0.0,55.43,ASK
1388,1712710336.738196,3996557.55065293,55.34,3.413302108834626e-07,55.43,BID
1389,1712710338.6689773,4000859.12565293,55.34,1.1227819782892502e-06,55.43,BID
1390,1712710340.9609313,4006366.49665293,55.34,1.4375146095450055e-06,55.43,BID
1391,1712710346.2583036,4006691.1370577,55.34,8.473649672514755e-08,55.43,BID
1392,1712710350.4086018,4006691.1370577,55.34,0.0,55.43,BID
1393,1712710355.7684596,4007594.15313138,55.3,-2.356631327855119e-07,55.43,ASK
1394,1712710380.4289613,4007594.15313138,55.3,-0.0,55.43,ASK
1395,1712710395.9530137,4007774.81713138,55.33,4.714787545205596e-08,55.43,BID
1396,1712710397.538533,4007955.33913138,55.33,4.711081771883936e-08,55.43,BID
1397,1712710398.118942,4017052.3230577,55.3,-2.374039460810069e-06,55.43,ASK
1398,1712710398.1228006,4021620.89772421,55.3,-1.1922607125391693e-06,55.43,ASK
1399,1712710400.4939227,4021982.07672421,55.3,9.425686638129476e-08,55.43,BID
1400,1712710403.2385354,4022478.14272421,55.33,1.294583203295681e-07,55.43,BID
1401,1712710410.4021611,4022478.14272421,55.33,0.0,55.43,BID
1402,1712710440.6088393,4022478.14272421,55.33,0.0,55.43,BID
1403,1712710470.5994787,4022478.14272421,55.33,0.0,55.43,BID
1404,1712710487.3093443,4024478.14272421,55.26,-5.218278121850265e-07,55.43,ASK
1405,1712710487.4890018,4042539.16272421,55.26,4.712371276215009e-06,55.43,BID
1406,1712710490.4390016,4057147.10372421,55.26,3.8114149462790015e-06,55.43,BID
1407,1712710500.4410052,4057147.10372421,55.26,0.0,55.43,BID
1408,1712710524.8997648,4057147.10451224,55.26,2.083657213313651e-13,55.43,BID
1409,1712710530.4029517,4057147.10451224,55.26,0.0,55.43,BID
1410,1712710560.4518814,4057147.10451224,55.26,0.0,55.43,BID
1411,1712710590.4272275,4057147.10451224,55.26,0.0,55.43,BID
1412,1712710597.8764317,4058816.89278585,55.26,-4.415145983544405e-07,55.43,ASK
1413,1712710597.8804524,4069533.85689611,55.24,-2.833710225123429e-06,55.43,ASK
1414,1712710597.8827744,4081683.4281474,55.26,-3.212510924869653e-06,55.43,ASK
1415,1712710597.8877735,4089546.47787508,55.25,-2.079096671850376e-06,55.43,ASK
1416,1712710597.88959,4119838.59082454,55.23,-8.009644272607014e-06,55.43,ASK
1417,1712710620.599919,4119838.59082454,55.23,-0.0,55.43,ASK
1418,1712710627.2657187,4143864.78314395,55.23,-6.347038158134363e-06,55.43,ASK
1419,1712710627.2726223,4146248.01689372,55.23,-6.295827215751132e-07,55.43,ASK
1420,1712710627.3395898,4165222.12368072,55.23,5.01242053641243e-06,55.43,BID
1421,1712710627.4399426,4167107.46218072,55.22,-4.980529266317764e-07,55.43,ASK
1422,1712710650.629914,4167107.46218072,55.22,-0.0,55.43,ASK
1423,1712710680.423575,4167107.46218072,55.22,-0.0,55.43,ASK
1424,1712710703.2732697,4167107.46218078,55.23,1.5735003837026994e-17,55.43,BID
1425,1712710710.410103,4167107.46218078,55.23,0.0,55.43,BID
1426,1712710740.600327,4167107.46218078,55.23,0.0,55.43,BID
1427,1712710770.5937743,4167107.46218078,55.23,0.0,55.43,BID
1428,1712710800.7614872,4167107.46218078,55.23,0.0,55.43,BID
1429,1712710830.6208277,4167107.46218078,55.23,0.0,55.43,BID
1430,1712710839.1509645,4167291.08318702,55.24,-4.9430790964229154e-08,55.43,ASK
1431,1712710843.8921845,4169142.15624305,55.24,-4.983090288290745e-07,55.43,ASK
1432,1712710843.8964005,4171383.40646937,55.23,-6.033447572488429e-07,55.43,ASK
1433,1712710843.9002848,4173888.84544915,55.22,-6.744643928221796e-07,55.43,ASK
1434,1712710843.9035575,4175699.45562471,55.23,-4.874164178620946e-07,55.43,ASK
1435,1712710843.9067886,4273814.11712471,55.22,-2.641247547020851e-05,55.43,ASK
1436,1712710843.9607446,4329045.21690371,55.22,1.4868216898505625e-05,55.43,BID
1437,1712710844.0910594,4329045.21690377,55.22,1.6296287713303407e-17,55.43,BID
1438,1712710849.650955,4335310.14955868,55.29,1.6865204194819797e-06,55.43,BID
1439,1712710849.6544602,4336151.01290377,55.29,2.2636048615420162e-07,55.43,BID
1440,1712710860.4721131,4336151.01290377,55.29,0.0,55.43,BID
1441,1712710884.061756,4336151.01294886,55.29,1.2107799998986852e-14,55.43,BID
1442,1712710886.4326656,4337450.72694886,55.32,3.490060610541772e-07,55.43,BID
1443,1712710890.4147952,4337450.72694886,55.32,0.0,55.43,BID
1444,1712710893.973881,4339449.24294886,55.32,5.366417002834862e-07,55.43,BID
1445,1712710894.6011672,4339449.24344886,55.32,1.342600680319701e-13,55.43,BID
1446,1712710902.9817147,4340149.24344886,55.33,1.879640644350471e-07,55.43,BID
1447,1712710902.9884412,4343782.16733597,55.33,9.7551305657775e-07,55.43,BID
1448,1712710919.972072,4351534.4937092,55.34,2.0816553913418125e-06,55.43,BID
1449,1712710920.6114435,4351534.4937092,55.34,0.0,55.43,BID
1450,1712710950.624473,4351534.4937092,55.34,0.0,55.43,BID
1451,1712710957.5414689,4380381.96389351,55.34,-7.74450472630738e-06,55.43,ASK
1452,1712710980.459211,4380381.96389351,55.34,-0.0,55.43,ASK
1453,1712710995.231758,4392467.21415385,55.21,-3.243063659560241e-06,55.43,ASK
1454,1712711010.4123,4392467.21415385,55.21,-0.0,55.43,ASK
1455,1712711012.5416052,4452940.52173703,55.2,-1.6225040713201678e-05,55.43,ASK
1456,1712711012.5458534,4544182.07921452,55.21,-2.4480188763810568e-05,55.43,ASK
1457,1712711040.647227,4544182.07921452,55.21,-0.0,55.43,ASK
1458,1712711048.6062036,4544725.45903701,55.21,-1.4546239697166145e-07,55.43,ASK
1459,1712711048.6095896,4546535.74144107,55.24,-4.846113285614297e-07,55.43,ASK
1460,1712711048.8281634,4567461.97662507,55.21,5.601938466374407e-06,55.43,BID
1461,1712711048.832224,4688927.38790731,55.21,3.251620531896888e-05,55.43,BID
1462,1712711070.6123664,4688927.38790731,55.21,0.0,55.43,BID
1463,1712711086.5120008,4689108.58015229,55.21,-4.840149127947022e-08,55.43,ASK
1464,1712711100.4314342,4689108.58015229,55.21,-0.0,55.43,ASK
1465,1712711130.4222224,4689108.58015229,55.21,-0.0,55.43,ASK
1466,1712711160.6256087,4689108.58015229,55.21,-0.0,55.43,ASK
1467,1712711190.6046948,4689108.58015229,55.21,-0.0,55.43,ASK
1468,1712711214.4497745,4689289.6411223,55.21,-4.88490750235891e-08,55.43,ASK
1469,1712711214.4518652,4691468.47104429,55.21,-5.878341771663916e-07,55.43,ASK
1470,1712711220.4070632,4691468.47104429,55.21,-0.0,55.43,ASK
1471,1712711226.1217165,4693899.12610617,55.2,-6.557519155999907e-07,55.43,ASK
1472,1712711226.1261916,4694261.44494674,55.2,-9.774783657613949e-08,55.43,ASK
1473,1712711226.1305351,4694261.44494685,55.21,-2.964820285978391e-17,55.43,ASK
1474,1712711226.134395,4694376.27883425,55.2,-3.0980348803653745e-08,55.43,ASK
1475,1712711226.1364958,4719179.55377138,55.2,-6.691527443879944e-06,55.43,ASK
1476,1712711226.24691,4819539.94307317,55.2,-2.707563017358125e-05,55.43,ASK
1477,1712711226.248885,4919179.55377138,55.2,-2.688117561792111e-05,55.43,ASK
1478,1712711226.3012998,4938117.36008597,55.2,-5.109117687166951e-06,55.43,ASK
1479,1712711226.3210535,4964467.47930505,55.2,-7.108841326434314e-06,55.43,ASK
1480,1712711226.347582,4964667.47930505,55.19,-5.3956805791502366e-08,55.43,ASK
1481,1712711226.4610898,4964848.7043866,55.18,-4.889163264870114e-08,55.43,ASK
1482,1712711226.4733498,4967848.7043866,55.17,-8.093520868725354e-07,55.43,ASK
1483,1712711226.4767349,4968048.7043866,55.18,-5.3956805791502366e-08,55.43,ASK
1484,1712711226.482284,4968139.33504988,55.18,-2.445070548662001e-08,55.43,ASK
1485,1712711226.4842885,4968520.59297991,55.17,-1.0285730043552554e-07,55.43,ASK
1486,1712711226.6918025,4978301.42978491,55.21,2.638713559828809e-06,55.43,BID
1487,1712711226.7026606,4984615.59457146,55.2,1.7034608156171649e-06,55.43,BID
1488,1712711226.8316565,4986225.39957951,55.21,-4.342996809077234e-07,55.43,ASK
1489,1712711228.1314878,4986633.25372977,55.21,-1.1003253588414941e-07,55.43,ASK
1490,1712711228.139254,5023375.37103851,55.2,-9.912436439981544e-06,55.43,ASK
1491,1712711231.421209,5023375.37103887,55.2,-9.698479918539484e-17,55.43,ASK
1492,1712711231.4354656,5026647.79462661,55.15,-8.828476199562004e-07,55.43,ASK
1493,1712711231.438972,5041047.79462661,55.16,-3.88489001698817e-06,55.43,ASK
1494,1712711250.4283848,5041047.79462661,55.16,-0.0,55.43,ASK
1495,1712711274.940769,5041583.06937518,55.15,-1.4366071441623533e-07,55.43,ASK
1496,1712711274.9512515,5042764.39303688,55.15,-3.170517601478458e-07,55.43,ASK
1497,1712711274.954724,5042964.39303688,55.15,-5.3677374021547583e-08,55.43,ASK
1498,1712711274.958199,5045012.15409561,55.16,-5.495921812810718e-07,55.43,ASK
1499,1712711280.6204903,5045012.15409561,55.16,-0.0,55.43,ASK
1500,1712711287.8261366,5045012.15409664,55.15,-2.7643373218694263e-16,55.43,ASK
1501,1712711287.830525,5045393.51064361,55.14,-1.0234508400675277e-07,55.43,ASK
1502,1712711287.832626,5045549.78850421,55.13,-4.1940464635076994e-08,55.43,ASK
1503,1712711305.0144024,5045593.51064361,55.13,-1.173375956266898e-08,55.43,ASK
1504,1712711305.1304777,5054347.70406681,55.13,2.3493727023364573e-06,55.43,BID
1505,1712711307.6019158,5054885.33847541,55.13,-1.4428554891801354e-07,55.43,ASK
1506,1712711310.6205077,5054885.33847541,55.13,-0.0,55.43,ASK
1507,1712711310.8731346,5055085.33847541,55.12,-5.36663847331574e-08,55.43,ASK
1508,1712711310.8752935,5056085.33847541,55.11,-2.6833192366578696e-07,55.43,ASK
1509,1712711310.8798373,5056266.76082664,55.12,-4.868140850149876e-08,55.43,ASK
1510,1712711310.883397,5057576.25199566,55.11,-3.5137828440664e-07,55.43,ASK
1511,1712711310.887109,5057757.47707721,55.11,-4.862847474878919e-08,55.43,ASK
1512,1712711340.4028544,5057757.47707721,55.11,-0.0,55.43,ASK
1513,1712711370.400759,5057757.47707721,55.11,-0.0,55.43,ASK
1514,1712711376.5605605,5066909.04635785,55.11,-2.4555538935308853e-06,55.43,ASK
1515,1712711376.5652506,5067614.10790158,55.11,-1.89182485079146e-07,55.43,ASK
1516,1712711398.2002258,5072099.21733825,55.11,-1.2034469283238124e-06,55.43,ASK
1517,1712711400.493264,5072099.21733825,55.11,-0.0,55.43,ASK
1518,1712711430.5638802,5072099.21733825,55.11,-0.0,55.43,ASK
1519,1712711441.568887,5080991.18504756,55.2,-2.4650418124939563e-06,55.43,ASK
1520,1712711460.6107163,5080991.18504756,55.2,-0.0,55.43,ASK
1521,1712711490.588658,5080991.18504756,55.2,-0.0,55.43,ASK
1522,1712711520.405802,5080991.18504756,55.2,-0.0,55.43,ASK
1523,1712711550.415235,5080991.18504756,55.2,-0.0,55.43,ASK
1524,1712711580.6317432,5080991.18504756,55.2,-0.0,55.43,ASK
1525,1712711603.1790924,5081687.49048839,55.2,-1.9300435625939737e-07,55.43,ASK
1526,1712711610.6147244,5081687.49048839,55.2,-0.0,55.43,ASK
1527,1712711640.4161482,5081687.49048839,55.2,-0.0,55.43,ASK
1528,1712711649.3682532,5083035.43466188,55.2,-3.736238589545708e-07,55.43,ASK
1529,1712711670.4189932,5083035.43466188,55.2,-0.0,55.43,ASK
1530,1712711700.463092,5083035.43466188,55.2,-0.0,55.43,ASK
1531,1712711709.5216098,5100191.33624156,55.2,4.782415240055721e-06,55.43,BID
1532,1712711730.427709,5100191.33624156,55.2,0.0,55.43,BID
1533,1712711743.585436,5109244.78053356,55.2,-2.5230911205614795e-06,55.43,ASK
1534,1712711743.58775,5109244.7805339,55.2,-9.473535701440779e-17,55.43,ASK
1535,1712711760.5999846,5109244.7805339,55.2,-0.0,55.43,ASK
1536,1712711763.619367,5109339.8115339,55.12,-2.6480362065357826e-08,55.43,ASK
1537,1712711763.624303,5119818.2572364,55.11,-2.919816018805916e-06,55.43,ASK
1538,1712711778.1176038,5124662.175428,55.11,-1.3497564744976245e-06,55.43,ASK
1539,1712711784.368647,5139876.41815065,55.11,-4.239444558556771e-06,55.43,ASK
1540,1712711790.6109135,5139876.41815065,55.11,-0.0,55.43,ASK
1541,1712711820.418944,5139876.41815065,55.11,-0.0,55.43,ASK
1542,1712711850.5795832,5139876.41815065,55.11,-0.0,55.43,ASK
1543,1712711858.2884426,5140414.05255925,55.11,-1.497412433705599e-07,55.43,ASK
1544,1712711880.628848,5140414.05255925,55.11,-0.0,55.43,ASK
1545,1712711903.312106,5141138.55898924,55.21,2.017869330080897e-07,55.43,BID
1546,1712711910.6212544,5141138.55898924,55.21,0.0,55.43,BID
1547,1712711933.5990849,5166138.55898924,55.11,-6.962832786627146e-06,55.43,ASK
1548,1712711940.6095357,5166138.55898924,55.11,-0.0,55.43,ASK
1549,1712711954.9286182,5191138.55898924,55.11,-6.960162021320545e-06,55.43,ASK
1550,1712711961.3915398,5208667.95887957,55.11,-4.880298534928529e-06,55.43,ASK
1551,1712711970.446162,5208667.95887957,55.11,-0.0,55.43,ASK
1552,1712712000.459923,5208667.95887957,55.11,-0.0,55.43,ASK
1553,1712712016.4776337,5215823.31738925,55.11,-2.0086400827106247e-06,55.43,ASK
1554,1712712030.4120235,5215823.31738925,55.11,-0.0,55.43,ASK
1555,1712712047.8235734,5296427.63924658,55.11,-2.2624603815186723e-05,55.43,ASK
1556,1712712047.827875,5314466.79604225,55.11,-5.063360949608136e-06,55.43,ASK
1557,1712712047.9199188,5314466.7960427,55.11,-1.265226111207949e-16,55.43,ASK
1558,1712712047.9221416,5319911.4421407,55.1,-1.528242630701441e-06,55.43,ASK
1559,1712712047.927428,5364187.0969019,55.1,-1.2427610884229937e-05,55.43,ASK
1560,1712712048.0174065,5364387.0969019,55.09,-5.6137445967803713e-08,55.43,ASK
1561,1712712048.297989,5364894.10580128,55.06,-1.4231092347056761e-07,55.43,ASK
1562,1712712048.308004,5364984.91749548,55.07,-2.548968288202836e-08,55.43,ASK
1563,1712712048.3119142,5374065.92003816,55.06,-2.548921447865969e-06,55.43,ASK
1564,1712712048.3158064,5374265.92003816,55.08,-5.6137445967803713e-08,55.43,ASK
1565,1712712048.319625,5374465.92003816,55.07,-5.6137445967803713e-08,55.43,ASK
1566,1712712048.323484,5374665.92003729,55.06,-5.6137445723646447e-08,55.43,ASK
1567,1712712048.3272743,5375573.6905529,55.08,-2.547995913559773e-07,55.43,ASK
1568,1712712059.533353,5378926.6618519,55.08,-9.411362256460694e-07,55.43,ASK
1569,1712712059.7247584,5378926.66185229,55.08,-1.095309381396964e-16,55.43,ASK
1570,1712712060.6073897,5378926.66185229,55.08,-0.0,55.43,ASK
1571,1712712090.5982285,5378926.66185229,55.08,-0.0,55.43,ASK
1572,1712712090.8498223,5388484.76185229,55.08,2.67608572109302e-06,55.43,BID
1573,1712712093.470085,5396523.46185229,55.08,2.2506826969954067e-06,55.43,BID
1574,1712712094.9805038,5569235.76375542,55.05,-4.835615080194729e-05,55.43,ASK
1575,1712712094.985044,5569235.76375629,55.06,-2.435428910325898e-16,55.43,ASK
1576,1712712101.327585,5703505.10248729,55.05,-3.7592854244948855e-05,55.43,ASK
1577,1712712101.3304963,5788076.10320829,55.05,-2.367826738033969e-05,55.43,ASK
1578,1712712101.4880114,6065347.18888275,55.05,-7.763061625693505e-05,55.43,ASK
1579,1712712101.6118145,6074101.38230594,55.05,-2.451007210584114e-06,55.43,ASK
1580,1712712107.5661883,6086631.03375628,55.05,-3.508063457855676e-06,55.43,ASK
1581,1712712110.2375455,6363902.11943074,55.05,-7.763061625693505e-05,55.43,ASK
1582,1712712111.4474463,6472073.08315174,55.05,-3.0285806954378964e-05,55.43,ASK
1583,1712712113.378199,6511296.29774909,55.05,-1.0981752076180382e-05,55.43,ASK
1584,1712712120.4218633,6511296.29774909,55.05,-0.0,55.43,ASK
1585,1712712125.2079847,6545198.93723144,55.05,-9.329265989950577e-06,55.43,ASK
1586,1712712125.6954172,6554096.23723144,55.06,2.4483426529547515e-06,55.43,BID
1587,1712712125.8573165,6555600.30952776,55.05,-4.138878486966899e-07,55.43,ASK
1588,1712712141.3537314,6596812.37999633,55.06,1.1340661767589822e-05,55.43,BID
1589,1712712143.537278,6633901.18312019,55.06,1.020602864185666e-05,55.43,BID
1590,1712712146.3314445,6667279.25068284,55.06,9.184915253711018e-06,55.43,BID
1591,1712712149.4676633,6672966.54805064,55.06,1.5650200314277796e-06,55.43,BID
1592,1712712149.471682,6697317.84312744,55.06,6.700944600183955e-06,55.43,BID
1593,1712712150.468905,6697317.84312744,55.06,0.0,55.43,BID
1594,1712712150.952289,6711523.49912744,55.05,-3.898099997449058e-06,55.43,ASK
1595,1712712153.997888,6746475.77941211,55.05,-9.591072998565326e-06,55.43,ASK
1596,1712712157.798665,6770664.32887488,55.06,6.637453743714318e-06,55.43,BID
1597,1712712158.4525285,6773509.01043281,55.06,-7.805942346982529e-07,55.43,ASK
1598,1712712158.4550004,6785377.13707983,55.05,-3.2566707551185994e-06,55.43,ASK
1599,1712712172.0674834,6786377.13707983,55.05,-2.744047861956492e-07,55.43,ASK
1600,1712712174.940953,6828897.86500775,55.05,-1.1667891255944116e-05,55.43,ASK
1601,1712712175.651877,6835883.42600775,55.05,-1.916871372661853e-06,55.43,ASK
1602,1712712178.8428626,6838806.11900775,55.05,-8.020009477805124e-07,55.43,ASK
1603,1712712178.9179437,6874949.2083581,55.05,-9.917836705632837e-06,55.43,ASK
1604,1712712178.920371,6875040.05304474,55.05,-2.4928216814577e-08,55.43,ASK
1605,1712712178.9227898,6875741.00569823,55.05,-1.9234476301419842e-07,55.43,ASK
1606,1712712180.5889163,6875741.00569823,55.05,-0.0,55.43,ASK
1607,1712712193.475175,6876294.63942076,55.05,-1.5151136988955421e-07,55.43,ASK
1608,1712712193.477676,6879309.19669823,55.05,-8.249853362128756e-07,55.43,ASK
1609,1712712208.3572242,6885479.24969823,55.05,-1.6885408967676667e-06,55.43,ASK
1610,1712712210.617485,6885479.24969823,55.05,-0.0,55.43,ASK
1611,1712712216.7240002,6886024.20882629,55.05,-1.4911554144678076e-07,55.43,ASK
1612,1712712216.7293725,6891569.77069823,55.05,-1.5174155612441431e-06,55.43,ASK
1613,1712712240.429569,6891569.77069823,55.05,-0.0,55.43,ASK
1614,1712712265.063954,6891571.31304125,55.05,-4.2198800802499455e-10,55.43,ASK
1615,1712712266.1339571,6891771.31304125,55.04,-5.472038352465107e-08,55.43,ASK
1616,1712712266.6880856,6892334.7511659,55.03,-1.5415775136633401e-07,55.43,ASK
1617,1712712266.690663,6893334.7511659,55.03,-2.7360191762325535e-07,55.43,ASK
1618,1712712266.6931443,6901261.76569823,55.03,-2.168846377072768e-06,55.43,ASK
1619,1712712266.697748,6919433.67193119,55.03,-4.971868392207986e-06,55.43,ASK
1620,1712712269.9956546,6933680.56593119,55.03,-3.897977518575084e-06,55.43,ASK
1621,1712712270.433817,6933680.56593119,55.03,-0.0,55.43,ASK
1622,1712712271.648508,6951841.90793119,55.03,-4.965829493613285e-06,55.43,ASK
1623,1712712274.2332754,6970001.02093119,55.03,-4.965220021364887e-06,55.43,ASK
1624,1712712277.7980125,6972104.10593119,55.03,-5.750434918617473e-07,55.43,ASK
1625,1712712279.821006,6972318.42993119,55.03,-5.860230154738975e-08,55.43,ASK
