,time,acc_trade_volume,trade_price,dev,high,ask_bid
0,1712689619.117409,98641522.09868068,214.6,0.0,232.0,ASK
1,1712689620.3519263,98641522.09868068,214.6,-0.0,232.0,ASK
2,1712689647.0023055,98641791.93203104,214.5,-1.1007559948648304e-08,232.0,ASK
3,1712689647.003853,98642957.05540109,214.5,-4.7529948859613695e-08,232.0,ASK
4,1712689647.011953,98642957.06477188,214.6,-3.8227181636772674e-13,232.0,ASK
5,1712689647.013142,98667022.09868068,214.5,-9.817070538669945e-07,232.0,ASK
6,1712689647.5718403,98677162.44868068,214.5,-4.136646206857981e-07,232.0,ASK
7,1712689647.9924655,98681822.26868068,214.5,-1.900923215439737e-07,232.0,ASK
8,1712689650.3618789,98681822.26868068,214.5,-0.0,232.0,ASK
9,1712689651.2421336,98688856.01617011,214.5,-2.86832979907118e-07,232.0,ASK
10,1712689651.4220774,98693514.68317012,214.5,-1.899782925129856e-07,232.0,ASK
11,1712689653.4138246,98695666.44617012,214.5,-8.77479031300223e-08,232.0,ASK
12,1712689658.532229,98695882.25017013,214.5,-8.800387629841924e-09,232.0,ASK
13,1712689662.4318209,98706025.01017012,214.5,-4.136170767652656e-07,232.0,ASK
14,1712689669.4019885,98706541.54204746,214.5,-2.106393182537945e-08,232.0,ASK
15,1712689675.0220935,98708346.54204746,214.5,-7.360706785549557e-08,232.0,ASK
16,1712689680.362812,98708346.54204746,214.5,-0.0,232.0,ASK
17,1712689688.9626093,98709167.97796331,214.5,-3.3490007817529754e-08,232.0,ASK
18,1712689688.9638822,98718378.3400113,214.5,-3.75507195430195e-07,232.0,ASK
19,1712689689.762591,98718424.96005791,214.5,-1.900703019516879e-09,232.0,ASK
20,1712689689.7723062,98725811.2625308,214.5,-3.0114014104370186e-07,232.0,ASK
21,1712689689.773842,98732295.0018613,214.5,-2.6434256972875893e-07,232.0,ASK
22,1712689689.7823138,98733119.7852992,214.5,-3.362648655794681e-08,232.0,ASK
23,1712689689.8023725,98739693.7936908,214.5,-2.680228465503306e-07,232.0,ASK
24,1712689689.8056586,98740516.93919958,214.5,-3.3559708058007804e-08,232.0,ASK
25,1712689691.1722147,98761126.93919958,214.5,-8.402713441117442e-07,232.0,ASK
26,1712689693.0825648,98762252.42379658,214.5,-4.588609680233642e-08,232.0,ASK
27,1712689693.08431,98762252.4237966,214.5,-1.2150430611528512e-18,232.0,ASK
28,1712689700.9942577,98767539.0045466,214.4,-2.15534318901537e-07,232.0,ASK
29,1712689708.8826022,98771149.0045466,214.4,-1.47179987978816e-07,232.0,ASK
30,1712689709.9419842,98775809.97946756,214.4,-1.900283193452084e-07,232.0,ASK
31,1712689710.351934,98775809.97946756,214.4,-0.0,232.0,ASK
32,1712689710.911807,98776658.52286156,214.4,-3.4574785340841695e-08,232.0,ASK
33,1712689710.9317777,98777301.1858046,214.4,-2.618597170101689e-08,232.0,ASK
34,1712689727.0321455,98778142.38970172,214.4,-3.427572988834961e-08,232.0,ASK
35,1712689727.033789,98778666.10962138,214.4,-2.1339514195227266e-08,232.0,ASK
36,1712689740.5521915,98778666.10962138,214.4,-0.0,232.0,ASK
37,1712689760.1719823,98788812.36962138,214.4,-4.134096279378216e-07,232.0,ASK
38,1712689761.2320662,98793372.33314168,214.4,-1.8579583238863362e-07,232.0,ASK
39,1712689765.0918927,98795117.66108067,214.4,-7.111343232803274e-08,232.0,ASK
40,1712689769.9019892,98795919.31852324,214.4,-3.266355337495426e-08,232.0,ASK
41,1712689770.0437005,98796563.10600106,214.4,-2.623113754988672e-08,232.0,ASK
42,1712689770.531733,98796563.10600106,214.4,-0.0,232.0,ASK
43,1712689777.375476,98810549.11998709,214.4,-5.697714240983084e-07,232.0,ASK
44,1712689777.3768394,98819873.12931108,214.4,-3.798476160653366e-07,232.0,ASK
45,1712689777.432135,98847809.15371206,214.4,-1.1380761110724866e-06,232.0,ASK
46,1712689777.4521573,98954155.51480308,214.4,-4.33240790886665e-06,232.0,ASK
47,1712689777.4534633,98974765.51480308,214.4,-8.396237171230854e-07,232.0,ASK
48,1712689777.47272,99009278.02518608,214.4,-1.4059933165954325e-06,232.0,ASK
49,1712689777.4761405,99010518.25069584,214.4,-5.0525121425419e-08,232.0,ASK
50,1712689777.4927647,99019842.26001984,214.4,-3.798476160653366e-07,232.0,ASK
51,1712689777.4944985,99033828.27400585,214.4,-5.697714240983084e-07,232.0,ASK
52,1712689777.5125344,99036391.9812202,214.4,-1.0444198839980097e-07,232.0,ASK
53,1712689777.5319571,99066636.2307792,214.4,-1.2321101036548244e-06,232.0,ASK
54,1712689777.5525732,99089270.41751818,214.4,-9.220863660288836e-07,232.0,ASK
55,1712689777.5543413,99110957.70275192,214.4,-8.835108705614054e-07,232.0,ASK
56,1712689777.5562158,99111050.72600774,214.4,-3.789642495012261e-09,232.0,ASK
57,1712689777.5727017,99115714.90511222,214.4,-1.900123918985416e-07,232.0,ASK
58,1712689777.5745034,99117401.1173494,214.4,-6.869402166066905e-08,232.0,ASK
59,1712689777.582062,99120494.10125796,214.4,-1.2600401001080944e-07,232.0,ASK
60,1712689777.6728272,99120517.4796994,214.3,-9.52406302803695e-10,232.0,ASK
61,1712689777.6746805,99122926.86301231,214.3,-9.815503994046616e-08,232.0,ASK
62,1712689777.681965,99163216.64367776,214.3,-1.6413515480054594e-06,232.0,ASK
63,1712689777.6923032,99230845.57172158,214.3,-2.755111690887702e-06,232.0,ASK
64,1712689800.3622072,99230845.57172158,214.3,-0.0,232.0,ASK
65,1712689804.4822602,99231934.66226175,214.3,-4.420675093989672e-08,232.0,ASK
66,1712689805.552093,99232587.07327925,214.3,-2.6481702206514533e-08,232.0,ASK
67,1712689810.9723718,99233121.97072406,214.3,-2.17117652289898e-08,232.0,ASK
68,1712689816.7954583,99234571.58489692,214.3,-5.884059252646473e-08,232.0,ASK
69,1712689816.812323,99235996.28489693,214.3,-5.782931330362503e-08,232.0,ASK
70,1712689816.953053,99237048.56644288,214.3,-4.2712654738436046e-08,232.0,ASK
71,1712689821.0520518,99249565.56644288,214.4,5.080715340966737e-07,232.0,BID
72,1712689821.1319685,99250431.70295008,214.4,-3.515693089054105e-08,232.0,ASK
73,1712689821.2518897,99251297.4922012,214.4,-3.5142835584630355e-08,232.0,ASK
74,1712689821.3519535,99252957.56474988,214.4,-6.73832073592587e-08,232.0,ASK
75,1712689821.4319975,99253619.48630148,214.4,-2.6867739727819183e-08,232.0,ASK
76,1712689821.5551596,99255428.35633856,214.4,-7.342297473258235e-08,232.0,ASK
77,1712689821.6120863,99269414.37032457,214.4,-5.676995751192614e-07,232.0,ASK
78,1712689821.6920009,99270243.33154732,214.4,-3.3647966777846595e-08,232.0,ASK
79,1712689821.7117934,99271393.40755863,214.4,-4.668218290237426e-08,232.0,ASK
80,1712689822.982278,99281409.39755864,214.4,-4.065542386196204e-07,232.0,ASK
81,1712689828.5621629,99283013.02539764,214.4,-6.50920872637511e-08,232.0,ASK
82,1712689829.6523404,99283013.02539808,214.4,-1.8145376274458737e-17,232.0,ASK
83,1712689830.364491,99283013.02539808,214.4,-0.0,232.0,ASK
84,1712689832.8620715,99283837.46699136,214.3,-3.3449327753543485e-08,232.0,ASK
85,1712689833.9421258,99284661.95770676,214.3,-3.3451320741970966e-08,232.0,ASK
86,1712689834.3719056,99314038.16830876,214.3,-1.191854589357254e-06,232.0,ASK
87,1712689835.4126408,99314686.77622736,214.3,-2.6315386111455565e-08,232.0,ASK
88,1712689836.0521665,99315234.35452452,214.3,-2.221640208651316e-08,232.0,ASK
89,1712689838.2622826,99316060.56565468,214.3,-3.352112158301944e-08,232.0,ASK
90,1712689851.802575,99321204.64566338,214.3,-2.087061346840581e-07,232.0,ASK
91,1712689851.9821074,99341814.64566338,214.3,-8.361910056901732e-07,232.0,ASK
92,1712689852.0220144,99346034.39879552,214.3,-1.7120425110802588e-07,232.0,ASK
93,1712689852.1220725,99354679.46878716,214.3,-3.5074865456408453e-07,232.0,ASK
94,1712689852.2020187,99360154.67300832,214.3,-2.2214053973982285e-07,232.0,ASK
95,1712689852.221944,99361052.38560048,214.3,-3.6422086136803776e-08,232.0,ASK
96,1712689852.5622115,99361688.9331678,214.3,-2.582607231753551e-08,232.0,ASK
97,1712689852.6722972,99363479.9142149,214.3,-7.266386428694426e-08,232.0,ASK
98,1712689853.9125023,99364291.0246536,214.3,-3.290845480245346e-08,232.0,ASK
99,1712689854.652315,99364823.03083567,214.3,-2.1584608657074465e-08,232.0,ASK
100,1712689854.772065,99366613.95249178,214.3,-7.266145466840047e-08,232.0,ASK
101,1712689855.241917,99367518.88020964,214.3,-3.671481894665216e-08,232.0,ASK
102,1712689855.5619977,99377345.38020964,214.3,-3.986817524218577e-07,232.0,ASK
103,1712689857.6921315,99378188.08026348,214.3,-3.41901118627581e-08,232.0,ASK
104,1712689857.7319124,99379132.10391007,214.3,-3.830102292406134e-08,232.0,ASK
105,1712689857.7523592,99381442.92069064,214.3,-9.375469227053517e-08,232.0,ASK
106,1712689857.7569768,99382121.40210544,214.3,-2.7527416622001813e-08,232.0,ASK
107,1712689857.8723114,99384622.78364216,214.3,-1.0148630484323209e-07,232.0,ASK
108,1712689860.5319543,99384622.78364216,214.3,-0.0,232.0,ASK
109,1712689868.1723542,99397139.78364216,214.4,5.07392731372249e-07,232.0,BID
110,1712689869.5422,99398479.78364216,214.4,-5.431862746974624e-08,232.0,ASK
111,1712689871.3929348,99400412.6764676,214.4,-7.835230248059504e-08,232.0,ASK
112,1712689871.4743035,99401604.89565834,214.4,-4.8328141853458615e-08,232.0,ASK
113,1712689874.9823115,99403057.08468936,214.4,-5.886635447075168e-08,232.0,ASK
114,1712689875.3020933,99404023.24577752,214.4,-3.916458524239208e-08,232.0,ASK
115,1712689875.722253,99404657.23867172,214.4,-2.5699719282574812e-08,232.0,ASK
116,1712689875.7720091,99405419.70892347,214.4,-3.0907714597743094e-08,232.0,ASK
117,1712689876.0118785,99406348.70892347,214.4,-3.765821262641362e-08,232.0,ASK
118,1712689879.6225383,99407210.98559023,214.4,-3.4953496297331733e-08,232.0,ASK
119,1712689880.8722074,99408058.34828465,214.4,-3.43489392005537e-08,232.0,ASK
120,1712689880.8921688,99408901.50195952,214.4,-3.417832116794827e-08,232.0,ASK
121,1712689880.951987,99409574.0453291,214.4,-2.7262412499451345e-08,232.0,ASK
122,1712689881.3925424,99411379.0453291,214.4,-7.31680019275313e-08,232.0,ASK
123,1712689890.521953,99411379.0453291,214.4,-0.0,232.0,ASK
124,1712689914.272449,99412074.97406366,214.4,-2.8203809955224933e-08,232.0,ASK
125,1712689914.7619965,99421714.27406366,214.4,-3.906506108976888e-07,232.0,ASK
126,1712689917.7319627,99422222.76919664,214.4,-2.060771366575028e-08,232.0,ASK
127,1712689919.9420896,99422990.89802256,214.4,-3.1129853317896545e-08,232.0,ASK
128,1712689919.9831982,99423790.6200266,214.4,-3.241022578744181e-08,232.0,ASK
129,1712689920.06206,99424598.54509386,214.4,-3.274267022347156e-08,232.0,ASK
130,1712689920.263582,99425704.62337816,214.4,-4.482588543419585e-08,232.0,ASK
131,1712689920.341927,99425704.62337816,214.4,-0.0,232.0,ASK
132,1712689920.702198,99427047.90149496,214.4,-5.4432075651364334e-08,232.0,ASK
133,1712689921.8125627,99428031.73113756,214.5,3.986656885605669e-08,232.0,BID
134,1712689921.8150036,99430081.3513784,214.5,8.305434489817616e-08,232.0,BID
135,1712689923.1522574,99430844.39177889,214.4,-3.09197866664915e-08,232.0,ASK
136,1712689923.7322297,99431415.3055919,214.4,-2.3134467443504093e-08,232.0,ASK
137,1712689932.0927484,99432284.4298862,214.4,-3.5218499242625026e-08,232.0,ASK
138,1712689942.862992,99433090.83995008,214.4,-3.267720441058216e-08,232.0,ASK
139,1712689942.9223397,99433413.23346944,214.4,-1.3063972543564329e-08,232.0,ASK
140,1712689942.923879,99433897.1463301,214.4,-1.9609030409426732e-08,232.0,ASK
141,1712689942.9423084,99434092.99441522,214.4,-7.936121084900833e-09,232.0,ASK
142,1712689942.9439118,99434711.84023458,214.4,-2.5076759633678443e-08,232.0,ASK
143,1712689950.3619325,99434711.84023458,214.4,-0.0,232.0,ASK
144,1712689980.521871,99434711.84023458,214.4,-0.0,232.0,ASK
145,1712690010.531994,99434711.84023458,214.4,-0.0,232.0,ASK
146,1712690013.262117,99435491.19323458,214.4,-3.15783314004694e-08,232.0,ASK
147,1712690036.0421546,99435492.24814656,214.4,-4.274360949662266e-11,232.0,ASK
148,1712690036.4427288,99439309.10414656,214.3,-1.5465385220250233e-07,232.0,ASK
149,1712690038.7520854,99440427.75414656,214.3,-4.5326187775395634e-08,232.0,ASK
150,1712690038.8524697,99442098.83020791,214.3,-6.770974598261746e-08,232.0,ASK
151,1712690039.9821134,99443434.1185466,214.3,-5.4104080787383264e-08,232.0,ASK
152,1712690040.3421488,99443434.1185466,214.3,-0.0,232.0,ASK
153,1712690040.4433825,99444206.7429579,214.3,-3.1303327157314785e-08,232.0,ASK
154,1712690040.8824985,99444948.80871204,214.3,-3.0065225397497455e-08,232.0,ASK
155,1712690041.0626168,99445000.45071204,214.3,-2.092305650105949e-09,232.0,ASK
156,1712690041.442531,99445435.49695274,214.3,-1.7626151337995597e-08,232.0,ASK
157,1712690041.4451675,99445615.59588292,214.3,-7.296812849228905e-09,232.0,ASK
158,1712690042.1223466,99445902.13251036,214.3,-1.1609198026886712e-08,232.0,ASK
159,1712690042.1324215,99446281.51065852,214.3,-1.5370726208664622e-08,232.0,ASK
160,1712690042.202187,99446748.14621615,214.3,-1.8906010876115616e-08,232.0,ASK
161,1712690042.2120087,99446892.83838128,214.3,-5.862287180635705e-09,232.0,ASK
162,1712690042.392337,99447617.86633064,214.3,-2.9374928833127148e-08,232.0,ASK
163,1712690042.412136,99448119.40890794,214.3,-2.0320289069975697e-08,232.0,ASK
164,1712690042.4144988,99448336.9462029,214.3,-8.813649961878878e-09,232.0,ASK
165,1712690044.7425735,99449235.31029847,214.3,-3.6397743558371153e-08,232.0,ASK
166,1712690044.7450385,99449753.7802029,214.3,-2.1006109568490214e-08,232.0,ASK
167,1712690045.0420923,99449753.79373293,214.3,-5.481770648675794e-13,232.0,ASK
168,1712690070.3421063,99449753.79373293,214.3,-0.0,232.0,ASK
169,1712690099.672178,99450882.7119591,214.3,4.5736268610171386e-08,232.0,BID
170,1712690099.751807,99452693.59774598,214.3,7.336506476005337e-08,232.0,BID
171,1712690100.0921926,99454220.769746,214.4,-6.187086645178563e-08,232.0,ASK
172,1712690100.38228,99454220.769746,214.4,-0.0,232.0,ASK
173,1712690130.332262,99454220.769746,214.4,-0.0,232.0,ASK
174,1712690146.5521758,99455971.078581,214.5,7.105987458584178e-08,232.0,BID
175,1712690146.6320856,99458030.2645956,214.6,8.359981794124268e-08,232.0,BID
176,1712690146.6339853,99458030.26459628,214.5,2.782836532870727e-17,232.0,BID
177,1712690148.4924169,99462689.71459629,214.5,-1.8916657793094569e-07,232.0,ASK
178,1712690160.522042,99462689.71459629,214.5,-0.0,232.0,ASK
179,1712690160.992671,99463509.00461768,214.4,-3.325947465294418e-08,232.0,ASK
180,1712690163.3619766,99465003.7136177,214.4,-6.06784347428122e-08,232.0,ASK
181,1712690165.022566,99465236.8138508,214.5,-9.462816696897058e-09,232.0,ASK
182,1712690167.4167497,99468485.1578508,214.4,-1.3186809567961196e-07,232.0,ASK
183,1712690172.6940017,99472183.2608508,214.4,-1.501262798021265e-07,232.0,ASK
184,1712690178.5874317,99473087.38588624,214.4,-3.670339307695033e-08,232.0,ASK
185,1712690178.6021748,99473912.49329022,214.4,-3.3495634112005364e-08,232.0,ASK
186,1712690179.302312,99474529.74921076,214.4,-2.5057802617965944e-08,232.0,ASK
187,1712690179.364428,99476357.78121074,214.4,-7.42098431324878e-08,232.0,ASK
188,1712690179.6822846,99478108.09004574,214.4,-7.10546336603674e-08,232.0,ASK
189,1712690182.272882,99478240.48804574,214.4,-5.374760841849902e-09,232.0,ASK
190,1712690183.862113,99479484.18604574,214.4,-5.048852180082005e-08,232.0,ASK
191,1712690190.5826209,99479484.18604574,214.4,-0.0,232.0,ASK
192,1712690197.90268,99484644.4336649,214.4,-2.0945213119255466e-07,232.0,ASK
193,1712690210.5520964,99485160.19830944,214.4,-2.0934655071597e-08,232.0,ASK
194,1712690215.3920655,99485393.40726466,214.4,-9.465846659050024e-09,232.0,ASK
195,1712690220.35193,99485393.40726466,214.4,-0.0,232.0,ASK
196,1712690225.4320686,99485956.07326466,214.4,-2.283718561764448e-08,232.0,ASK
197,1712690226.5926342,99490106.26299572,214.4,-1.684456733445723e-07,232.0,ASK
198,1712690227.342432,99499728.52299574,214.4,-3.905431244891743e-07,232.0,ASK
199,1712690228.942036,99500834.65299574,214.4,-4.4895010765569344e-08,232.0,ASK
200,1712690230.0721817,99506322.35821275,214.4,-2.227320340267941e-07,232.0,ASK
201,1712690230.172281,99509980.82835746,214.4,-1.4848802268452938e-07,232.0,ASK
202,1712690234.2925394,99510613.4857051,214.4,-2.5677956871033172e-08,232.0,ASK
203,1712690234.2988467,99511247.78324407,214.4,-2.5744528075879688e-08,232.0,ASK
204,1712690234.3154335,99511882.7582072,214.4,-2.5772023004210093e-08,232.0,ASK
205,1712690235.6523695,99515020.31165358,214.4,-1.2734533531636342e-07,232.0,ASK
206,1712690236.2723246,99515044.01665358,214.3,-9.62125817148193e-10,232.0,ASK
207,1712690236.2826424,99515492.23857448,214.4,-1.8192190759307693e-08,232.0,ASK
208,1712690236.285656,99518211.8027308,214.3,-1.1038021035170737e-07,232.0,ASK
209,1712690250.4021482,99518211.8027308,214.3,-0.0,232.0,ASK
210,1712690280.5119946,99518211.8027308,214.3,-0.0,232.0,ASK
211,1712690295.5149932,99518815.303134,214.2,-2.4487557473887682e-08,232.0,ASK
212,1712690310.5320446,99518815.303134,214.2,-0.0,232.0,ASK
213,1712690340.3420725,99518815.303134,214.2,-0.0,232.0,ASK
214,1712690370.3620324,99518815.303134,214.2,-0.0,232.0,ASK
215,1712690400.3827858,99518815.303134,214.2,-0.0,232.0,ASK
216,1712690419.1423156,99526284.9576625,214.4,-3.031786508990792e-07,232.0,ASK
217,1712690430.3520565,99526284.9576625,214.4,-0.0,232.0,ASK
218,1712690460.522156,99526284.9576625,214.4,-0.0,232.0,ASK
219,1712690473.4637692,99526899.12632015,214.3,-2.4926282958840242e-08,232.0,ASK
220,1712690487.7558422,99529567.4834706,214.3,-1.0829635237126212e-07,232.0,ASK
221,1712690490.5319915,99529567.4834706,214.3,-0.0,232.0,ASK
222,1712690493.8421912,99530423.74349684,214.3,-3.4750666785170846e-08,232.0,ASK
223,1712690504.292462,99530716.272771,214.7,1.187207976409476e-08,232.0,BID
224,1712690504.3005643,99530889.67120849,214.5,7.037244689615388e-09,232.0,BID
225,1712690504.3324754,99531735.10126583,214.3,-3.4311140673398585e-08,232.0,ASK
226,1712690509.872209,99533460.99836148,214.3,-7.004423076813355e-08,232.0,ASK
227,1712690511.9222257,99533979.3461675,214.3,-2.1036754413078774e-08,232.0,ASK
228,1712690520.3521338,99533979.3461675,214.3,-0.0,232.0,ASK
229,1712690549.152396,99536012.05386852,214.7,8.249274175383993e-08,232.0,BID
230,1712690549.2121572,99536012.05386928,214.7,3.0841187702880617e-17,232.0,BID
231,1712690549.452297,99536176.97806928,214.7,-6.693067297697662e-09,232.0,ASK
232,1712690550.364405,99536176.97806928,214.7,-0.0,232.0,ASK
233,1712690558.022123,99537018.19546089,214.6,-3.413820898095326e-08,232.0,ASK
234,1712690567.9524186,99537484.83101788,214.7,1.893696245649085e-08,232.0,BID
235,1712690580.512033,99537484.83101788,214.7,0.0,232.0,BID
236,1712690583.3825395,99537484.8310185,214.7,2.4793138808102493e-17,232.0,BID
237,1712690586.6322136,99537999.10467131,214.6,-2.0869969655974387e-08,232.0,ASK
238,1712690591.3942106,99538329.73112632,214.9,1.3417300390810009e-08,232.0,BID
239,1712690592.3927968,99538329.73112652,214.9,7.8612391342764e-18,232.0,BID
240,1712690610.5322752,99538329.73112652,214.9,0.0,232.0,BID
241,1712690640.3420236,99538329.73112652,214.9,0.0,232.0,BID
242,1712690661.032259,99542395.14653002,215.0,1.649792304364892e-07,232.0,BID
243,1712690661.0419693,99544754.72043502,215.0,9.575422149253456e-08,232.0,BID
244,1712690665.0521667,99545913.84438092,215.0,-4.7038582185613626e-08,232.0,ASK
245,1712690665.3522265,99546215.84438092,215.0,-1.225550716143866e-08,232.0,ASK
246,1712690665.8961928,99547636.38538392,215.0,-5.7647186872282456e-08,232.0,ASK
247,1712690670.351921,99547636.38538392,215.0,-0.0,232.0,ASK
248,1712690684.542385,99547668.94352348,215.0,-1.3211394525521195e-09,232.0,ASK
249,1712690684.5454717,99547668.94352382,215.0,-1.45117716610523e-17,232.0,ASK
250,1712690700.532073,99547668.94352382,215.0,-0.0,232.0,ASK
251,1712690730.5319085,99547668.94352382,215.0,-0.0,232.0,ASK
252,1712690760.321976,99547668.94352382,215.0,-0.0,232.0,ASK
253,1712690790.344123,99547668.94352382,215.0,-0.0,232.0,ASK
254,1712690807.9320903,99552646.76153682,215.4,2.029588746395185e-07,232.0,BID
255,1712690820.5217457,99552646.76153682,215.4,0.0,232.0,BID
256,1712690850.5417006,99552646.76153682,215.4,0.0,232.0,BID
257,1712690880.3516002,99552646.76153682,215.4,0.0,232.0,BID
258,1712690910.333687,99552646.76153682,215.4,0.0,232.0,BID
259,1712690924.9019926,99553261.4575925,215.5,2.5061696817760612e-08,232.0,BID
260,1712690940.5248785,99553261.4575925,215.5,0.0,232.0,BID
261,1712690952.5222073,99555826.3555925,215.4,-1.0457257417787689e-07,232.0,ASK
262,1712690952.8063233,99556395.1904183,215.4,-2.3191769035559184e-08,232.0,ASK
263,1712690960.2621264,99561080.06037478,215.4,-1.910052216646385e-07,232.0,ASK
264,1712690960.3668833,99562489.48908478,215.4,-5.7463333171401584e-08,232.0,ASK
265,1712690960.3705585,99572330.9693753,215.4,-4.012436080107119e-07,232.0,ASK
266,1712690960.821689,99575895.35487388,215.4,-1.453223352146234e-07,232.0,ASK
267,1712690961.1220608,99579298.84797144,215.4,-1.387626464721764e-07,232.0,ASK
268,1712690961.1617925,99581649.58776812,215.4,-9.584120372810118e-08,232.0,ASK
269,1712690961.2232063,99591730.11550625,215.4,-4.109897292782588e-07,232.0,ASK
270,1712690961.3448324,99592953.07016188,215.4,-4.9860663637384994e-08,232.0,ASK
271,1712690961.3614306,99594164.57917018,215.4,-4.939401708678749e-08,232.0,ASK
272,1712690961.993466,99595054.6781329,215.4,-3.6289918665404774e-08,232.0,ASK
273,1712690962.1316447,99598550.89986898,215.4,-1.4254325389843146e-07,232.0,ASK
274,1712690962.312137,99599961.87516882,215.4,-5.7526388653685e-08,232.0,ASK
275,1712690962.4542837,99601077.17670938,215.4,-4.54715755097123e-08,232.0,ASK
276,1712690962.6118455,99604849.36465366,215.4,-1.5379457725633666e-07,232.0,ASK
277,1712690962.6917048,99607999.99890256,215.4,-1.2845342532198144e-07,232.0,ASK
278,1712690962.731806,99609065.78981198,215.4,-4.3452994595594575e-08,232.0,ASK
279,1712690962.7353766,99610788.10508008,215.4,-7.021992341578988e-08,232.0,ASK
280,1712690962.792962,99611347.07941446,215.4,-2.278975033173896e-08,232.0,ASK
281,1712690962.7947533,99618026.10252884,215.4,-2.723081541887888e-07,232.0,ASK
282,1712690962.9517784,99619069.39305542,215.4,-4.25356392268764e-08,232.0,ASK
283,1712690964.0119314,99619907.84576485,215.4,-3.418426703539792e-08,232.0,ASK
284,1712690964.026907,99621906.94922586,215.4,-8.15047596301287e-08,232.0,ASK
285,1712690968.4923763,99622313.97022586,215.4,-1.659451319865257e-08,232.0,ASK
286,1712690970.5321944,99622313.97022586,215.4,-0.0,232.0,ASK
287,1712690971.062113,99622963.3208752,215.6,2.6458407101026538e-08,232.0,BID
288,1712690973.2320826,99623673.8026708,215.4,-2.894925354169717e-08,232.0,ASK
289,1712690973.23552,99623763.9316452,215.4,-3.6723904085480556e-09,232.0,ASK
290,1712690973.712166,99624297.44308586,215.4,-2.173842885002776e-08,232.0,ASK
291,1712690973.715654,99624363.32111149,215.4,-2.6842625355485037e-09,232.0,ASK
292,1712690985.791727,99625728.13311148,215.4,-5.5610557328775946e-08,232.0,ASK
293,1712690998.3320594,99626148.75697523,215.4,-1.7138717632304283e-08,232.0,ASK
294,1712690998.3359015,99627540.47611149,215.4,-5.67069140738492e-08,232.0,ASK
295,1712691000.4216826,99627540.47611149,215.4,-0.0,232.0,ASK
296,1712691030.3414755,99627540.47611149,215.4,-0.0,232.0,ASK
297,1712691049.513308,99627540.8186046,215.4,-1.4065825037826903e-11,232.0,ASK
298,1712691060.521694,99627540.8186046,215.4,-0.0,232.0,ASK
299,1712691090.5514903,99627540.8186046,215.4,-0.0,232.0,ASK
300,1712691120.3719296,99627540.8186046,215.4,-0.0,232.0,ASK
301,1712691124.49184,99627587.22231688,215.5,1.905750696998278e-09,232.0,BID
302,1712691143.7219334,99628657.90631688,215.2,-4.3971843602117286e-08,232.0,ASK
303,1712691150.3413937,99628657.90631688,215.2,-0.0,232.0,ASK
304,1712691172.6419349,99628941.3217451,215.5,1.1639452760801173e-08,232.0,BID
305,1712691172.6458406,99633295.95736095,215.5,1.7883844877240848e-07,232.0,BID
306,1712691180.5017512,99633295.95736095,215.5,0.0,232.0,BID
307,1712691195.9719126,99640295.95736095,215.5,2.874678543134449e-07,232.0,BID
308,1712691210.5213678,99640295.95736095,215.5,0.0,232.0,BID
309,1712691220.5218012,99642475.09744748,215.5,-8.948484574923173e-08,232.0,ASK
310,1712691220.5240123,99644664.369632,215.5,-8.990091318394794e-08,232.0,ASK
311,1712691220.5415146,99646861.66178364,215.5,-9.023024745855253e-08,232.0,ASK
312,1712691220.6618977,99649881.51466957,215.5,-1.2400812198956797e-07,232.0,ASK
313,1712691220.6817057,99651147.09939286,215.5,-5.197034116644609e-08,232.0,ASK
314,1712691220.801624,99654680.84039286,215.5,-1.4511057377946414e-07,232.0,ASK
315,1712691240.3317895,99654680.84039286,215.5,-0.0,232.0,ASK
316,1712691244.3818126,99654681.108173,215.5,-1.0994802983574643e-11,232.0,ASK
317,1712691269.631608,99655311.3761514,215.2,-2.587821435334874e-08,232.0,ASK
318,1712691269.6514502,99656157.9739553,215.2,-3.476051487920845e-08,232.0,ASK
319,1712691270.3335478,99658609.9739553,215.2,-1.0067682917509953e-07,232.0,ASK
320,1712691270.3439646,99658609.9739553,215.2,-0.0,232.0,ASK
321,1712691299.6916523,99659473.48771076,215.2,-3.545460529855595e-08,232.0,ASK
322,1712691300.5112815,99659473.48771076,215.2,-0.0,232.0,ASK
323,1712691300.5532186,99660319.57887326,215.2,-3.477541617105932e-08,232.0,ASK
324,1712691300.8917596,99660951.36071736,215.2,-2.5967032314476053e-08,232.0,ASK
325,1712691305.8523252,99661831.6183967,215.2,-3.6179703196972494e-08,232.0,ASK
326,1712691305.9113712,99662487.3900072,215.2,-2.6953042035458338e-08,232.0,ASK
327,1712691305.951441,99663368.18610662,215.2,-3.6201832942215166e-08,232.0,ASK
328,1712691308.0617175,99664681.108173,215.2,-5.3962756358122426e-08,232.0,ASK
329,1712691330.5212522,99664681.108173,215.2,-0.0,232.0,ASK
330,1712691360.3613114,99664681.108173,215.2,-0.0,232.0,ASK
331,1712691383.5315938,99675368.84051505,215.2,4.392590748329733e-07,232.0,BID
332,1712691390.3638728,99675368.84051505,215.2,0.0,232.0,BID
333,1712691420.5113454,99675368.84051505,215.2,0.0,232.0,BID
334,1712691448.4515877,99675398.46641503,215.3,1.217490762581175e-09,232.0,BID
335,1712691450.53131,99675398.46641503,215.3,0.0,232.0,BID
336,1712691480.331394,99675398.46641503,215.3,0.0,232.0,BID
337,1712691510.3414972,99675398.46641503,215.3,0.0,232.0,BID
338,1712691513.231542,99675962.64190306,215.2,-2.3185059866160223e-08,232.0,ASK
339,1712691514.7831252,99676781.58537015,215.2,-3.365487107287377e-08,232.0,ASK
340,1712691514.7859788,99677605.85187627,215.2,-3.3873623891349954e-08,232.0,ASK
341,1712691514.9028342,99678428.10659371,215.2,-3.379094847856432e-08,232.0,ASK
342,1712691516.821879,99682624.55733594,215.2,-1.7245513807166345e-07,232.0,ASK
343,1712691540.5113604,99682624.55733594,215.2,-0.0,232.0,ASK
344,1712691544.27181,99684228.55733594,215.2,-6.59129302625676e-08,232.0,ASK
345,1712691544.4590533,99686278.04433596,215.2,-8.421926041475484e-08,232.0,ASK
346,1712691549.51161,99707634.21446584,215.2,-8.775858805775124e-07,232.0,ASK
347,1712691556.7014363,99708379.23248027,215.2,-3.061491298661424e-08,232.0,ASK
348,1712691561.6626132,99710702.65255462,215.2,-9.547595095440441e-08,232.0,ASK
349,1712691561.6666236,99722944.10748027,215.2,-5.030362623610657e-07,232.0,ASK
350,1712691561.8223295,99724339.2397125,215.2,-5.73299585600325e-08,232.0,ASK
351,1712691570.521376,99724339.2397125,215.2,-0.0,232.0,ASK
352,1712691580.771799,99729339.2397125,215.4,2.0538848059640162e-07,232.0,BID
353,1712691600.341228,99729339.2397125,215.4,0.0,232.0,BID
354,1712691609.5816283,99730049.35018194,215.2,-2.9178406583942282e-08,232.0,ASK
355,1712691614.241993,99730648.98402518,215.2,-2.4638927086467323e-08,232.0,ASK
356,1712691617.215683,99731370.24938951,215.2,-2.963676070333816e-08,232.0,ASK
357,1712691619.3217378,99731602.3756662,215.4,9.538058050902881e-09,232.0,BID
358,1712691630.351477,99731602.3756662,215.4,0.0,232.0,BID
359,1712691633.6915612,99732421.18302752,215.2,-3.3644083534213426e-08,232.0,ASK
360,1712691633.9715755,99733024.923799,215.2,-2.4807184092351857e-08,232.0,ASK
361,1712691634.331622,99733948.8906881,215.2,-3.79649972248301e-08,232.0,ASK
362,1712691660.3424993,99736038.2836881,215.2,-8.585134422122119e-08,232.0,ASK
363,1712691660.521336,99736038.2836881,215.2,-0.0,232.0,ASK
364,1712691661.9414682,99736964.6391965,215.2,-3.806165058766864e-08,232.0,ASK
365,1712691690.53162,99736964.6391965,215.2,-0.0,232.0,ASK
366,1712691697.6521444,99739695.12486371,215.2,-1.1218796586618373e-07,232.0,ASK
367,1712691697.6561334,99740623.0401965,215.2,-3.812542762283622e-08,232.0,ASK
368,1712691720.361417,99740623.0401965,215.2,-0.0,232.0,ASK
369,1712691750.3448975,99740623.0401965,215.2,-0.0,232.0,ASK
370,1712691780.5217,99740623.0401965,215.2,-0.0,232.0,ASK
371,1712691810.5713298,99740623.0401965,215.2,-0.0,232.0,ASK
372,1712691840.331305,99740623.0401965,215.2,-0.0,232.0,ASK
373,1712691850.12187,99740669.48701487,215.3,1.90830722521575e-09,232.0,BID
374,1712691852.4318364,99740769.48701487,215.2,-4.1085854555791115e-09,232.0,ASK
375,1712691852.436572,99740770.01080827,215.2,-2.1520498810091304e-11,232.0,ASK
376,1712691852.4400332,99742048.3560186,215.1,-5.25219053830449e-08,232.0,ASK
377,1712691870.341197,99742048.3560186,215.1,-0.0,232.0,ASK
378,1712691870.6913924,99742141.24965537,215.3,3.816566372077769e-09,232.0,BID
379,1712691900.3741932,99742141.24965537,215.3,0.0,232.0,BID
380,1712691902.5016525,99742418.25564936,215.3,1.138596761289578e-08,232.0,BID
381,1712691902.9214494,99742418.25565007,215.3,2.878715512899736e-17,232.0,BID
382,1712691930.351428,99742418.25565007,215.3,0.0,232.0,BID
383,1712691960.511325,99742418.25565007,215.3,0.0,232.0,BID
384,1712691990.521104,99742418.25565007,215.3,0.0,232.0,BID
385,1712692020.3373632,99742418.25565007,215.3,0.0,232.0,BID
386,1712692050.331174,99742418.25565007,215.3,0.0,232.0,BID
387,1712692080.4614737,99742695.26164408,215.1,-1.1385939700803989e-08,232.0,ASK
388,1712692080.5013814,99742695.26164408,215.1,-0.0,232.0,ASK
389,1712692103.082116,99743157.4562324,215.1,-1.8997808489531125e-08,232.0,ASK
390,1712692103.0872626,99745811.85081568,215.1,-1.0910486886150917e-07,232.0,ASK
391,1712692103.1613307,99752006.24860868,215.1,2.5461133892527657e-07,232.0,BID
392,1712692110.5311594,99752006.24860868,215.1,0.0,232.0,BID
393,1712692140.3614278,99752006.24860868,215.1,0.0,232.0,BID
394,1712692170.341199,99752006.24860868,215.1,0.0,232.0,BID
395,1712692200.3710976,99752006.24860868,215.1,0.0,232.0,BID
396,1712692230.3511367,99752006.24860868,215.1,0.0,232.0,BID
397,1712692238.4214027,99756096.49960868,215.1,-1.682924887880001e-07,232.0,ASK
398,1712692240.9515755,99756143.98298948,215.1,-1.9536933876387427e-09,232.0,ASK
399,1712692260.511171,99756143.98298948,215.1,-0.0,232.0,ASK
400,1712692284.1818266,99759939.59776834,215.1,-1.56164026758836e-07,232.0,ASK
401,1712692290.5211403,99759939.59776834,215.1,-0.0,232.0,ASK
402,1712692292.5715013,99760775.31554054,215.1,-3.4383012075186577e-08,232.0,ASK
403,1712692304.474596,99762001.06885152,215.1,-5.042981290393001e-08,232.0,ASK
404,1712692304.871385,99763790.33885153,215.1,-7.361395684351126e-08,232.0,ASK
405,1712692305.111313,99765207.64061968,215.1,-5.831047924203239e-08,232.0,ASK
406,1712692305.231244,99766543.64061968,215.1,-5.4965570507716187e-08,232.0,ASK
407,1712692320.351154,99766543.64061968,215.1,-0.0,232.0,ASK
408,1712692324.8216395,99769954.42861968,215.1,-1.403180780198281e-07,232.0,ASK
409,1712692336.261835,99771145.25680035,215.1,-4.8990063752286834e-08,232.0,ASK
410,1712692336.92131,99775178.25680035,215.1,-1.659155622259582e-07,232.0,ASK
411,1712692350.3536224,99775178.25680035,215.1,-0.0,232.0,ASK
412,1712692350.871313,99775790.40027922,215.1,-2.5181346312374088e-08,232.0,ASK
413,1712692360.0010653,99776083.94227923,215.1,-1.2075245452478518e-08,232.0,ASK
414,1712692364.621511,99776838.9305346,215.1,-3.1057458546926115e-08,232.0,ASK
415,1712692380.5111806,99776838.9305346,215.1,-0.0,232.0,ASK
416,1712692410.5311732,99776838.9305346,215.1,-0.0,232.0,ASK
417,1712692422.38515,99777894.0917228,215.1,-4.34048385448764e-08,232.0,ASK
418,1712692422.581515,99778734.04980429,215.1,-3.4552299041116524e-08,232.0,ASK
419,1712692422.601396,99779406.76430754,215.1,-2.7672610334715532e-08,232.0,ASK
420,1712692423.221424,99781430.38913876,215.1,-8.32433092281808e-08,232.0,ASK
421,1712692423.2412543,99783461.42712069,215.1,-8.354825468305987e-08,232.0,ASK
422,1712692423.3012516,99785127.0107714,215.1,-6.851501955444458e-08,232.0,ASK
423,1712692423.3612251,99786817.600061,215.1,-6.95436450673471e-08,232.0,ASK
424,1712692425.0720806,99788042.40568098,215.1,-5.038328814419112e-08,232.0,ASK
425,1712692433.4819849,99791794.23949905,215.2,1.543344684597638e-07,232.0,BID
426,1712692433.4868357,99805931.3188675,215.2,5.815392513921886e-07,232.0,BID
427,1712692433.5412498,99806750.63293612,215.2,-3.3703092251817214e-08,232.0,ASK
428,1712692440.3213978,99806750.63293612,215.2,-0.0,232.0,ASK
429,1712692450.1816683,99809426.68793614,215.2,-1.1005237263640196e-07,232.0,ASK
430,1712692462.8312042,99811103.97604492,215.2,-6.897822950725495e-08,232.0,ASK
431,1712692463.2312467,99812441.27725597,215.2,-5.499631779099968e-08,232.0,ASK
432,1712692470.3441265,99812441.27725597,215.2,-0.0,232.0,ASK
433,1712692472.7313366,99813397.13229096,215.2,-3.930741965957271e-08,232.0,ASK
434,1712692483.94117,99815073.07187288,215.2,-6.891930058137165e-08,232.0,ASK
435,1712692484.081474,99816411.5833064,215.2,-5.504331588921959e-08,232.0,ASK
436,1712692484.1413882,99817478.14721788,215.2,-4.386007681874503e-08,232.0,ASK
437,1712692492.7744498,99818511.94768548,215.2,-4.2512752807912815e-08,232.0,ASK
438,1712692492.7911742,99819447.8803175,215.2,-3.848815499516111e-08,232.0,ASK
439,1712692500.5173542,99819447.8803175,215.2,-0.0,232.0,ASK
440,1712692530.5311604,99819447.8803175,215.2,-0.0,232.0,ASK
441,1712692560.353618,99819447.8803175,215.2,-0.0,232.0,ASK
442,1712692590.3311603,99819447.8803175,215.2,-0.0,232.0,ASK
443,1712692620.5212474,99819447.8803175,215.2,-0.0,232.0,ASK
444,1712692650.5307229,99819447.8803175,215.2,-0.0,232.0,ASK
445,1712692680.400341,99819447.8803175,215.2,-0.0,232.0,ASK
446,1712692710.3639908,99819447.8803175,215.2,-0.0,232.0,ASK
447,1712692719.603558,99819611.43278348,215.6,6.732505686157712e-09,232.0,BID
448,1712692740.4991465,99819611.43278348,215.6,0.0,232.0,BID
449,1712692744.472659,99820721.37908047,215.6,4.568998005517781e-08,232.0,BID
450,1712692744.569222,99820721.37908052,215.6,1.8401802670537665e-18,232.0,BID
451,1712692749.7089756,99820998.8656548,215.6,-1.1422495014254498e-08,232.0,ASK
452,1712692753.5588264,99821137.60894191,215.6,5.711247507127249e-09,232.0,BID
453,1712692755.9540446,99821692.58209044,215.7,2.2844990028508995e-08,232.0,BID
454,1712692757.7791538,99821761.95373404,215.7,-2.855623753870321e-09,232.0,ASK
455,1712692760.6689672,99823632.13493618,215.7,-7.698439289969689e-08,232.0,ASK
456,1712692766.043627,99825707.13493618,215.7,-8.54155817000598e-08,232.0,ASK
457,1712692767.408496,99827385.13493618,215.7,-6.907341980371102e-08,232.0,ASK
458,1712692767.433241,99829405.13493618,215.7,-8.315155423331124e-08,232.0,ASK
459,1712692767.548516,99837720.03979102,215.7,-3.422758722680984e-07,232.0,ASK
460,1712692770.508523,99837720.03979102,215.7,-0.0,232.0,ASK
461,1712692770.7400076,99839944.78879102,215.7,-9.156514784511417e-08,232.0,ASK
462,1712692771.3384922,99840037.46719696,215.8,3.814413195377146e-09,232.0,BID
463,1712692772.0483832,99845651.46719696,215.7,-2.3105830815203845e-07,232.0,ASK
464,1712692774.538123,99847198.98219696,215.7,-6.369187704667604e-08,232.0,ASK
465,1712692775.623866,99848219.33014716,215.7,-4.1994989507903864e-08,232.0,ASK
466,1712692776.1582446,99863032.4239015,215.7,-6.096701783715532e-07,232.0,ASK
467,1712692781.458216,99863863.7239015,215.6,-3.4214245024243115e-08,232.0,ASK
468,1712692781.6383011,99863929.9839015,215.6,-2.7270971676867744e-09,232.0,ASK
469,1712692782.778828,99864827.04779927,215.6,-3.6920923855334256e-08,232.0,ASK
470,1712692786.2582428,99865840.76879928,215.6,-4.1722240683716655e-08,232.0,ASK
471,1712692791.7783902,99867114.26756229,215.6,-5.241404873732444e-08,232.0,ASK
472,1712692800.4379487,99867114.26756229,215.6,-0.0,232.0,ASK
473,1712692802.3782942,99867310.31756228,215.6,-8.069874211666248e-09,232.0,ASK
474,1712692803.398276,99867716.43456228,215.6,-1.6716720761328738e-08,232.0,ASK
475,1712692804.8938873,99868582.48888329,215.6,-3.5648811176200985e-08,232.0,ASK
476,1712692804.967812,99869162.92911392,215.6,-2.3892270588262972e-08,232.0,ASK
477,1712692805.0278547,99869748.8180608,215.6,-2.4116552426656385e-08,232.0,ASK
478,1712692810.169211,99872514.8140608,215.6,-1.1385483188149013e-07,232.0,ASK
479,1712692814.3268936,99874802.55586432,215.6,-9.416877624847249e-08,232.0,ASK
480,1712692818.3577454,99875350.81605704,215.6,-2.2567665343526417e-08,232.0,ASK
481,1712692818.360292,99877356.59757888,215.6,-8.256263492779676e-08,232.0,ASK
482,1712692818.5376666,99878122.81009324,215.5,-3.1539090080844925e-08,232.0,ASK
483,1712692819.967433,99878379.86409324,215.5,-1.0580940809377991e-08,232.0,ASK
484,1712692819.9878109,99880950.40409324,215.6,1.0580940809132649e-07,232.0,BID
485,1712692821.1880229,99881425.58025832,215.5,-1.955935669772158e-08,232.0,ASK
486,1712692822.4819307,99882301.5362329,215.5,-3.605638627919716e-08,232.0,ASK
487,1712692829.017572,99882380.1800229,215.5,-3.237161401538675e-09,232.0,ASK
488,1712692830.3372538,99882380.1800229,215.5,-0.0,232.0,ASK
489,1712692844.6275728,99883026.36198592,215.5,-2.659475051774021e-08,232.0,ASK
490,1712692846.9372811,99883165.5731228,215.7,5.729478176092948e-09,232.0,BID
491,1712692856.126874,99884881.53993487,215.5,-7.06236197768421e-08,232.0,ASK
492,1712692860.2264383,99886250.78758612,215.5,-5.6353785412730175e-08,232.0,ASK
493,1712692860.5167866,99886250.78758612,215.5,-0.0,232.0,ASK
494,1712692861.13745,99887453.34734996,215.5,-4.9491754357570973e-08,232.0,ASK
495,1712692872.4466848,99890023.88734996,215.6,-1.0579144427741845e-07,232.0,ASK
496,1712692878.9266264,99891190.76513363,215.6,-4.8023250380598624e-08,232.0,ASK
497,1712692881.2568593,99891452.1417825,215.7,-1.0757044505508298e-08,232.0,ASK
498,1712692881.58633,99891506.4695235,215.6,-2.2358765801850387e-09,232.0,ASK
499,1712692890.5063858,99891506.4695235,215.6,-0.0,232.0,ASK
500,1712692898.6364348,99892358.9628469,215.6,-3.508301551225981e-08,232.0,ASK
501,1712692920.3358707,99892358.9628469,215.6,-0.0,232.0,ASK
502,1712692929.5360696,99892393.64866868,215.8,1.4274293839942147e-09,232.0,BID
503,1712692929.5456536,99896081.71582206,215.8,1.5177542735636638e-07,232.0,BID
504,1712692935.6562412,99896121.71582206,216.0,1.646124336081137e-09,232.0,BID
505,1712692935.661773,99896313.0815628,216.0,7.875295073365293e-09,232.0,BID
506,1712692950.3459325,99896313.0815628,216.0,0.0,232.0,BID
507,1712692980.525223,99896313.0815628,216.0,0.0,232.0,BID
508,1712692995.8477323,99898028.00174618,216.0,7.057181788007442e-08,232.0,BID
509,1712693010.5070992,99898028.00174618,216.0,0.0,232.0,BID
510,1712693020.8855357,99902122.08844066,215.7,-1.6847590878657093e-07,232.0,ASK
511,1712693020.8905463,99904232.0004348,215.7,-8.682506434218948e-08,232.0,ASK
512,1712693035.8244908,99905274.69152687,215.7,-4.290781862600293e-08,232.0,ASK
513,1712693037.7544055,99905960.22241388,215.7,-2.8210306181502466e-08,232.0,ASK
514,1712693040.314382,99905960.22241388,215.7,-0.0,232.0,ASK
515,1712693042.8945563,99906545.36320816,215.7,-2.4077454608148795e-08,232.0,ASK
516,1712693046.364551,99907338.4208954,215.7,-3.263284777190933e-08,232.0,ASK
517,1712693046.44424,99907932.30089933,215.7,-2.4437056818480923e-08,232.0,ASK
518,1712693053.7540927,99909316.26644368,215.7,-5.694760628163729e-08,232.0,ASK
519,1712693053.8542066,99910121.98655976,215.7,-3.315388315172392e-08,232.0,ASK
520,1712693070.3541372,99910121.98655976,215.7,-0.0,232.0,ASK
521,1712693093.5439394,99910264.60634252,215.9,5.8683218470824554e-09,232.0,BID
522,1712693100.5138657,99910264.60634252,215.9,0.0,232.0,BID
523,1712693107.7339184,99910316.1414508,215.9,-2.121910661739914e-09,232.0,ASK
524,1712693115.9634922,99919885.5914508,215.7,-3.9401329808843523e-07,232.0,ASK
525,1712693116.0837936,99921139.8914508,215.7,-5.164464831218056e-08,232.0,ASK
526,1712693116.2640486,99924862.6444258,215.7,-1.5328092812529336e-07,232.0,ASK
527,1712693118.2533088,99925623.97117709,215.7,-3.1346928421965854e-08,232.0,ASK
528,1712693119.0536816,99926910.97117709,215.7,-5.2991040722262864e-08,232.0,ASK
529,1712693120.7839928,99927493.01546298,215.7,-2.3965137884016567e-08,232.0,ASK
530,1712693120.8300762,99929841.06956552,215.7,-9.66789670285737e-08,232.0,ASK
531,1712693120.8368092,99930141.06956552,215.7,-1.2352223944583416e-08,232.0,ASK
532,1712693120.839649,99931614.97189523,215.6,-6.068657216414526e-08,232.0,ASK
533,1712693120.8424804,99935299.44523785,215.7,-1.517047994853732e-07,232.0,ASK
534,1712693120.8452363,99936626.50618637,215.6,-5.464051341413809e-08,232.0,ASK
535,1712693120.8638012,99937241.27282868,215.6,-2.5312450798537892e-08,232.0,ASK
536,1712693122.6133926,99937759.61107878,215.6,-2.134210048095418e-08,232.0,ASK
537,1712693123.5334084,99941141.32673135,215.6,-1.3923903019211112e-07,232.0,ASK
538,1712693124.2536182,99942106.32673135,215.6,-3.973298702174333e-08,232.0,ASK
539,1712693124.933421,99943071.32673135,215.6,-3.973298702174333e-08,232.0,ASK
540,1712693128.167302,99947752.60746212,215.6,-1.92747426445794e-07,232.0,ASK
541,1712693128.171332,99957029.04530998,215.6,-3.819487923489535e-07,232.0,ASK
542,1712693130.5431826,99957029.04530998,215.6,-0.0,232.0,ASK
543,1712693151.2632716,99960947.04530998,215.5,-1.6125308735271446e-07,232.0,ASK
544,1712693155.783521,99962212.20783249,215.5,-5.2070281459325264e-08,232.0,ASK
545,1712693160.3427978,99962212.20783249,215.5,-0.0,232.0,ASK
546,1712693170.6546936,99963268.20783249,215.5,-4.345978368578159e-08,232.0,ASK
547,1712693173.323147,99965288.20783249,215.5,-8.313329833833221e-08,232.0,ASK
548,1712693190.3329408,99965288.20783249,215.5,-0.0,232.0,ASK
549,1712693220.5322435,99965288.20783249,215.5,-0.0,232.0,ASK
550,1712693250.522356,99965288.20783249,215.5,-0.0,232.0,ASK
551,1712693280.333789,99965288.20783249,215.5,-0.0,232.0,ASK
552,1712693310.3430722,99965288.20783249,215.5,-0.0,232.0,ASK
553,1712693312.691736,100006939.12949818,215.5,-1.714101008680543e-06,232.0,ASK
554,1712693340.511672,100006939.12949818,215.5,-0.0,232.0,ASK
555,1712693352.8615549,100015387.8894982,215.9,3.475716727502885e-07,232.0,BID
556,1712693352.871306,100017674.8218372,215.9,9.408160470138133e-08,232.0,BID
557,1712693370.5113132,100017674.8218372,215.9,0.0,232.0,BID
558,1712693400.371126,100017674.8218372,215.9,0.0,232.0,BID
559,1712693409.540829,100018379.27854976,215.7,2.8995025757431738e-08,232.0,BID
560,1712693429.001338,100023308.39121433,215.5,-2.0287939077304685e-07,232.0,ASK
561,1712693429.0059395,100023402.99678276,215.5,-3.893909795698544e-09,232.0,ASK
562,1712693430.340428,100023402.99678276,215.5,-0.0,232.0,ASK
563,1712693443.7740562,100023447.24457036,215.4,-1.8211204882218462e-09,232.0,ASK
564,1712693460.51426,100023447.24457036,215.4,-0.0,232.0,ASK
565,1712693469.7631426,100024097.19130456,215.4,-2.6750057201773263e-08,232.0,ASK
566,1712693490.5199914,100024097.19130456,215.4,-0.0,232.0,ASK
567,1712693493.800218,100024227.47914116,215.4,5.36226557703532e-09,232.0,BID
568,1712693497.530254,100024292.40969668,215.4,2.6723514027954707e-09,232.0,BID
569,1712693520.3297348,100024292.40969668,215.4,0.0,232.0,BID
570,1712693538.1533933,100070674.59893602,215.6,1.908951693683461e-06,232.0,BID
571,1712693544.3997557,100117056.78817534,215.6,1.908951693682848e-06,232.0,BID
572,1712693550.3404987,100117056.78817534,215.6,0.0,232.0,BID
573,1712693561.3298433,100163438.97741468,215.6,1.907381651607376e-06,232.0,BID
574,1712693580.4994397,100163438.97741468,215.6,0.0,232.0,BID
575,1712693586.439785,100167097.06797723,215.2,-1.5037036406813738e-07,232.0,ASK
576,1712693586.4452145,100167561.7519921,215.2,-1.9101414603621208e-08,232.0,ASK
577,1712693586.4539003,100168926.97741468,215.3,-5.611928964509066e-08,232.0,ASK
578,1712693590.419755,100169154.14420988,215.7,9.337973763477215e-09,232.0,BID
579,1712693590.4251816,100169808.1336453,215.6,2.6883049454118933e-08,232.0,BID
580,1712693593.329452,100172080.1336453,215.3,9.339338688336033e-08,232.0,BID
581,1712693610.509123,100172080.1336453,215.3,0.0,232.0,BID
582,1712693610.9904895,100192510.1336453,215.2,-8.397363544176528e-07,232.0,ASK
583,1712693610.9985511,100202070.28990728,215.2,-3.929520688741375e-07,232.0,ASK
584,1712693611.0015445,100208900.4963754,215.1,-2.80742666640193e-07,232.0,ASK
585,1712693611.003924,100209000.4963754,215.2,-4.110310104834326e-09,232.0,ASK
586,1712693611.0065486,100213283.72416878,215.2,-1.760539448043959e-07,232.0,ASK
587,1712693611.008935,100233703.20168504,215.1,-8.393038477053611e-07,232.0,ASK
588,1712693611.0113394,100233938.55284785,215.0,-9.67366262605392e-09,232.0,ASK
589,1712693611.0137396,100254158.55284785,215.1,-8.311047031975008e-07,232.0,ASK
590,1712693611.0161502,100264283.50016548,215.0,-4.161667327063126e-07,232.0,ASK
591,1712693640.3692515,100264283.50016548,215.0,-0.0,232.0,ASK
592,1712693670.3291955,100264283.50016548,215.0,-0.0,232.0,ASK
593,1712693671.2389195,100264376.30759008,215.5,3.811565403760911e-09,232.0,BID
594,1712693674.0295577,100264703.38317144,215.0,-1.3432868931942304e-08,232.0,ASK
595,1712693674.0334196,100265168.28321794,215.1,-1.9093266957989962e-08,232.0,ASK
596,1712693674.036491,100274265.4850051,215.0,-3.736185952379711e-07,232.0,ASK
597,1712693674.128991,100296255.4850051,214.9,-9.031208828279592e-07,232.0,ASK
598,1712693674.1690688,100297011.61374576,214.8,-3.1053917953794685e-08,232.0,ASK
599,1712693674.1906712,100297123.9426106,214.8,-4.613303482663007e-09,232.0,ASK
600,1712693674.1947818,100300086.80283426,214.8,-1.216835352832867e-07,232.0,ASK
601,1712693674.2289946,100301558.76716352,214.8,-6.04530115748247e-08,232.0,ASK
602,1712693700.348614,100301558.76716352,214.8,-0.0,232.0,ASK
603,1712693729.789218,100326710.14117377,214.7,-1.03286588441005e-06,232.0,ASK
604,1712693729.7954805,100326962.68006988,214.8,-1.037075788350934e-08,232.0,ASK
605,1712693729.800395,100331620.34192362,214.7,-1.9127146007586725e-07,232.0,ASK
606,1712693729.8053238,100331720.34192362,214.8,-4.106598247832252e-09,232.0,ASK
607,1712693729.808473,100337220.78368782,214.6,-2.258810451112925e-07,232.0,ASK
608,1712693729.858592,100342101.54325303,214.6,2.004331867862001e-07,232.0,BID
609,1712693729.878582,100348656.77104716,214.6,2.6919686973558975e-07,232.0,BID
610,1712693729.8883924,100362080.18243352,214.6,5.512455767907886e-07,232.0,BID
611,1712693730.3283997,100362080.18243352,214.6,0.0,232.0,BID
612,1712693760.498402,100362080.18243352,214.6,0.0,232.0,BID
613,1712693790.5180442,100362080.18243352,214.6,0.0,232.0,BID
614,1712693797.418193,100362136.18243352,214.7,-2.2984688178338807e-09,232.0,ASK
615,1712693805.9683814,100362159.43824749,215.0,9.54513628782342e-10,232.0,BID
616,1712693814.898297,100366810.60103816,215.0,1.9090272573322746e-07,232.0,BID
617,1712693820.3278923,100366810.60103816,215.0,0.0,232.0,BID
618,1712693830.8580744,100367741.26646394,214.9,-3.819671736584845e-08,232.0,ASK
619,1712693850.3479576,100367741.26646394,214.9,-0.0,232.0,ASK
620,1712693874.6979558,100367973.700154,214.9,-9.539551856262048e-09,232.0,ASK
621,1712693874.7076287,100370658.1219781,214.9,-1.1017413692148885e-07,232.0,ASK
622,1712693880.4976816,100370658.1219781,214.9,-0.0,232.0,ASK
623,1712693910.5073671,100370658.1219781,214.9,-0.0,232.0,ASK
624,1712693915.657563,100371355.74802542,214.8,-2.863125670937632e-08,232.0,ASK
625,1712693915.660236,100371821.0807383,214.9,-1.909771059910801e-08,232.0,ASK
626,1712693915.7377555,100376543.46344572,214.7,-1.938112146137682e-07,232.0,ASK
627,1712693917.8975968,100378603.17671792,214.7,-8.453265136982951e-08,232.0,ASK
628,1712693925.3879905,100379851.8069383,214.7,-5.1245007999008656e-08,232.0,ASK
629,1712693925.3935754,100380713.17671792,214.7,-3.535145996466652e-08,232.0,ASK
630,1712693934.118328,100386932.2953306,214.7,-2.552387230829231e-07,232.0,ASK
631,1712693937.6707983,100390570.6676006,214.7,-1.493223638473674e-07,232.0,ASK
632,1712693938.917592,100391633.2823383,214.7,-4.3610750280871214e-08,232.0,ASK
633,1712693938.92159,100392324.50810169,214.7,-2.83685827833926e-08,232.0,ASK
634,1712693940.3375406,100392324.50810169,214.7,-0.0,232.0,ASK
635,1712693944.4775624,100392371.06303649,214.8,1.910295438613588e-09,232.0,BID
636,1712693946.5575457,100392417.66135897,214.6,-1.912075771062562e-09,232.0,ASK
637,1712693970.3293424,100392417.66135897,214.6,-0.0,232.0,ASK
638,1712693977.7473211,100394880.34651151,214.6,-1.0105163655834501e-07,232.0,ASK
639,1712693977.7538612,100395033.74818905,214.6,-6.294548269632189e-09,232.0,ASK
640,1712693977.7678711,100395369.85737053,214.6,-1.3791605806404845e-08,232.0,ASK
641,1712693977.7709348,100401752.32076097,214.6,-2.618923373994845e-07,232.0,ASK
642,1712693977.8271291,100402585.84852694,214.6,-3.4202238471885186e-08,232.0,ASK
643,1712693977.847469,100403473.62893468,214.6,-3.6428393217053784e-08,232.0,ASK
644,1712693977.8527608,100404311.23622984,214.6,-3.43696342517394e-08,232.0,ASK
645,1712693977.8680608,100405060.85260752,214.6,-3.0759093047622486e-08,232.0,ASK
646,1712693977.8710134,100405210.10788998,214.4,-6.1244087747623675e-09,232.0,ASK
647,1712693977.8739414,100405728.10788998,214.5,-2.125515219966962e-08,232.0,ASK
648,1712693977.8967075,100406097.094212,214.4,-1.514065720856422e-08,232.0,ASK
649,1712693977.947458,100406665.29079925,214.4,2.3314874403488724e-08,232.0,BID
650,1712693977.9507003,100407704.51435576,214.4,4.264257695675786e-08,232.0,BID
651,1712693982.387019,100408625.909212,214.4,-3.7807698658589054e-08,232.0,ASK
652,1712693988.5287583,100419716.568073,214.3,-4.550842511301332e-07,232.0,ASK
653,1712693988.5342293,100420235.05150744,214.3,-2.1274989019309092e-08,232.0,ASK
654,1712693988.6270664,100420651.17720744,214.4,1.7074932601600764e-08,232.0,BID
655,1712693992.477413,100423550.36482334,214.3,-1.189626911802664e-07,232.0,ASK
656,1712693995.9473605,100430341.5723238,214.2,-2.7866438038951285e-07,232.0,ASK
657,1712694000.3869543,100430341.5723238,214.2,-0.0,232.0,ASK
658,1712694007.717228,100432283.93258074,214.2,-7.97504891404322e-08,232.0,ASK
659,1712694007.7234342,100433319.94291088,214.2,-4.2537078427155854e-08,232.0,ASK
660,1712694007.747376,100436304.22201648,214.2,-1.225301627501402e-07,232.0,ASK
661,1712694007.7567978,100445085.9748835,214.2,-3.60566009396821e-07,232.0,ASK
662,1712694007.7774577,100461109.3292303,214.2,-6.578956412754235e-07,232.0,ASK
663,1712694007.7833989,100472966.85759148,214.2,-4.868528808815671e-07,232.0,ASK
664,1712694007.7886002,100486959.39490493,214.2,-5.745132454572815e-07,232.0,ASK
665,1712694007.8170269,100487803.35552636,214.1,-3.465179651216181e-08,232.0,ASK
666,1712694007.8774269,100489975.05061834,214.1,-8.916664415320614e-08,232.0,ASK
667,1712694007.8819032,100492138.81917071,214.1,-8.884119195821008e-08,232.0,ASK
668,1712694008.1176207,100492959.89031646,214.1,-3.371198790654019e-08,232.0,ASK
669,1712694008.316827,100494738.07851864,214.1,-7.300982317852468e-08,232.0,ASK
670,1712694008.4371066,100494761.4787989,214.1,-9.607814973870832e-10,232.0,ASK
671,1712694008.4410825,100497264.21262406,214.1,-1.027586134095469e-07,232.0,ASK
672,1712694008.4770036,100498365.7049327,214.1,-4.522567329366715e-08,232.0,ASK
673,1712694008.4970176,100499173.3603416,214.1,-3.3161157249627255e-08,232.0,ASK
674,1712694008.500806,100500750.33730784,214.1,-6.474838226947248e-08,232.0,ASK
675,1712694008.6183105,100501693.51625098,214.1,-3.872555659733751e-08,232.0,ASK
676,1712694008.7572267,100502072.51625098,214.1,-1.5561189164691352e-08,232.0,ASK
677,1712694008.858197,100502112.51625098,214.0,-1.642341864347372e-09,232.0,ASK
678,1712694008.8643277,100504732.16463864,214.1,-1.075589554235346e-07,232.0,ASK
679,1712694008.8701773,100523988.89433278,214.0,-7.906533336771909e-07,232.0,ASK
680,1712694008.874578,100548631.10626604,214.0,-1.0117734072026348e-06,232.0,ASK
681,1712694008.8814287,100572063.8685752,214.0,-9.62115163441023e-07,232.0,ASK
682,1712694008.8845882,100574869.13653404,214.0,-1.1518022523766597e-07,232.0,ASK
683,1712694009.5776162,100579009.8874438,214.0,-1.700132142233573e-07,232.0,ASK
684,1712694009.5896382,100589198.61641575,214.0,-4.183344033783962e-07,232.0,ASK
685,1712694009.596237,100599610.06664108,214.0,-4.274790143404391e-07,232.0,ASK
686,1712694010.1479042,100600085.0070794,213.9,-1.950036412291656e-08,232.0,ASK
687,1712694010.16208,100600576.15247414,213.9,-2.0165716081675128e-08,232.0,ASK
688,1712694010.165073,100600600.42666183,214.0,-9.966628670257128e-10,232.0,ASK
689,1712694010.1682408,100604800.56803744,213.9,-1.7245170043318905e-07,232.0,ASK
690,1712694010.1712437,100605600.42666183,213.9,-3.2841032610232485e-08,232.0,ASK
691,1712694010.1871417,100607203.1874906,213.9,-6.580703019096105e-08,232.0,ASK
692,1712694020.3972137,100607348.77759044,214.0,-5.977717899487507e-09,232.0,ASK
693,1712694020.4019408,100608348.77759044,214.0,-4.10585466086843e-08,232.0,ASK
694,1712694024.5608082,100609260.167483,213.9,-3.742034438187909e-08,232.0,ASK
695,1712694030.3207524,100609260.167483,213.9,-0.0,232.0,ASK
696,1712694045.2554057,100609361.51912498,213.9,-4.154817349372314e-09,232.0,ASK
697,1712694045.2622433,100616642.88130946,213.9,-2.984927459964422e-07,232.0,ASK
698,1712694052.2269228,100616736.3392534,214.0,3.831222457066232e-09,232.0,BID
699,1712694060.5067618,100616736.3392534,214.0,0.0,232.0,BID
700,1712694061.666964,100616829.709935,214.2,3.8273943085949054e-09,232.0,BID
701,1712694067.007128,100617763.41675104,214.2,3.8273943088392336e-08,232.0,BID
702,1712694090.5087128,100617763.41675104,214.2,0.0,232.0,BID
703,1712694101.2666578,100619004.11005272,214.1,5.0857288145522897e-08,232.0,BID
704,1712694120.326578,100619004.11005272,214.1,0.0,232.0,BID
705,1712694131.146672,100619404.11005272,214.0,-1.6396230823614876e-08,232.0,ASK
706,1712694150.356177,100619404.11005272,214.0,-0.0,232.0,ASK
707,1712694152.0596485,100619951.42825274,214.0,-2.2434810134090137e-08,232.0,ASK
708,1712694152.63668,100620567.83725274,214.0,-2.526687195792092e-08,232.0,ASK
709,1712694157.7964528,100620568.9014888,214.0,-4.362349715177989e-11,232.0,ASK
710,1712694157.8037584,100621118.98025274,214.0,-2.2547966845947792e-08,232.0,ASK
711,1712694175.8764095,100621119.13571748,214.0,-6.372566377023958e-12,232.0,ASK
712,1712694175.8860464,100621190.35825272,214.0,-2.919442576500482e-09,232.0,ASK
713,1712694177.8933408,100621752.95527253,214.0,-2.3061095575721704e-08,232.0,ASK
714,1712694177.8966403,100621753.09425274,214.0,-5.696859622315918e-12,232.0,ASK
715,1712694180.5060234,100621753.09425274,214.0,-0.0,232.0,ASK
716,1712694210.5259712,100621753.09425274,214.0,-0.0,232.0,ASK
717,1712694211.916156,100621799.77959354,214.2,1.9136129149241995e-09,232.0,BID
718,1712694240.3264112,100621799.77959354,214.2,0.0,232.0,BID
719,1712694243.2664945,100621799.79846208,214.0,-7.73413201794638e-13,232.0,ASK
720,1712694243.9664068,100622021.62946208,213.9,-9.092757709259544e-09,232.0,ASK
721,1712694265.1263802,100622021.76947656,213.9,-5.739133771063752e-12,232.0,ASK
722,1712694265.132908,100622472.66746208,213.9,-1.848211536667009e-08,232.0,ASK
723,1712694270.3258915,100622472.66746208,213.9,-0.0,232.0,ASK
724,1712694287.58597,100622753.04129384,214.0,1.1492335516277797e-08,232.0,BID
725,1712694292.047429,100622753.09828316,213.9,-2.335953723646317e-12,232.0,ASK
726,1712694292.0508542,100624444.27040663,213.8,-6.932001227254715e-08,232.0,ASK
727,1712694292.0540686,100625625.59788878,213.8,-4.8421822015437584e-08,232.0,ASK
728,1712694297.8259134,100625719.0558327,214.0,3.830778505222336e-09,232.0,BID
729,1712694300.4955552,100625719.0558327,214.0,0.0,232.0,BID
730,1712694308.1256824,100625719.112822,213.8,-2.343505038735848e-12,232.0,ASK
731,1712694308.6863945,100625918.87579536,213.8,-8.214619842995234e-09,232.0,ASK
732,1712694308.6936662,100630394.0248327,213.7,-1.8402633613894346e-07,232.0,ASK
733,1712694308.7060616,100632528.9366283,213.7,-8.77914886067339e-08,232.0,ASK
734,1712694308.7094686,100632803.2623185,213.7,-1.1280775513168813e-08,232.0,ASK
735,1712694310.6557674,100632859.4158047,213.7,2.309134341489209e-09,232.0,BID
736,1712694318.8257182,100633039.369946,213.7,7.400044338396836e-09,232.0,BID
737,1712694319.6354363,100633339.369946,213.7,1.2336550220147544e-08,232.0,BID
738,1712694330.4956489,100633339.369946,213.7,0.0,232.0,BID
739,1712694337.62555,100633639.369946,213.7,1.2335724144442012e-08,232.0,BID
740,1712694339.2056408,100637234.4200219,213.7,1.478251534060044e-07,232.0,BID
741,1712694339.215407,100638413.14287332,213.7,4.8467999792500494e-08,232.0,BID
742,1712694358.2854793,100638518.28306022,214.0,4.323267807219247e-09,232.0,BID
743,1712694360.345542,100638518.28306022,214.0,0.0,232.0,BID
744,1712694378.1256757,100638542.12534994,214.0,9.803284157621081e-10,232.0,BID
745,1712694381.1154675,100638565.4945088,214.0,9.608745955083295e-10,232.0,BID
746,1712694389.2356389,100638860.59862672,213.7,-1.21338577737742e-08,232.0,ASK
747,1712694389.242756,100639275.8983,213.7,-1.7075963576353634e-08,232.0,ASK
748,1712694390.335096,100639275.8983,213.7,-0.0,232.0,ASK
749,1712694402.4854746,100639497.18983018,213.7,9.098829580303885e-09,232.0,BID
750,1712694406.305459,100644176.64701314,213.7,1.924049393215148e-07,232.0,BID
751,1712694411.865319,100647634.34942298,213.7,1.421701270777011e-07,232.0,BID
752,1712694415.867262,100656872.89804928,213.7,3.798608082863262e-07,232.0,BID
753,1712694415.9664788,100661621.46223176,213.7,1.9524640736674408e-07,232.0,BID
754,1712694417.555338,100663961.19082326,213.7,9.620246966106376e-08,232.0,BID
755,1712694418.6552663,100664293.07196502,213.7,1.3645935510674343e-08,232.0,BID
756,1712694420.5272708,100664293.07196502,213.7,0.0,232.0,BID
757,1712694422.915926,100664339.88844442,213.6,-1.9245271194191076e-09,232.0,ASK
758,1712694422.922555,100665193.07196502,213.6,-3.50725822250436e-08,232.0,ASK
759,1712694431.2051623,100671300.7757714,213.7,2.510748728532004e-07,232.0,BID
760,1712694431.2850988,100676689.92618877,213.7,2.215366525169892e-07,232.0,BID
761,1712694441.5952218,100676736.63333496,214.1,1.9200326611542643e-09,232.0,BID
762,1712694450.524836,100676736.63333496,214.1,0.0,232.0,BID
763,1712694474.645101,100682125.7837623,214.1,-2.215124392371353e-07,232.0,ASK
764,1712694474.9049976,100682543.36676233,214.1,-1.7164083682953097e-08,232.0,ASK
765,1712694475.2692094,100683122.94937848,214.1,-2.382281971474777e-08,232.0,ASK
766,1712694477.034788,100683816.7573178,214.1,-2.8517869574510654e-08,232.0,ASK
767,1712694477.1402647,100686046.1376446,214.1,-9.163512520755984e-08,232.0,ASK
768,1712694477.1433616,100686736.63333496,214.1,-2.8381724859974893e-08,232.0,ASK
769,1712694477.2552314,100687413.56545351,213.9,2.7824215857327866e-08,232.0,BID
770,1712694477.2698638,100687873.41062006,213.9,1.8901202682506025e-08,232.0,BID
771,1712694480.308313,100687873.41062006,213.9,0.0,232.0,BID
772,1712694504.5552812,100688096.68122607,213.9,9.17628316972598e-09,232.0,BID
773,1712694507.0049512,100688096.68122652,213.9,1.8372853970618265e-17,232.0,BID
774,1712694510.3047438,100688096.68122652,213.9,0.0,232.0,BID
775,1712694540.344644,100688096.68122652,213.9,0.0,232.0,BID
776,1712694570.3645842,100688096.68122652,213.9,0.0,232.0,BID
777,1712694581.464916,100694651.90902066,214.0,-2.694152601992067e-07,232.0,ASK
778,1712694581.565002,100706809.90927128,214.0,4.996852746980636e-07,232.0,BID
779,1712694581.5751283,100736893.94030274,214.0,1.2364325547048829e-06,232.0,BID
780,1712694581.5803022,100775899.94547562,214.0,1.603119428187685e-06,232.0,BID
781,1712694590.164719,100775967.55285192,214.2,2.77861570142073e-09,232.0,BID
782,1712694600.614323,100775967.55285192,214.2,0.0,232.0,BID
783,1712694629.9551103,100775990.89552233,214.2,9.597249574349051e-10,232.0,BID
784,1712694630.4942129,100775990.89552233,214.2,0.0,232.0,BID
785,1712694631.9856462,100782488.31454292,214.0,-2.671388408143412e-07,232.0,ASK
786,1712694631.9933703,100782992.8290332,213.8,-2.0742915868447312e-08,232.0,ASK
787,1712694631.997624,100809201.18263696,214.0,-1.077546203985936e-06,232.0,ASK
788,1712694632.001102,100809485.33695996,213.9,-1.1682893810750184e-08,232.0,ASK
789,1712694632.00459,100822002.33695996,213.9,-5.146315575257724e-07,232.0,ASK
790,1712694632.00813,100822092.5787824,214.0,-3.710257220321709e-09,232.0,ASK
791,1712694659.2343488,100822185.949464,214.2,3.838899041177953e-09,232.0,BID
792,1712694660.3141918,100822185.949464,214.2,0.0,232.0,BID
793,1712694673.5349417,100822764.37463696,213.8,-2.3772063882340268e-08,232.0,ASK
794,1712694673.5430834,100831719.79109403,213.7,-3.6804887142735e-07,232.0,ASK
795,1712694673.5484006,100832719.79109403,214.0,-4.10979068578642e-08,232.0,ASK
796,1712694673.551965,100845236.79109403,213.8,-5.144225001398862e-07,232.0,ASK
797,1712694683.1340888,100845895.10495292,214.2,2.7055321654944453e-08,232.0,BID
798,1712694690.3840306,100845895.10495292,214.2,0.0,232.0,BID
799,1712694720.4943204,100845895.10495292,214.2,0.0,232.0,BID
800,1712694727.834525,100846035.16097532,214.2,5.754810589223327e-09,232.0,BID
801,1712694732.7148066,100846191.72555588,214.1,-6.433136473112563e-09,232.0,ASK
802,1712694738.395231,100846713.26035587,214.2,2.1429524687212823e-08,232.0,BID
803,1712694738.3996806,100865266.80690788,214.2,7.623531236370723e-07,232.0,BID
804,1712694738.475034,100865266.80690873,214.2,3.4287623555211946e-17,232.0,BID
805,1712694750.4951322,100865266.80690873,214.2,0.0,232.0,BID
806,1712694774.8782296,100865466.80690873,214.5,8.216468644447135e-09,232.0,BID
807,1712694779.4168844,100865504.80644184,214.5,1.5611098624019811e-09,232.0,BID
808,1712694780.3550613,100865504.80644184,214.5,0.0,232.0,BID
809,1712694810.305275,100865504.80644184,214.5,0.0,232.0,BID
810,1712694817.525803,100865541.50341156,214.5,-1.507594342684622e-09,232.0,ASK
811,1712694840.5157907,100865541.50341156,214.5,-0.0,232.0,ASK
812,1712694870.4957418,100865541.50341156,214.5,-0.0,232.0,ASK
813,1712694900.3416097,100865541.50341156,214.5,-0.0,232.0,ASK
814,1712694930.326013,100865541.50341156,214.5,-0.0,232.0,ASK
815,1712694960.496725,100865541.50341156,214.5,-0.0,232.0,ASK
816,1712694990.5064406,100865541.50341156,214.5,-0.0,232.0,ASK
817,1712695020.3070345,100865541.50341156,214.5,-0.0,232.0,ASK
818,1712695050.34991,100865541.50341156,214.5,-0.0,232.0,ASK
819,1712695080.5172348,100865541.50341156,214.5,-0.0,232.0,ASK
820,1712695098.927641,100866105.6632855,214.4,-2.3179374324077968e-08,232.0,ASK
821,1712695098.935899,100867883.66006798,214.5,-7.305172677343585e-08,232.0,ASK
822,1712695110.5071,100867883.66006798,214.5,-0.0,232.0,ASK
823,1712695140.3271434,100867883.66006798,214.5,-0.0,232.0,ASK
824,1712695147.2780714,100868106.930674,214.4,-9.173226207174802e-09,232.0,ASK
825,1712695170.317285,100868106.930674,214.4,-0.0,232.0,ASK
826,1712695200.3575132,100868106.930674,214.4,-0.0,232.0,ASK
827,1712695206.6476183,100869247.38152584,214.4,-4.6887982797489286e-08,232.0,ASK
828,1712695230.3376334,100869247.38152584,214.4,-0.0,232.0,ASK
829,1712695247.6276174,100869418.55059896,214.7,7.037297453362815e-09,232.0,BID
830,1712695260.498035,100869418.55059896,214.7,0.0,232.0,BID
831,1712695290.5075712,100869418.55059896,214.7,0.0,232.0,BID
832,1712695315.7391765,100873905.04337896,214.7,-1.8445351100103049e-07,232.0,ASK
833,1712695315.8276987,100873905.04337958,214.7,-2.573056698606701e-17,232.0,ASK
834,1712695320.322008,100873905.04337958,214.7,-0.0,232.0,ASK
835,1712695350.3440056,100873905.04337958,214.7,-0.0,232.0,ASK
836,1712695380.497893,100873905.04337958,214.7,-0.0,232.0,ASK
837,1712695410.5027435,100873905.04337958,214.7,-0.0,232.0,ASK
838,1712695440.3280437,100873905.04337958,214.7,-0.0,232.0,ASK
839,1712695447.128051,100873951.6199981,214.7,1.914832146349649e-09,232.0,BID
840,1712695469.8680315,100873987.47933672,214.7,1.4742292699253524e-09,232.0,BID
841,1712695470.338136,100873987.47933672,214.7,0.0,232.0,BID
842,1712695482.1180222,100874023.30213328,214.7,1.472725902085255e-09,232.0,BID
843,1712695485.738255,100875388.52755584,214.6,-5.6126350665589935e-08,232.0,ASK
844,1712695500.3458867,100875388.52755584,214.6,-0.0,232.0,ASK
845,1712695506.008207,100879462.16447052,214.7,1.6763060018149757e-07,232.0,BID
846,1712695506.0151024,100882646.78059584,214.7,1.3104729842619825e-07,232.0,BID
847,1712695506.0479438,100882646.7805962,214.7,1.410324112652139e-17,232.0,BID
848,1712695530.3378067,100882646.7805962,214.7,0.0,232.0,BID
849,1712695560.508015,100882646.7805962,214.7,0.0,232.0,BID
1050,1712695568.137913,100883609.6542082,214.9,-3.9619812739645144e-08,232.0,ASK
850,1712695568.137913,100883609.6542082,214.9,-3.961981273964514e-08,232.0,ASK
851,1712695568.1579618,100883609.65420824,214.9,-1.839435234525571e-18,232.0,ASK
852,1712695579.3181894,100889905.03363626,214.7,-2.590389340346122e-07,232.0,ASK
853,1712695579.498185,100892233.86456214,214.7,-9.582549987421029e-08,232.0,ASK
854,1712695579.5042734,100899917.98187225,214.7,-3.161819839086097e-07,232.0,ASK
855,1712695590.4980114,100899917.98187225,214.7,-0.0,232.0,ASK
856,1712695620.3285728,100899917.98187225,214.7,-0.0,232.0,ASK
857,1712695650.3282416,100899917.98187225,214.7,-0.0,232.0,ASK
858,1712695680.5380423,100899917.98187225,214.7,-0.0,232.0,ASK
859,1712695710.4981213,100899917.98187225,214.7,-0.0,232.0,ASK
860,1712695740.334515,100899917.98187225,214.7,-0.0,232.0,ASK
861,1712695770.3380094,100899917.98187225,214.7,-0.0,232.0,ASK
862,1712695800.4279108,100899917.98187225,214.7,-0.0,232.0,ASK
863,1712695830.3280172,100899917.98187225,214.7,-0.0,232.0,ASK
864,1712695856.1386056,100899917.98187324,214.7,-4.051263246997543e-17,232.0,ASK
865,1712695856.1451366,100899941.26399612,214.8,-9.59067100086432e-10,232.0,ASK
866,1712695856.1508293,100904569.87325442,214.7,-1.9066761561143968e-07,232.0,ASK
867,1712695860.507995,100904569.87325442,214.7,-0.0,232.0,ASK
868,1712695890.5079358,100904569.87325442,214.7,-0.0,232.0,ASK
869,1712695900.368272,100904593.12906836,215.0,9.57943936437081e-10,232.0,BID
870,1712695911.0181415,100905058.24534744,215.0,1.9158878725672608e-08,232.0,BID
871,1712695920.3182569,100905058.24534744,215.0,0.0,232.0,BID
872,1712695927.4585896,100907356.36860512,215.0,9.466293987594404e-08,232.0,BID
873,1712695927.4650388,100921836.27028728,215.0,5.964475829382203e-07,232.0,BID
874,1712695927.470642,100941396.10032316,215.0,8.056970001365513e-07,232.0,BID
875,1712695927.6000671,100943648.51102008,215.0,-9.27799749925212e-08,232.0,ASK
876,1712695927.60423,100943706.11121632,215.0,-2.372633363101486e-09,232.0,ASK
877,1712695932.3479905,100946988.38692749,215.1,1.3520156817532342e-07,232.0,BID
878,1712695932.4980304,100948082.47883049,215.1,4.506718936231208e-08,232.0,BID
1079,1712695932.5100398,100948082.4788312,215.1,2.946239311996716e-17,232.0,BID
879,1712695932.5100398,100948082.4788312,215.1,2.9462393119967156e-17,232.0,BID
880,1712695950.3278277,100948082.4788312,215.1,0.0,232.0,BID
881,1712695967.868228,100948799.71767378,215.0,-2.9532826623090523e-08,232.0,ASK
882,1712695980.5283172,100948799.71767378,215.0,-0.0,232.0,ASK
883,1712696010.507846,100948799.71767378,215.0,-0.0,232.0,ASK
884,1712696040.3622644,100948799.71767378,215.0,-0.0,232.0,ASK
885,1712696044.308341,100953448.61367378,215.0,-1.9142043019223365e-07,232.0,ASK
886,1712696053.5678449,100953457.37952752,215.0,-3.6093805828149085e-10,232.0,ASK
887,1712696053.5758655,100953774.8096738,215.0,-1.3070332215109396e-08,232.0,ASK
888,1712696067.128067,100956098.22974811,215.2,9.566788978404588e-08,232.0,BID
889,1712696070.3387375,100956098.22974811,215.2,0.0,232.0,BID
890,1712696076.738423,100957027.59777784,215.2,3.8264682834691945e-08,232.0,BID
891,1712696100.49811,100957027.59777784,215.2,0.0,232.0,BID
892,1712696130.4978163,100957027.59777784,215.2,0.0,232.0,BID
893,1712696160.3076138,100957027.59777784,215.2,0.0,232.0,BID
894,1712696170.1378624,100957166.93331456,215.2,5.738101472598632e-09,232.0,BID
895,1712696190.32765,100957166.93331456,215.2,0.0,232.0,BID
896,1712696220.4975276,100957166.93331456,215.2,0.0,232.0,BID
897,1712696250.5174203,100957166.93331456,215.2,0.0,232.0,BID
898,1712696280.327605,100957166.93331456,215.2,0.0,232.0,BID
899,1712696310.317573,100957166.93331456,215.2,0.0,232.0,BID
900,1712696327.5079818,100957349.06038418,215.2,7.500328636370081e-09,232.0,BID
901,1712696327.5152144,100958869.34211417,215.2,6.260800559436055e-08,232.0,BID
902,1712696327.5217862,100960772.62304953,215.2,7.83806192614807e-08,232.0,BID
903,1712696327.6276588,100964235.1185525,215.2,-1.4259195091723497e-07,232.0,ASK
904,1712696327.6476324,100964236.2814295,215.0,-4.788941935804648e-11,232.0,ASK
1104,1712696327.6476324,100964236.2814295,215.0,-4.7889419358046475e-11,232.0,ASK
905,1712696327.6543784,100964282.7930574,215.0,-1.9154346212217083e-09,232.0,ASK
906,1712696327.6611123,100964282.79305768,215.0,-1.1045831420450209e-17,232.0,ASK
907,1712696340.517337,100964282.79305768,215.0,-0.0,232.0,ASK
908,1712696344.9279504,100965108.26757573,215.0,3.399241947445266e-08,232.0,BID
909,1712696344.9371746,100965982.21628366,215.0,3.5988550137473634e-08,232.0,BID
910,1712696344.947363,100965982.2162846,215.0,3.8044353489826256e-17,232.0,BID
911,1712696370.517413,100965982.2162846,215.0,0.0,232.0,BID
912,1712696370.6474228,100966261.02669352,215.2,1.1481030088894147e-08,232.0,BID
913,1712696400.44729,100966261.02669352,215.2,0.0,232.0,BID
914,1712696405.777578,100973006.68455504,215.0,-2.784840336721334e-07,232.0,ASK
915,1712696408.0573883,100976114.07742724,215.0,1.282839004019328e-07,232.0,BID
916,1712696408.2572882,100977208.16933124,215.0,-4.516788916487512e-08,232.0,ASK
917,1712696408.277484,100978059.74618292,215.0,-3.5156030962447854e-08,232.0,ASK
918,1712696412.8377478,100978907.59255694,215.0,-3.5002023970668194e-08,232.0,ASK
919,1712696412.8572657,100980020.73739296,215.0,-4.5954459943899364e-08,232.0,ASK
920,1712696417.9577827,100980936.23842923,215.0,-3.7795041885260376e-08,232.0,ASK
921,1712696417.9653838,100981851.1798308,215.0,-3.777193823124275e-08,232.0,ASK
922,1712696418.0373416,100984147.688968,215.0,-9.480782171643097e-08,232.0,ASK
923,1712696418.0573514,100993208.83210509,215.0,-3.740752558598732e-07,232.0,ASK
924,1712696430.3400424,100993208.83210509,215.0,-0.0,232.0,ASK
925,1712696460.5071435,100993208.83210509,215.0,-0.0,232.0,ASK
926,1712696484.3998127,100993441.28212832,215.1,9.594044299623556e-09,232.0,BID
927,1712696490.5070827,100993441.28212832,215.1,0.0,232.0,BID
928,1712696513.5572038,100996691.20179006,215.1,1.3413553771243956e-07,232.0,BID
929,1712696513.5671077,101002739.28305814,215.1,2.496254423069044e-07,232.0,BID
930,1712696520.3171625,101002739.28305814,215.1,0.0,232.0,BID
931,1712696544.9875815,101002786.27553932,214.9,-1.939383771884305e-09,232.0,ASK
932,1712696550.33767,101002786.27553932,214.9,-0.0,232.0,ASK
933,1712696578.6171548,101003536.27553932,215.0,3.095255210962071e-08,232.0,BID
934,1712696580.4870296,101003536.27553932,215.0,0.0,232.0,BID
935,1712696580.6507242,101008186.27453934,215.0,-1.9190450472426105e-07,232.0,ASK
936,1712696584.8674972,101009187.26557548,215.0,-4.131069469577517e-08,232.0,ASK
937,1712696584.9871824,101009937.18591806,215.0,-3.094905868258586e-08,232.0,ASK
938,1712696585.5873518,101010455.32208072,215.0,-2.138337313112237e-08,232.0,ASK
939,1712696585.7520764,101011014.27986468,215.0,-2.3068073065820163e-08,232.0,ASK
1140,1712696586.256641,101011479.39614372,215.0,-1.9195253412534012e-08,232.0,ASK
940,1712696586.256641,101011479.39614372,215.0,-1.919525341253401e-08,232.0,ASK
941,1712696586.2626054,101013936.11805788,214.9,-1.0138840936899657e-07,232.0,ASK
942,1712696586.2666097,101015068.11373256,215.0,-4.6717229250350644e-08,232.0,ASK
943,1712696586.2706988,101015712.49822947,214.9,-2.6593615984535868e-08,232.0,ASK
944,1712696587.3566506,101017386.91901822,214.9,-6.910300242305337e-08,232.0,ASK
945,1712696588.9017797,101018917.67387356,214.9,-6.317393882650748e-08,232.0,ASK
946,1712696588.932661,101019764.73057944,214.9,-3.4957856466510114e-08,232.0,ASK
947,1712696589.203419,101020907.72799625,214.9,-4.717126889129915e-08,232.0,ASK
948,1712696589.561514,101022160.2098663,214.9,-5.16896698146373e-08,232.0,ASK
949,1712696590.610303,101023258.1787451,214.9,-4.5312950366067735e-08,232.0,ASK
950,1712696590.6269662,101024086.74641503,214.9,-3.419481774676548e-08,232.0,ASK
951,1712696593.4058995,101024939.44270128,214.9,-3.5190600791307125e-08,232.0,ASK
952,1712696594.377567,101026325.73890305,214.9,-5.721215983123065e-08,232.0,ASK
953,1712696594.5788224,101028635.55674271,214.9,-9.53257083546404e-08,232.0,ASK
954,1712696595.077369,101029829.45723638,214.9,-4.9272028429789284e-08,232.0,ASK
955,1712696599.3373165,101034480.53823638,214.9,-1.919491586417535e-07,232.0,ASK
956,1712696599.4369664,101037954.04403636,214.9,-1.4335087173197814e-07,232.0,ASK
957,1712696603.4271486,101043257.5623364,214.9,-2.188751121574419e-07,232.0,ASK
958,1712696610.5369065,101043257.5623364,214.9,-0.0,232.0,ASK
959,1712696611.2230165,101045306.71433638,214.9,-8.45382980349269e-08,232.0,ASK
960,1712696627.0919251,101049957.87712708,215.0,1.918849290872049e-07,232.0,BID
961,1712696640.3108122,101049957.87712708,215.0,0.0,232.0,BID
962,1712696662.8672626,101051082.45912708,214.9,-4.639216578427452e-08,232.0,ASK
963,1712696665.1968253,101052007.08312708,214.9,-3.8143336720611414e-08,232.0,ASK
1163,1712696665.1968253,101052007.08312708,214.9,-3.814333672061141e-08,232.0,ASK
964,1712696670.317119,101052007.08312708,214.9,-0.0,232.0,ASK
965,1712696674.7772808,101055703.84812708,214.9,-1.5249916786794692e-07,232.0,ASK
966,1712696674.857376,101056733.65857948,214.9,-4.2481801535994543e-08,232.0,ASK
967,1712696674.8636386,101058335.24557409,214.9,-6.606876118581686e-08,232.0,ASK
968,1712696676.097052,101058705.1535741,214.9,-1.5259466638749383e-08,232.0,ASK
969,1712696686.4571028,101059381.02312134,214.9,-2.7881010435494853e-08,232.0,ASK
970,1712696690.247266,101059959.8255132,214.9,-2.3876790414901052e-08,232.0,ASK
1170,1712696690.247266,101059959.8255132,214.9,-2.387679041490105e-08,232.0,ASK
971,1712696696.127001,101060924.41833268,214.9,-3.979143989410174e-08,232.0,ASK
972,1712696696.1870167,101062154.5436875,214.9,-5.0745203707638e-08,232.0,ASK
973,1712696696.4875913,101062885.60156374,214.9,-3.0157642639044976e-08,232.0,ASK
974,1712696696.494197,101063611.15604204,214.9,-2.9930616143104346e-08,232.0,ASK
975,1712696696.6770194,101064344.55753674,214.9,-3.0254321725094866e-08,232.0,ASK
976,1712696700.5068529,101064344.55753674,214.9,-0.0,232.0,ASK
977,1712696713.43724,101064544.55753674,214.9,-8.255217629765413e-09,232.0,ASK
978,1712696713.4450588,101065355.55753674,214.9,-3.347490748869875e-08,232.0,ASK
979,1712696724.2574403,101065745.38024606,214.9,-1.6090356512388462e-08,232.0,ASK
980,1712696730.516911,101065745.38024606,214.9,-0.0,232.0,ASK
981,1712696760.328244,101065745.38024606,214.9,-0.0,232.0,ASK
982,1712696760.7177937,101066679.87234606,214.8,-3.8571699016665575e-08,232.0,ASK
983,1712696784.058715,101068101.76257633,214.8,-5.868933723040216e-08,232.0,ASK
984,1712696784.0658147,101068230.06052788,214.8,-5.295571757922324e-09,232.0,ASK
985,1712696790.338315,101068230.06052788,214.8,-0.0,232.0,ASK
986,1712696792.828682,101068325.3433279,214.7,-3.9327657483687686e-09,232.0,ASK
987,1712696820.5180967,101068325.3433279,214.7,-0.0,232.0,ASK
988,1712696825.1629272,101068518.8495358,214.7,-7.986897361481502e-09,232.0,ASK
989,1712696825.1717386,101069072.50580037,214.7,-2.2851958118544923e-08,232.0,ASK
990,1712696825.2506278,101069106.67910036,214.6,-1.4104903535239843e-09,232.0,ASK
991,1712696830.1299396,101069153.23403516,214.8,1.9215377639457954e-09,232.0,BID
992,1712696840.9099755,101069193.23403516,214.6,-1.650985247084334e-09,232.0,ASK
993,1712696840.918101,101069235.47499426,214.6,-1.743480007129851e-09,232.0,ASK
994,1712696850.4940012,101069235.47499426,214.6,-0.0,232.0,ASK
995,1712696877.910859,101069424.647874,214.6,7.807977869340113e-09,232.0,BID
996,1712696880.3333929,101069424.647874,214.6,0.0,232.0,BID
997,1712696910.3513596,101069424.647874,214.6,0.0,232.0,BID
998,1712696914.141804,101069452.60686748,214.6,1.153985903441713e-09,232.0,BID
999,1712696926.737053,101069492.60686748,214.5,-1.6509691656580071e-09,232.0,ASK
1000,1712696926.740892,101070040.03693742,214.5,-2.2594754144938543e-08,232.0,ASK
1201,1712696926.8518405,101070079.2757374,214.4,-1.619551221990742e-09,232.0,ASK
1202,1712696933.3421652,101070444.6482374,214.4,-1.5080468287082912e-08,232.0,ASK
1203,1712696938.802075,101070677.09826066,214.4,-9.59419552350605e-09,232.0,ASK
1204,1712696938.9222105,101070696.06153706,214.4,-7.82694615454221e-10,232.0,ASK
1205,1712696938.9319649,101070712.72856066,214.4,-6.879185511371833e-10,232.0,ASK
1206,1712696940.4969273,101070712.72856066,214.4,-0.0,232.0,ASK
1207,1712696962.942979,101070742.72856066,214.4,-1.2382127572161802e-09,232.0,ASK
1208,1712696962.9459522,101070847.94353332,214.4,-4.342617379923203e-09,232.0,ASK
1209,1712696970.522459,101070847.94353332,214.4,-0.0,232.0,ASK
1210,1712696982.043014,101071314.36144374,214.4,1.9250797195332173e-08,232.0,BID
1211,1712697000.3630404,101071314.36144374,214.4,0.0,232.0,BID
1212,1712697023.2340488,101073214.9120737,214.3,-7.86804251652125e-08,232.0,ASK
1213,1712697023.2367685,101076391.147258,214.3,-1.3149217431362e-07,232.0,ASK
1214,1712697030.344147,101076391.147258,214.3,-0.0,232.0,ASK
1215,1712697030.6657507,101076714.0186252,214.2,-1.3365869824575584e-08,232.0,ASK
1216,1712697030.6670651,101076760.703966,214.2,-1.9326278244429484e-09,232.0,ASK
1217,1712697036.823805,101081390.78123176,214.3,1.9167078998333857e-07,232.0,BID
1218,1712697060.5241165,101081390.78123176,214.3,0.0,232.0,BID
1219,1712697090.5145428,101081390.78123176,214.3,0.0,232.0,BID
1220,1712697104.46487,101088219.03320292,214.3,2.8265584571121575e-07,232.0,BID
1221,1712697120.346624,101088219.03320292,214.3,0.0,232.0,BID
1222,1712697149.9656572,101089019.05228184,214.3,-3.3114825537890376e-08,232.0,ASK
1223,1712697150.33613,101089019.05228184,214.3,-0.0,232.0,ASK
1224,1712697152.035816,101089615.15017273,214.3,-2.4673833536230224e-08,232.0,ASK
1225,1712697176.1762657,101091390.78123176,214.3,-7.349736652480805e-08,232.0,ASK
1226,1712697180.536419,101091390.78123176,214.3,-0.0,232.0,ASK
1227,1712697210.536587,101091390.78123176,214.3,-0.0,232.0,ASK
1228,1712697211.660241,101091879.59083828,214.2,-2.0232504283954333e-08,232.0,ASK
1229,1712697211.661547,101091909.21103828,214.2,-1.2260209610450679e-09,232.0,ASK
1230,1712697220.7190115,101092423.58965434,214.2,-2.1290840880047344e-08,232.0,ASK
1231,1712697223.8869953,101092688.92462166,214.2,-1.0982580520627425e-08,232.0,ASK
1232,1712697223.8903413,101094441.135447,214.2,-7.252642451584624e-08,232.0,ASK
1233,1712697240.3168344,101094441.135447,214.2,-0.0,232.0,ASK
1234,1712697270.349017,101094441.135447,214.2,-0.0,232.0,ASK
1235,1712697277.6877506,101094467.0691538,214.2,-1.0734028894695e-09,232.0,ASK
1236,1712697277.6906133,101095973.24807036,214.2,-6.234113824366598e-08,232.0,ASK
1237,1712697278.6073778,101097153.54507612,214.2,4.885280094872e-08,232.0,BID
1238,1712697281.7776227,101105973.24807036,214.2,-3.650498075507316e-07,232.0,ASK
1239,1712697281.780714,101115746.88968942,214.1,-4.045335760660106e-07,232.0,ASK
1240,1712697281.787168,101115776.88968942,214.1,-1.2417078254983548e-09,232.0,ASK
1241,1712697300.341153,101115776.88968942,214.1,-0.0,232.0,ASK
1242,1712697330.3375492,101115776.88968942,214.1,-0.0,232.0,ASK
1243,1712697354.7980576,101115816.88968942,214.0,-1.6558617625753291e-09,232.0,ASK
1244,1712697354.8079383,101122352.1759062,214.0,-2.7053826384631216e-07,232.0,ASK
1245,1712697354.8105452,101129211.03283288,213.9,-2.839329729972095e-07,232.0,ASK
1246,1712697360.529062,101129211.03283288,213.9,-0.0,232.0,ASK
1247,1712697362.91805,101129863.63644136,214.0,-2.7012320033146226e-08,232.0,ASK
1248,1712697366.8081927,101130932.80155043,214.0,-4.425447502864954e-08,232.0,ASK
1249,1712697390.5284436,101130932.80155043,214.0,-0.0,232.0,ASK
1250,1712697420.3586886,101130932.80155043,214.0,-0.0,232.0,ASK
1251,1712697428.1591492,101137218.44553696,214.0,-2.601690142869736e-07,232.0,ASK
1252,1712697428.1622286,101137265.1278033,214.0,-1.932225121935052e-09,232.0,ASK
1253,1712697428.1651342,101140344.56625631,213.9,-1.2746099979617328e-07,232.0,ASK
1254,1712697450.3742523,101140344.56625631,213.9,-0.0,232.0,ASK
1255,1712697480.5109563,101140344.56625631,213.9,-0.0,232.0,ASK
1256,1712697510.5193295,101140344.56625631,213.9,-0.0,232.0,ASK
1257,1712697512.5893793,101140811.41966435,214.2,1.9321913219334283e-08,232.0,BID
1258,1712697540.3497229,101140811.41966435,214.2,0.0,232.0,BID
1259,1712697567.62979,101142167.62447892,214.2,5.61297461493305e-08,232.0,BID
1260,1712697567.63243,101143145.41966435,214.2,4.046836801844152e-08,232.0,BID
1261,1712697570.339862,101143145.41966435,214.2,0.0,232.0,BID
1262,1712697571.5234883,101146338.07807893,214.2,1.321329909429251e-07,232.0,BID
1263,1712697571.5259562,101147809.9781414,214.2,6.091680736583491e-08,232.0,BID
1264,1712697600.380195,101147809.9781414,214.2,0.0,232.0,BID
1265,1712697622.2301772,101148215.50654142,214.2,1.6866951695643317e-08,232.0,BID
1266,1712697622.2332652,101148743.68495746,214.2,2.196827603196608e-08,232.0,BID
1267,1712697630.3438048,101148743.68495746,214.2,0.0,232.0,BID
1268,1712697631.4040475,101148977.43904816,213.9,-9.722342896681248e-09,232.0,ASK
1269,1712697631.4127564,101151705.5263939,213.9,-1.1346710788432409e-07,232.0,ASK
1270,1712697631.414233,101152173.0345753,213.9,-1.9444685793362496e-08,232.0,ASK
1271,1712697631.4157112,101153585.929323,213.8,-5.8765376781926856e-08,232.0,ASK
1272,1712697660.3906236,101153585.929323,213.8,-0.0,232.0,ASK
1273,1712697684.270516,101155040.96182302,213.8,-6.051537127588573e-08,232.0,ASK
1274,1712697690.340402,101155040.96182302,213.8,-0.0,232.0,ASK
1275,1712697720.520532,101155040.96182302,213.8,-0.0,232.0,ASK
1276,1712697727.8208742,101155057.95856968,213.8,-7.06892201358086e-10,232.0,ASK
1277,1712697727.8243508,101155478.91273244,213.8,-1.7507421905528405e-08,232.0,ASK
1278,1712697731.5211427,101161961.15710224,213.7,-2.695955928601396e-07,232.0,ASK
1279,1712697731.5243676,101162475.89739232,213.7,-2.1407973190070696e-08,232.0,ASK
1280,1712697731.560574,101183085.89739232,213.7,-8.571668779940669e-07,232.0,ASK
1281,1712697731.5807812,101184649.640388,213.7,-6.503584190158091e-08,232.0,ASK
1282,1712697731.621283,101184795.4554629,213.6,-6.064427584117547e-09,232.0,ASK
1283,1712697731.6242907,101187776.82846718,213.6,-1.23994866094523e-07,232.0,ASK
1284,1712697731.6273117,101188562.66205816,213.6,-3.2682703824342056e-08,232.0,ASK
1285,1712697731.6453483,101188679.7580769,213.5,-4.870006249475753e-09,232.0,ASK
1286,1712697731.647858,101190888.2434535,213.5,-9.185058298654688e-08,232.0,ASK
1287,1712697731.7609406,101204926.6150024,213.5,-5.838538142987124e-07,232.0,ASK
1288,1712697731.8471787,101217723.9790568,213.5,-5.322404945686926e-07,232.0,ASK
1289,1712697732.3421805,101229428.098907,213.5,-4.867726284160339e-07,232.0,ASK
1290,1712697732.6808414,101241132.21875715,213.5,-4.86772628415414e-07,232.0,ASK
1291,1712697732.7486684,101245424.72294807,213.5,-1.785246198979185e-07,232.0,ASK
1292,1712697732.750151,101248978.86856952,213.5,-1.4781639525829754e-07,232.0,ASK
1293,1712697737.0998292,101249444.2012824,213.4,-1.9353119297552586e-08,232.0,ASK
1294,1712697737.1013863,101255130.23689628,213.4,-2.364813874484339e-07,232.0,ASK
1295,1712697748.940656,101255584.16379412,213.4,-1.8878753122656013e-08,232.0,ASK
1296,1712697750.582578,101255584.16379412,213.4,-0.0,232.0,ASK
1297,1712697751.7732823,101255701.41648984,213.3,-4.872171555874243e-09,232.0,ASK
1298,1712697751.7757385,101260389.5039658,213.2,-1.9480291101787962e-07,232.0,ASK
1299,1712697751.7771962,101261327.15047306,213.3,-3.896178773485624e-08,232.0,ASK
1300,1712697751.778667,101273053.2292723,213.2,-4.872507811840565e-07,232.0,ASK
1301,1712697755.0613575,101275807.491049,213.2,1.1444714173069145e-07,232.0,BID
1302,1712697755.064041,101286661.856349,213.2,4.510286910251078e-07,232.0,BID
1303,1712697758.0713174,101286849.29777355,213.4,7.788706020245191e-09,232.0,BID
1304,1712697760.040828,101286943.0184858,213.4,3.894353009503411e-09,232.0,BID
1305,1712697780.3512125,101286943.0184858,213.4,0.0,232.0,BID
1306,1712697782.4515672,101293023.819649,213.4,2.526038125343605e-07,232.0,BID
1307,1712697782.4601507,101298088.319249,213.4,2.103854201460885e-07,232.0,BID
1308,1712697782.5711534,101298928.79415116,213.4,-3.4914340878103896e-08,232.0,ASK
1309,1712697782.6309657,101310297.36712688,213.4,-4.722642296096506e-07,232.0,ASK
1310,1712697807.241164,101310531.44952388,213.6,9.724065027344332e-09,232.0,BID
1311,1712697810.3535538,101310531.44952388,213.6,0.0,232.0,BID
1312,1712697840.5110793,101310531.44952388,213.6,0.0,232.0,BID
1313,1712697853.596192,101311702.6497456,213.5,4.864289768323125e-08,232.0,BID
1314,1712697853.6003149,101312010.44952384,213.5,1.278370072148224e-08,232.0,BID
1315,1712697870.5214193,101312010.44952384,213.5,0.0,232.0,BID
1316,1712697882.5217464,101324219.6497456,213.5,5.070722132965275e-07,232.0,BID
1317,1712697882.7215734,101326047.4216701,213.5,-7.591098010627684e-08,232.0,ASK
1318,1712697886.3917046,101336047.4216701,213.5,-4.153197622172713e-07,232.0,ASK
1319,1712697900.3329017,101336047.4216701,213.5,-0.0,232.0,ASK
1320,1712697900.366631,101336421.26944526,213.5,-1.55868026215919e-08,232.0,ASK
1321,1712697930.3515875,101336421.26944526,213.5,-0.0,232.0,ASK
1322,1712697959.911837,101337777.47425984,213.3,-5.6543940658270776e-08,232.0,ASK
1323,1712697960.5158238,101337777.47425984,213.3,-0.0,232.0,ASK
1324,1712697977.1420147,101340668.22920369,213.3,-1.2052213859652922e-07,232.0,ASK
1325,1712697990.5264268,101340668.22920369,213.3,-0.0,232.0,ASK
1326,1712697994.4722607,101341109.5019816,213.3,-1.8397191310366488e-08,232.0,ASK
1327,1712697994.4750206,101350833.58777624,213.3,-4.054087984625941e-07,232.0,ASK
1328,1712697996.7820656,101355743.97324146,213.3,2.0471985886185762e-07,232.0,BID
1329,1712698020.371978,101355743.97324146,213.3,0.0,232.0,BID
1330,1712698041.9135787,101356682.0595454,213.2,-3.910470046351274e-08,232.0,ASK
1331,1712698041.9152937,101356734.3770152,213.2,-2.1808856782034114e-09,232.0,ASK
1332,1712698050.3319137,101356734.3770152,213.2,-0.0,232.0,ASK
1333,1712698080.5521638,101356734.3770152,213.2,-0.0,232.0,ASK
1334,1712698081.4024343,101356968.2672858,213.2,-9.749772947315156e-09,232.0,ASK
1335,1712698081.412243,101366483.9247328,213.2,-3.966625003790322e-07,232.0,ASK
1336,1712698110.5123873,101366483.9247328,213.2,-0.0,232.0,ASK
1337,1712698118.872558,101368798.73954764,213.2,9.648525968727853e-08,232.0,BID
1338,1712698140.3522935,101368798.73954764,213.2,0.0,232.0,BID
1339,1712698170.3525028,101368798.73954764,213.2,0.0,232.0,BID
1340,1712698175.0829248,101370185.22599465,213.2,5.778982933916928e-08,232.0,BID
1341,1712698175.1079092,101373583.42854282,213.2,1.41639715080459e-07,232.0,BID
1342,1712698184.4525838,101380651.61378106,213.2,-2.946074370457622e-07,232.0,ASK
1343,1712698188.7526605,101380745.24673986,213.6,3.902694268072427e-09,232.0,BID
1344,1712698200.448176,101380745.24673986,213.6,0.0,232.0,BID
1345,1712698212.4130464,101381250.8324005,213.6,2.1246872069829784e-08,232.0,BID
1346,1712698212.416921,101385426.89467992,213.6,1.754959998174492e-07,232.0,BID
1347,1712698213.592705,101390108.54262,213.6,1.96742871887279e-07,232.0,BID
1348,1712698230.3427792,101390108.54262,213.6,0.0,232.0,BID
1349,1712698246.33279,101390155.3590994,213.6,1.9672633731916508e-09,232.0,BID
1350,1712698246.9727907,101390255.3590994,213.2,-4.202074565222524e-09,232.0,ASK
1351,1712698260.512733,101390255.3590994,213.2,-0.0,232.0,ASK
1352,1712698261.242874,101390910.3590994,213.6,2.7523552178742522e-08,232.0,BID
1353,1712698290.5028095,101390910.3590994,213.6,0.0,232.0,BID
1354,1712698320.343053,101390910.3590994,213.6,0.0,232.0,BID
1355,1712698320.3873837,101392273.5852646,213.6,-5.7283367793370696e-08,232.0,ASK
1356,1712698340.5129664,101399677.47366944,213.6,-3.1111467298753305e-07,232.0,ASK
1357,1712698340.693189,101402388.57030344,213.6,1.1392148241626577e-07,232.0,BID
1358,1712698340.7729726,101402388.5703041,213.6,2.6924596165405567e-17,232.0,BID
1359,1712698350.3535037,101402388.5703041,213.6,0.0,232.0,BID
1360,1712698380.3531697,101402388.5703041,213.6,0.0,232.0,BID
1361,1712698393.3231962,101403091.1584376,213.6,-2.9520023579118894e-08,232.0,ASK
1362,1712698410.353297,101403091.1584376,213.6,-0.0,232.0,ASK
1363,1712698425.648584,101409371.7998757,214.0,2.638864869010809e-07,232.0,BID
1364,1712698425.6570203,101412430.85514076,214.1,1.2852880634595765e-07,232.0,BID
1365,1712698434.4333534,101418387.5310084,214.0,2.5027479817385215e-07,232.0,BID
1366,1712698440.52319,101418387.5310084,214.0,0.0,232.0,BID
1367,1712698446.1334596,101418483.12258886,213.7,-4.015809111460032e-09,232.0,ASK
1368,1712698446.753274,101418992.09692506,213.6,-2.1382048159531265e-08,232.0,ASK
1369,1712698446.893348,101419132.28384095,214.0,5.8892623333848556e-09,232.0,BID
1370,1712698447.4034572,101420692.67007916,213.6,-6.555193713961861e-08,232.0,ASK
1371,1712698451.073661,101420716.01274955,214.2,9.806272479243395e-10,232.0,BID
1372,1712698470.513137,101420716.01274955,214.2,0.0,232.0,BID
1373,1712698478.2634022,101422233.39729656,214.0,6.374410092485973e-08,232.0,BID
1374,1712698479.0034833,101422233.3972966,214.0,2.5039430510063213e-18,232.0,BID
1375,1712698500.373464,101422233.3972966,214.0,0.0,232.0,BID
1376,1712698511.863768,101424558.66036391,214.0,9.799862006843285e-08,232.0,BID
1377,1712698525.543558,101424747.17028265,214.2,7.944783608994778e-09,232.0,BID
1378,1712698530.3552818,101424747.17028265,214.2,0.0,232.0,BID
1379,1712698535.623497,101424837.22471292,214.2,-3.795273716999344e-09,232.0,ASK
1380,1712698560.5042293,101424837.22471292,214.2,-0.0,232.0,ASK
1381,1712698590.5154965,101424837.22471292,214.2,-0.0,232.0,ASK
1382,1712698616.1941028,101426238.66036391,214.2,-5.906236430660744e-08,232.0,ASK
1383,1712698620.3536413,101426238.66036391,214.2,-0.0,232.0,ASK
1384,1712698637.963899,101427903.2005133,214.3,7.01498016658649e-08,232.0,BID
1385,1712698650.367473,101427903.2005133,214.3,0.0,232.0,BID
1386,1712698667.953815,101432739.74902076,214.4,2.0382675555832682e-07,232.0,BID
1387,1712698680.5241652,101432739.74902076,214.4,0.0,232.0,BID
1388,1712698703.0360093,101436621.09221786,214.4,1.635643721947696e-07,232.0,BID
1389,1712698703.0391717,101437403.92812525,214.4,3.2989626842558336e-08,232.0,BID
1390,1712698710.5137558,101437403.92812525,214.4,0.0,232.0,BID
1391,1712698737.1739862,101438111.79612896,214.4,-2.982913408144533e-08,232.0,ASK
1392,1712698740.330778,101438111.79612896,214.4,-0.0,232.0,ASK
1393,1712698745.7541862,101442784.69332522,214.0,-1.969118322169849e-07,232.0,ASK
1394,1712698745.7638576,101443211.79612896,213.9,-1.7997741464568366e-08,232.0,ASK
1395,1712698770.3450582,101443211.79612896,213.9,-0.0,232.0,ASK
1396,1712698800.3532577,101443211.79612896,213.9,-0.0,232.0,ASK
1397,1712698801.483785,101443610.32293548,214.5,1.680796360621673e-08,232.0,BID
1398,1712698810.3932512,101444008.08260012,214.7,1.6775609213574893e-08,232.0,BID
1399,1712698830.357026,101444008.08260012,214.7,0.0,232.0,BID
1400,1712698860.531939,101444008.08260012,214.7,0.0,232.0,BID
1401,1712698890.5112562,101444008.08260012,214.7,0.0,232.0,BID
1402,1712698920.3568444,101444008.08260012,214.7,0.0,232.0,BID
1403,1712698945.870432,101444033.08260012,214.2,-1.054373394502712e-09,232.0,ASK
1404,1712698945.880674,101444126.4968925,214.1,-3.939741782079791e-09,232.0,ASK
1405,1712698945.8842585,101444266.5529149,214.2,-5.906853750574642e-09,232.0,ASK
1406,1712698945.8878808,101489200.55952203,214.1,-1.8950888429993128e-06,232.0,ASK
1407,1712698945.8914692,101498114.2201182,214.0,-3.7593306320819074e-07,232.0,ASK
1408,1712698950.340061,101498114.2201182,214.0,-0.0,232.0,ASK
1409,1712698950.7513802,101499221.40170269,214.0,-4.667251163726338e-08,232.0,ASK
1410,1712698950.7560978,101499268.1525208,213.9,-1.970749995526327e-09,232.0,ASK
1411,1712698950.7607362,101512910.05738062,214.0,-5.750655287641168e-07,232.0,ASK
1412,1712698950.7653558,101544614.40097484,213.9,-1.336475756170548e-06,232.0,ASK
1413,1712698950.7685502,101546809.74388447,213.8,-9.254323674951577e-08,232.0,ASK
1414,1712698954.7305496,101570005.0981863,214.0,-9.777849078647552e-07,232.0,ASK
1415,1712698954.735723,101586154.2123665,214.0,-6.807552889825384e-07,232.0,ASK
1416,1712698954.7404785,101590635.71527413,214.0,-1.8891480813735138e-07,232.0,ASK
1417,1712698958.943183,101603456.43483034,214.0,-5.40449002284013e-07,232.0,ASK
1418,1712698958.9535186,101651121.3528027,214.0,-2.009283273776681e-06,232.0,ASK
1419,1712698958.9598746,101689244.1509008,214.0,-1.6070414851555418e-06,232.0,ASK
1420,1712698964.583633,101689687.55575724,214.0,-1.8691440149962045e-08,232.0,ASK
1421,1712698964.5876863,101699831.71907663,214.0,-4.276205341624282e-07,232.0,ASK
1422,1712698964.5911217,101700406.63722444,213.8,-2.423529646772698e-08,232.0,ASK
1423,1712698964.594379,101712923.63722444,213.6,-5.276459041102079e-07,232.0,ASK
1424,1712698964.5976028,101723455.4563385,214.0,-4.439619092717966e-07,232.0,ASK
1425,1712698964.5997128,101732522.00038028,214.0,-3.821942021316136e-07,232.0,ASK
1426,1712698964.6015851,101763175.78243452,213.6,-1.2921900252777629e-06,232.0,ASK
1427,1712698964.6034966,101763200.47762084,213.7,-1.0410093408363527e-09,232.0,ASK
1428,1712698970.0204904,101777654.72425143,214.0,-6.093092619349389e-07,232.0,ASK
1429,1712698970.0239282,101785329.50971767,213.5,-3.235255345678265e-07,232.0,ASK
1430,1712698970.0273569,101790965.52937284,214.0,-2.3758270244613934e-07,232.0,ASK
1431,1712698970.0305414,101809835.52937284,213.5,-7.954524415242968e-07,232.0,ASK
1432,1712698970.0337534,101944848.12882708,213.6,-5.691367348829696e-06,232.0,ASK
1433,1712698970.036995,101944873.12882708,213.5,-1.0538585605780296e-09,232.0,ASK
1434,1712698970.0394497,101964223.12882708,213.6,-8.156865258873949e-07,232.0,ASK
1435,1712698970.0412984,101966179.58315964,213.5,-8.247304586994593e-08,232.0,ASK
1436,1712698970.043233,101985069.45778093,213.4,-7.962902431161865e-07,232.0,ASK
1437,1712698977.3797526,101985843.06637391,214.0,-3.2610961530873695e-08,232.0,ASK
1438,1712698980.5293744,101985843.06637391,214.0,-0.0,232.0,ASK
1439,1712698994.7193077,101985866.43085992,214.0,9.806045414633947e-10,232.0,BID
1440,1712699003.869322,101985913.31403749,214.0,1.967681073438792e-09,232.0,BID
1441,1712699008.079661,101986013.31403749,214.0,4.1969874378635875e-09,232.0,BID
1442,1712699009.6092458,101987880.37766528,214.0,7.836042591482508e-08,232.0,BID
1443,1712699009.613636,101991573.70400964,214.0,1.5500844271255066e-07,232.0,BID
1444,1712699010.5092366,101991573.70400964,214.0,0.0,232.0,BID
1445,1712699024.4989378,101993908.70746228,214.0,-9.799475778775136e-08,232.0,ASK
1446,1712699033.9487686,102004055.1240732,214.0,4.258219134887901e-07,232.0,BID
1447,1712699033.9686863,102009691.7869982,214.0,2.3655785923793122e-07,232.0,BID
1448,1712699033.9789574,102011041.93161124,214.0,5.66624833828735e-08,232.0,BID
1449,1712699040.3183148,102011041.93161124,214.0,0.0,232.0,BID
1450,1712699070.3685443,102011041.93161124,214.0,0.0,232.0,BID
1451,1712699072.8883924,102012445.1121538,214.0,-5.8877985545413393e-08,232.0,ASK
1452,1712699100.357491,102012445.1121538,214.0,-0.0,232.0,ASK
1453,1712699104.8180287,102022179.2259546,214.0,-4.094629026607117e-07,232.0,ASK
1454,1712699112.8876743,102022297.22691782,214.0,-4.963679067448309e-09,232.0,ASK
1455,1712699127.9973328,102022397.22691782,214.2,4.206473347654073e-09,232.0,BID
1456,1712699130.3370578,102022397.22691782,214.2,0.0,232.0,BID
1457,1712699160.516625,102022397.22691782,214.2,0.0,232.0,BID
1458,1712699179.9565644,102022761.91093268,214.2,1.5338961696373288e-08,232.0,BID
1459,1712699190.5267296,102022761.91093268,214.2,0.0,232.0,BID
1460,1712699212.1261375,102024815.34786968,214.2,-8.636925598911864e-08,232.0,ASK
1461,1712699220.3559046,102024815.34786968,214.2,-0.0,232.0,ASK
1462,1712699240.3760254,102025646.2431007,214.2,-3.4947494119861085e-08,232.0,ASK
1463,1712699240.3805022,102025979.57088758,214.2,-1.4019783044786822e-08,232.0,ASK
1464,1712699250.3384988,102025979.57088758,214.2,-0.0,232.0,ASK
1465,1712699280.5151043,102025979.57088758,214.2,-0.0,232.0,ASK
1466,1712699290.6654105,102026402.54007526,214.6,1.778991815892793e-08,232.0,BID
1467,1712699310.5148292,102026402.54007526,214.6,0.0,232.0,BID
1468,1712699340.3447304,102026402.54007526,214.6,0.0,232.0,BID
1469,1712699345.49481,102352590.79729798,214.5,1.371929780197055e-05,232.0,BID
1470,1712699357.9979956,102353920.54714812,214.5,5.5928543692871694e-08,232.0,BID
1471,1712699370.3542578,102353920.54714812,214.5,0.0,232.0,BID
1472,1712699400.4041667,102353920.54714812,214.5,0.0,232.0,BID
1473,1712699408.9467545,102363910.62901118,214.3,-4.21261681364828e-07,232.0,ASK
1474,1712699424.224252,102363940.2142861,214.6,1.247551604403551e-09,232.0,BID
1475,1712699430.3363144,102363940.2142861,214.6,0.0,232.0,BID
1476,1712699441.5536954,102365467.3028686,214.5,6.438842749971985e-08,232.0,BID
1477,1712699441.563855,102373259.87877816,214.6,3.28567520403902e-07,232.0,BID
1478,1712699460.513443,102373259.87877816,214.6,0.0,232.0,BID
1479,1712699472.7135708,102390211.44974712,214.3,-7.146887106028334e-07,232.0,ASK
1480,1712699472.7182057,102390544.63626689,214.3,-1.4047349630981288e-08,232.0,ASK
1481,1712699473.8333209,102391476.60271607,214.6,3.929228158997413e-08,232.0,BID
1482,1712699490.523245,102391476.60271607,214.6,0.0,232.0,BID
1483,1712699494.0039554,102403892.96271607,214.6,5.233952617306798e-07,232.0,BID
1484,1712699494.007772,102457516.13482966,214.7,2.260414018537748e-06,232.0,BID
1485,1712699494.0114572,102457556.13482966,215.0,1.686147185586452e-09,232.0,BID
1486,1712699494.0151074,102461319.00719596,214.6,1.5861891625370269e-07,232.0,BID
1487,1712699494.0175486,102483189.00719596,215.0,9.219009737193924e-07,232.0,BID
1488,1712699494.0196185,102518116.00719596,214.9,1.47230156877445e-06,232.0,BID
1489,1712699494.0216844,102518205.00719596,214.8,3.751677487929856e-09,232.0,BID
1490,1712699494.0237937,102518837.50356176,215.0,2.6662049177832443e-08,232.0,BID
1491,1712699494.143288,102520298.91911031,215.0,-6.160404285391659e-08,232.0,ASK
1492,1712699494.1634266,102526833.91911031,215.0,-2.754742964451866e-07,232.0,ASK
1493,1712699494.1670094,102543982.94025464,215.0,-7.228943434512577e-07,232.0,ASK
1494,1712699494.183971,102550682.94025464,215.0,-2.824296535857307e-07,232.0,ASK
1495,1712699494.189838,102557382.94025464,215.0,-2.824296535857307e-07,232.0,ASK
1496,1712699494.1933897,102572924.21759546,215.0,-6.551220262164486e-07,232.0,ASK
1497,1712699494.208513,102596169.21991996,215.0,-9.798623812104351e-07,232.0,ASK
1498,1712699494.21055,102596757.8910384,215.0,-2.4814653739138707e-08,232.0,ASK
1499,1712699494.212633,102611289.44227572,215.0,-6.125583555257258e-07,232.0,ASK
1500,1712699494.2245965,102622129.9397094,214.4,-4.56966855953804e-07,232.0,ASK
