,time,acc_trade_volume,trade_price,dev,high,ask_bid
0,1712689619.150347,603351.14387183,25150.0,0.0,25960.0,ASK
1,1712689620.3833747,603351.14387183,25150.0,-0.0,25960.0,ASK
2,1712689650.3924897,603351.14387183,25150.0,-0.0,25960.0,ASK
3,1712689656.732253,603361.07926198,25150.0,-5.146092069586205e-10,25960.0,ASK
4,1712689658.092055,603361.27806913,25150.0,1.0297329874185394e-11,25960.0,BID
5,1712689680.3934157,603361.27806913,25150.0,0.0,25960.0,BID
6,1712689694.322048,603361.47699514,25140.0,-1.0303350273352357e-11,25960.0,ASK
7,1712689694.3317976,603363.78988831,25140.0,-1.1979604116872323e-10,25960.0,ASK
8,1712689710.3836637,603363.78988831,25140.0,-0.0,25960.0,ASK
9,1712689740.602105,603363.78988831,25140.0,-0.0,25960.0,ASK
10,1712689757.952467,603364.18718668,25170.0,2.0577957010791878e-11,25960.0,BID
11,1712689770.5822966,603364.18718668,25170.0,0.0,25960.0,BID
12,1712689800.3847392,603364.18718668,25170.0,0.0,25960.0,BID
13,1712689830.3924737,603364.18718668,25170.0,0.0,25960.0,BID
14,1712689853.1725872,603368.16491142,25140.0,-2.0604768661796086e-10,25960.0,ASK
15,1712689853.1738057,603375.85201825,25140.0,-3.981951197426295e-10,25960.0,ASK
16,1712689860.5736225,603375.85201825,25140.0,-0.0,25960.0,ASK
17,1712689890.5629475,603375.85201825,25140.0,-0.0,25960.0,ASK
18,1712689920.374269,603375.85201825,25140.0,-0.0,25960.0,ASK
19,1712689950.3947835,603375.85201825,25140.0,-0.0,25960.0,ASK
20,1712689971.6221116,603376.35201825,25140.0,2.5899800782569867e-11,25960.0,BID
21,1712689972.9723663,603376.55090448,25140.0,1.0302227471097462e-11,25960.0,BID
22,1712689980.5638332,603376.55090448,25140.0,0.0,25960.0,BID
23,1712689993.0121958,603376.95186678,25130.0,-2.0769668474599072e-11,25960.0,ASK
24,1712689994.9622123,603377.58830273,25140.0,3.2967098630779593e-11,25960.0,BID
25,1712690010.5734303,603377.58830273,25140.0,0.0,25960.0,BID
26,1712690040.3630755,603377.58830273,25140.0,0.0,25960.0,BID
27,1712690070.36496,603377.58830273,25140.0,0.0,25960.0,BID
28,1712690082.762619,603677.18734043,25130.0,-1.5519075695780897e-08,25960.0,ASK
29,1712690082.764635,603736.15775673,25130.0,-3.0546371623791198e-09,25960.0,ASK
30,1712690100.4133189,603736.15775673,25130.0,-0.0,25960.0,ASK
31,1712690121.042719,603743.15471302,25140.0,3.6250590377354885e-10,25960.0,BID
32,1712690121.0441527,603744.81024947,25140.0,8.577182880673356e-11,25960.0,BID
33,1712690121.1219544,603764.37394947,25140.0,1.0135773979023427e-09,25960.0,BID
34,1712690124.0020306,603768.35167421,25140.0,2.0608227950759582e-10,25960.0,BID
35,1712690124.0827603,603780.08900085,25140.0,6.08100154575748e-10,25960.0,BID
36,1712690124.0842838,603780.60075168,25140.0,2.651334229390852e-11,25960.0,BID
37,1712690124.085888,603782.0778642,25140.0,7.652784823197309e-11,25960.0,BID
38,1712690130.3635616,603782.0778642,25140.0,0.0,25960.0,BID
39,1712690131.9524682,603786.8849711,25140.0,2.4903691549531566e-10,25960.0,BID
40,1712690131.9539225,603791.58843983,25140.0,2.436678378495247e-10,25960.0,BID
41,1712690160.5719512,603791.58843983,25140.0,0.0,25960.0,BID
42,1712690190.6232271,603791.58843983,25140.0,0.0,25960.0,BID
43,1712690220.3934116,603791.58843983,25140.0,0.0,25960.0,BID
44,1712690250.432828,603791.58843983,25140.0,0.0,25960.0,BID
45,1712690274.4722216,603796.60063885,25150.0,2.596586988207001e-10,25960.0,BID
46,1712690280.5622694,603796.60063885,25150.0,0.0,25960.0,BID
47,1712690285.7123852,603796.799446,25150.0,1.029920571200494e-11,25960.0,BID
48,1712690286.4321716,603801.38475465,25150.0,2.375419447261794e-10,25960.0,BID
49,1712690286.452006,603805.95743404,25150.0,2.36887685837043e-10,25960.0,BID
50,1712690289.1420014,603813.27967791,25150.0,3.7932889177870176e-10,25960.0,BID
51,1712690294.402153,603819.70438213,25150.0,3.3283184431066234e-10,25960.0,BID
52,1712690296.051941,603824.74590602,25150.0,2.611761782400497e-10,25960.0,BID
53,1712690310.5906184,603824.74590602,25150.0,0.0,25960.0,BID
54,1712690340.372519,603824.74590602,25150.0,0.0,25960.0,BID
55,1712690355.178113,603871.11130266,25150.0,2.4018715999821194e-09,25960.0,BID
56,1712690370.3859384,603871.11130266,25150.0,0.0,25960.0,BID
57,1712690400.4034722,603871.11130266,25150.0,0.0,25960.0,BID
58,1712690430.3846595,603871.11130266,25150.0,0.0,25960.0,BID
59,1712690460.5721388,603871.11130266,25150.0,0.0,25960.0,BID
60,1712690490.5894372,603871.11130266,25150.0,0.0,25960.0,BID
61,1712690520.38366,603871.11130266,25150.0,0.0,25960.0,BID
62,1712690550.39474,603871.11130266,25150.0,0.0,25960.0,BID
63,1712690580.5621214,603871.11130266,25150.0,0.0,25960.0,BID
64,1712690586.2127073,603899.91130266,25220.0,1.5045818749479395e-09,25960.0,BID
65,1712690586.2146883,603926.93037482,25220.0,1.411541883673379e-09,25960.0,BID
66,1712690597.3122032,603927.12855159,25230.0,1.0353235284212908e-11,25960.0,BID
67,1712690610.5791264,603927.12855159,25230.0,0.0,25960.0,BID
68,1712690625.4323354,603999.98219972,25210.0,-3.805770448670266e-09,25960.0,ASK
69,1712690640.373849,603999.98219972,25210.0,-0.0,25960.0,ASK
70,1712690665.891937,604000.18163628,25230.0,1.0417281371897098e-11,25960.0,BID
71,1712690665.8938615,604005.23219972,25230.0,2.6380890459619987e-10,25960.0,BID
72,1712690668.032038,604009.89614857,25230.0,2.4361464851198307e-10,25960.0,BID
73,1712690670.3825974,604009.89614857,25230.0,0.0,25960.0,BID
74,1712690700.5734484,604009.89614857,25230.0,0.0,25960.0,BID
75,1712690730.6020198,604009.89614857,25230.0,0.0,25960.0,BID
76,1712690760.34718,604009.89614857,25230.0,0.0,25960.0,BID
77,1712690790.3736773,604009.89614857,25230.0,0.0,25960.0,BID
78,1712690820.5718496,604009.89614857,25230.0,0.0,25960.0,BID
79,1712690850.5936928,604009.89614857,25230.0,0.0,25960.0,BID
80,1712690880.382409,604009.89614857,25230.0,0.0,25960.0,BID
81,1712690908.851785,604010.09416837,25250.0,1.0351554655619402e-11,25960.0,BID
82,1712690910.365013,604010.09416837,25250.0,0.0,25960.0,BID
83,1712690917.4283009,604014.75465034,25230.0,-2.4362826960479436e-10,25960.0,ASK
84,1712690917.95468,604027.21751201,25230.0,-6.515003046003322e-10,25960.0,ASK
85,1712690917.9555097,604030.48410098,25230.0,-1.7076204207995286e-10,25960.0,ASK
86,1712690935.0653582,604050.29392665,25240.0,1.0355653299970036e-09,25960.0,BID
87,1712690940.5717392,604050.29392665,25240.0,0.0,25960.0,BID
88,1712690970.5733714,604050.29392665,25240.0,0.0,25960.0,BID
89,1712690973.9617083,604053.46349875,25240.0,1.6568166631207848e-10,25960.0,BID
90,1712690990.4919653,604057.42076032,25250.0,2.0685621600041926e-10,25960.0,BID
91,1712691000.443374,604057.42076032,25250.0,0.0,25960.0,BID
92,1712691030.3639915,604057.42076032,25250.0,0.0,25960.0,BID
93,1712691031.861612,604057.73917961,25210.0,-1.7010077255547218e-11,25960.0,ASK
94,1712691050.7220912,604097.40597849,25210.0,-2.119015193494147e-09,25960.0,ASK
95,1712691050.7317076,604107.40597849,25210.0,-5.34203730405862e-10,25960.0,ASK
96,1712691050.7333164,604150.20732716,25210.0,-2.2864640125935502e-09,25960.0,ASK
97,1712691050.7349386,604177.90798003,25210.0,-1.479779209783203e-09,25960.0,ASK
98,1712691050.8817108,604188.40798003,25210.0,5.60913916926155e-10,25960.0,BID
99,1712691051.1920674,604213.79473139,25210.0,1.3561697279350395e-09,25960.0,BID
100,1712691054.6415682,604218.39473139,25210.0,2.457337159916718e-10,25960.0,BID
101,1712691056.7016993,604225.29743139,25210.0,3.687448089860207e-10,25960.0,BID
102,1712691058.1315827,604229.89703139,25210.0,2.457123478352217e-10,25960.0,BID
103,1712691058.6516297,604235.82703139,25210.0,3.1678281213341256e-10,25960.0,BID
104,1712691059.091957,604276.7585768,25210.0,2.186578424927545e-09,25960.0,BID
105,1712691060.561592,604276.7585768,25210.0,0.0,25960.0,BID
106,1712691066.82195,604282.1680768,25210.0,2.8889217259494114e-10,25960.0,BID
107,1712691068.3315096,604562.1680768,25210.0,1.4953287425329813e-08,25960.0,BID
108,1712691068.593303,604889.4404968,25210.0,1.7477852009442983e-08,25960.0,BID
109,1712691068.6114726,605064.60583693,25210.0,9.354634563997562e-09,25960.0,BID
110,1712691090.5920844,605064.60583693,25210.0,0.0,25960.0,BID
111,1712691096.751611,605064.80510593,25240.0,1.0630604919643796e-11,25960.0,BID
112,1712691098.8817604,605068.56780206,25240.0,-2.0073235674684696e-10,25960.0,ASK
113,1712691120.3949618,605068.56780206,25240.0,-0.0,25960.0,ASK
114,1712691133.071794,605072.53290911,25220.0,-2.1152944837547968e-10,25960.0,ASK
115,1712691133.081664,605076.68645399,25220.0,-2.2158217829466503e-10,25960.0,ASK
116,1712691144.6918952,605084.80510593,25210.0,-4.3311162719803666e-10,25960.0,ASK
117,1712691150.3717215,605084.80510593,25210.0,-0.0,25960.0,ASK
118,1712691157.7616053,605085.5984419,25250.0,4.2321746354486224e-11,25960.0,BID
119,1712691180.5520885,605085.5984419,25250.0,0.0,25960.0,BID
120,1712691210.5715652,605085.5984419,25250.0,0.0,25960.0,BID
121,1712691214.7018335,605101.44002605,25250.0,8.450931448070655e-10,25960.0,BID
122,1712691219.1100602,605101.63804585,25250.0,1.0563664210567451e-11,25960.0,BID
123,1712691240.3617237,605101.63804585,25250.0,0.0,25960.0,BID
124,1712691245.9946356,605121.46358114,25220.0,-1.057600163596508e-09,25960.0,ASK
125,1712691249.8115146,605121.66358114,25210.0,-1.0669070447550928e-11,25960.0,ASK
126,1712691270.379158,605121.66358114,25210.0,-0.0,25960.0,ASK
127,1712691300.5559475,605121.66358114,25210.0,-0.0,25960.0,ASK
128,1712691330.5635395,605121.66358114,25210.0,-0.0,25960.0,ASK
129,1712691360.391605,605121.66358114,25210.0,-0.0,25960.0,ASK
130,1712691390.3935928,605121.66358114,25210.0,-0.0,25960.0,ASK
131,1712691420.5533416,605121.66358114,25210.0,-0.0,25960.0,ASK
132,1712691450.5735333,605121.66358114,25210.0,-0.0,25960.0,ASK
133,1712691472.0318124,605123.98164944,25210.0,1.2395346097475884e-10,25960.0,BID
134,1712691480.36144,605123.98164944,25210.0,0.0,25960.0,BID
135,1712691510.361328,605123.98164944,25210.0,0.0,25960.0,BID
136,1712691524.582332,605125.63026102,25210.0,-8.815550110261473e-11,25960.0,ASK
137,1712691524.5851192,605130.58861088,25210.0,-2.6513571895323983e-10,25960.0,ASK
138,1712691524.5876584,605131.48168397,25200.0,-4.775491493844076e-11,25960.0,ASK
139,1712691524.5901437,605135.44836385,25210.0,-2.1210857474053507e-10,25960.0,ASK
140,1712691524.5929074,605143.79147511,25210.0,-4.4612761598378525e-10,25960.0,ASK
141,1712691529.6019406,605143.98957336,25240.0,1.0592822897130616e-11,25960.0,BID
142,1712691538.6715293,605144.38561296,25230.0,2.1177255952334807e-11,25960.0,BID
143,1712691540.5534225,605144.38561296,25230.0,0.0,25960.0,BID
144,1712691570.563445,605144.38561296,25230.0,0.0,25960.0,BID
145,1712691600.3733976,605144.38561296,25230.0,0.0,25960.0,BID
146,1712691604.1515598,605146.36738069,25230.0,1.0638461069192986e-10,25960.0,BID
147,1712691622.1973906,605151.77279091,25230.0,2.90171473271606e-10,25960.0,BID
148,1712691630.375294,605151.77279091,25230.0,0.0,25960.0,BID
149,1712691637.8718915,605155.73475604,25230.0,2.126827955309736e-10,25960.0,BID
150,1712691654.322748,605156.52746313,25230.0,4.2553418413901126e-11,25960.0,BID
151,1712691660.5635734,605156.52746313,25230.0,0.0,25960.0,BID
152,1712691680.3734713,605200.10456478,25220.0,2.339253328403787e-09,25960.0,BID
153,1712691690.5714684,605200.10456478,25220.0,0.0,25960.0,BID
154,1712691704.221609,605200.33059918,25200.0,-1.2132989803955846e-11,25960.0,ASK
155,1712691704.3018925,605210.83059918,25200.0,5.63615064685271e-10,25960.0,BID
156,1712691705.761421,605345.10059918,25200.0,7.20729473669542e-09,25960.0,BID
157,1712691707.7516584,605374.96969918,25200.0,1.6033023551044699e-09,25960.0,BID
158,1712691717.3862467,605379.56969918,25200.0,2.4691707595610727e-10,25960.0,BID
159,1712691717.7024012,605411.38978067,25200.0,1.708026408317029e-09,25960.0,BID
160,1712691720.3857286,605411.38978067,25200.0,0.0,25960.0,BID
161,1712691750.3718443,605411.38978067,25200.0,0.0,25960.0,BID
162,1712691762.5016072,605415.35960996,25190.0,-2.1303012465518663e-10,25960.0,ASK
163,1712691762.504435,605466.61165939,25190.0,-2.750302262764879e-09,25960.0,ASK
164,1712691766.737491,605472.50325404,25200.0,3.1615645183675747e-10,25960.0,BID
165,1712691777.911595,605475.67202679,25200.0,1.7004359750095308e-10,25960.0,BID
166,1712691780.572018,605475.67202679,25200.0,0.0,25960.0,BID
167,1712691804.0416665,605486.25030825,25200.0,5.67605467435216e-10,25960.0,BID
168,1712691804.2815754,605569.48000375,25200.0,-4.465907850673657e-09,25960.0,ASK
169,1712691810.6130064,605569.48000375,25200.0,-0.0,25960.0,ASK
170,1712691839.8742228,605569.67841644,25200.0,1.064500360358738e-11,25960.0,BID
171,1712691840.3640025,605569.67841644,25200.0,0.0,25960.0,BID
172,1712691870.371406,605569.67841644,25200.0,0.0,25960.0,BID
173,1712691874.961483,605570.47206723,25200.0,4.258000458476237e-11,25960.0,BID
174,1712691874.9814014,605658.90566788,25200.0,4.7445339544301585e-09,25960.0,BID
175,1712691900.404426,605658.90566788,25200.0,0.0,25960.0,BID
176,1712691930.3757062,605658.90566788,25200.0,0.0,25960.0,BID
177,1712691960.5532773,605658.90566788,25200.0,0.0,25960.0,BID
178,1712691990.5636995,605658.90566788,25200.0,0.0,25960.0,BID
179,1712692020.3638556,605658.90566788,25200.0,0.0,25960.0,BID
180,1712692021.7216406,605660.66653654,25200.0,9.51107238670428e-11,25960.0,BID
181,1712692021.7244473,605663.22536788,25200.0,1.3821150124102726e-10,25960.0,BID
182,1712692023.3816812,605682.77360988,25200.0,1.055869463252057e-09,25960.0,BID
183,1712692023.3914192,605683.25096788,25200.0,2.5783788395998872e-11,25960.0,BID
184,1712692026.9023752,605690.78876452,25200.0,4.0714296929164016e-10,25960.0,BID
185,1712692030.2311664,605698.32656116,25200.0,4.071429692979282e-10,25960.0,BID
186,1712692030.4915466,605709.04571543,25200.0,5.789793100356845e-10,25960.0,BID
187,1712692030.571375,605717.49402279,25200.0,4.563228630741689e-10,25960.0,BID
188,1712692030.6914296,605726.79191215,25200.0,5.02211781902925e-10,25960.0,BID
189,1712692031.2312124,605733.61911866,25200.0,3.68761491350977e-10,25960.0,BID
190,1712692050.361303,605733.61911866,25200.0,0.0,25960.0,BID
191,1712692063.4115338,605817.04889286,25200.0,4.505877989367782e-09,25960.0,BID
192,1712692064.374458,605823.46075532,25200.0,3.46292078658747e-10,25960.0,BID
193,1712692064.3788145,605829.77305961,25200.0,3.4091513773469875e-10,25960.0,BID
194,1712692064.551293,605835.73275692,25200.0,3.2187152835930947e-10,25960.0,BID
195,1712692064.9717116,605857.427709,25230.0,1.1717016855752141e-09,25960.0,BID
196,1712692064.9817853,605881.24036169,25220.0,1.2860745297911299e-09,25960.0,BID
197,1712692064.984304,605909.14036169,25230.0,1.5068241177500302e-09,25960.0,BID
198,1712692064.9867558,605954.70243542,25200.0,2.4607179767516723e-09,25960.0,BID
199,1712692079.9718986,605973.51043542,25200.0,1.015783082676638e-09,25960.0,BID
200,1712692080.011331,605977.25020971,25220.0,2.0197785287248246e-10,25960.0,BID
201,1712692080.0135696,605978.56438869,25200.0,7.097622158492041e-11,25960.0,BID
202,1712692080.111288,605983.61133012,25220.0,2.7257537876555365e-10,25960.0,BID
203,1712692080.5432613,605983.61133012,25220.0,0.0,25960.0,BID
204,1712692092.271809,605992.67844604,25220.0,4.895304804375458e-10,25960.0,BID
205,1712692102.3913493,606012.80062503,25190.0,-1.0863895460569908e-09,25960.0,ASK
206,1712692110.573319,606012.80062503,25190.0,-0.0,25960.0,ASK
207,1712692122.0414317,606013.80062503,25220.0,5.3987513255463466e-11,25960.0,BID
208,1712692140.387524,606013.80062503,25220.0,0.0,25960.0,BID
209,1712692150.402173,606013.99888038,25220.0,1.0703298762765255e-11,25960.0,BID
210,1712692151.341631,606053.68141938,25200.0,-2.142358683315376e-09,25960.0,ASK
211,1712692170.371304,606053.68141938,25200.0,-0.0,25960.0,ASK
212,1712692175.1513767,606053.68142006,25200.0,-3.670848986846345e-17,25960.0,ASK
213,1712692200.4015305,606053.68142006,25200.0,-0.0,25960.0,ASK
214,1712692215.3518827,606093.37971303,25190.0,-2.1481884077669994e-09,25960.0,ASK
215,1712692215.3556316,606108.00276906,25190.0,-7.91295471409361e-10,25960.0,ASK
216,1712692230.3815663,606108.00276906,25190.0,-0.0,25960.0,ASK
217,1712692234.521783,606108.73754079,25190.0,-3.97576602851953e-11,25960.0,ASK
218,1712692234.5249703,606108.73754152,25190.0,-3.950165791412919e-17,25960.0,ASK
219,1712692260.561277,606108.73754152,25190.0,-0.0,25960.0,ASK
220,1712692290.563548,606108.73754152,25190.0,-0.0,25960.0,ASK
221,1712692296.7218482,606110.00276906,25190.0,6.845995059762451e-11,25960.0,BID
222,1712692296.7257905,606124.54626004,25190.0,7.86930921584386e-10,25960.0,BID
223,1712692320.3814704,606124.54626004,25190.0,0.0,25960.0,BID
224,1712692342.6117444,606128.51608933,25190.0,2.1479809174072027e-10,25960.0,BID
225,1712692350.383455,606128.51608933,25190.0,0.0,25960.0,BID
226,1712692360.5915594,606163.84741094,25180.0,-1.9116840658944246e-09,25960.0,ASK
227,1712692362.1314127,606173.87758165,25190.0,5.42705923550333e-10,25960.0,BID
228,1712692362.1346743,606193.19543957,25190.0,1.045238034976986e-09,25960.0,BID
229,1712692362.4315488,606225.89924504,25180.0,-1.7695161392837115e-09,25960.0,ASK
230,1712692380.55347,606225.89924504,25180.0,-0.0,25960.0,ASK
231,1712692396.795586,606227.88573689,25170.0,-1.074695426931754e-10,25960.0,ASK
232,1712692396.7994945,606255.13955269,25160.0,-1.474436011741947e-09,25960.0,ASK
233,1712692396.802039,606294.86938979,25170.0,-2.149390859279864e-09,25960.0,ASK
234,1712692410.581225,606294.86938979,25170.0,-0.0,25960.0,ASK
235,1712692440.34245,606294.86938979,25170.0,-0.0,25960.0,ASK
236,1712692450.912211,606301.59502996,25190.0,3.6382409888759713e-10,25960.0,BID
237,1712692458.862635,606309.33856655,25170.0,-4.1888729560857816e-10,25960.0,ASK
238,1712692460.5613556,606309.53705801,25190.0,1.0737413052977344e-11,25960.0,BID
239,1712692470.3742244,606309.53705801,25190.0,0.0,25960.0,BID
240,1712692472.9316614,606328.34505801,25190.0,1.0174000945592376e-09,25960.0,BID
241,1712692475.901356,606333.93805801,25190.0,3.0254778439361004e-10,25960.0,BID
242,1712692498.5912988,606383.93805801,25190.0,2.704700378991263e-09,25960.0,BID
243,1712692500.5554883,606383.93805801,25190.0,0.0,25960.0,BID
244,1712692501.002331,606477.29087601,25190.0,5.063963924656341e-09,25960.0,BID
245,1712692503.532188,606510.30962301,25190.0,1.791116189395053e-09,25960.0,BID
246,1712692504.1314316,606529.11762301,25190.0,1.020248081795711e-09,25960.0,BID
247,1712692510.0312984,606547.92562301,25190.0,1.0202480818020262e-09,25960.0,BID
248,1712692515.8513997,606553.51562301,25190.0,3.0323196390985915e-10,25960.0,BID
249,1712692517.9020054,606557.83762301,25190.0,2.3444875635766125e-10,25960.0,BID
250,1712692520.141304,606563.42762301,25190.0,3.0323196390985915e-10,25960.0,BID
251,1712692521.5515487,606605.07112301,25190.0,2.258969640278272e-09,25960.0,BID
252,1712692523.7819655,606655.56112301,25190.0,2.738851852932958e-09,25960.0,BID
253,1712692524.221459,606666.00112301,25190.0,5.663223082684159e-10,25960.0,BID
254,1712692525.7115097,606706.46302301,25190.0,2.1948732380311793e-09,25960.0,BID
255,1712692527.232158,606731.00162301,25190.0,1.3311069534290322e-09,25960.0,BID
256,1712692527.4716966,606781.00162301,25190.0,2.712271591338348e-09,25960.0,BID
257,1712692530.5818868,606781.00162301,25190.0,0.0,25960.0,BID
258,1712692532.0514803,606880.28676995,25190.0,5.382845129054573e-09,25960.0,BID
259,1712692536.009886,606890.94152763,25190.0,5.77658514358358e-10,25960.0,BID
260,1712692536.0173943,606896.30385018,25190.0,2.907237659258161e-10,25960.0,BID
261,1712692536.3313427,606905.03385018,25190.0,4.73305820909784e-10,25960.0,BID
262,1712692536.391436,606914.17329058,25190.0,4.955040482492323e-10,25960.0,BID
263,1712692539.461226,606922.60126384,25190.0,4.5693113429663125e-10,25960.0,BID
264,1712692540.1216276,606931.31886384,25190.0,4.72633542309262e-10,25960.0,BID
265,1712692540.3215084,606956.51117659,25190.0,1.3658268346845723e-09,25960.0,BID
266,1712692540.4612756,606961.15043759,25190.0,2.515222492568729e-10,25960.0,BID
267,1712692547.481429,606971.82323759,25190.0,5.786366970726692e-10,25960.0,BID
268,1712692549.111799,607072.52503759,25190.0,5.459650414221982e-09,25960.0,BID
269,1712692549.1920311,607113.37653759,25190.0,2.21480558338918e-09,25960.0,BID
270,1712692551.2813249,607142.46498759,25190.0,1.577059874712036e-09,25960.0,BID
271,1712692551.5612051,607321.82198759,25190.0,9.724022007002681e-09,25960.0,BID
272,1712692553.121393,607362.74438759,25190.0,2.218649498923649e-09,25960.0,BID
273,1712692553.7012985,607391.21138759,25190.0,1.543367331488785e-09,25960.0,BID
274,1712692555.171356,607419.67838759,25190.0,1.543367331482474e-09,25960.0,BID
275,1712692556.1111877,607444.71475301,25190.0,1.3573719917209743e-09,25960.0,BID
276,1712692556.721362,607473.18275301,25190.0,1.5434215475011903e-09,25960.0,BID
277,1712692558.201691,607501.64975301,25190.0,1.543367331488785e-09,25960.0,BID
278,1712692559.691394,607530.11675301,25190.0,1.543367331482474e-09,25960.0,BID
279,1712692559.7311816,607546.18952377,25190.0,8.714015989569624e-10,25960.0,BID
280,1712692560.3839738,607546.18952377,25190.0,0.0,25960.0,BID
281,1712692561.491994,607653.07152377,25190.0,5.788666974704444e-09,25960.0,BID
282,1712692563.0014567,607681.53852377,25190.0,1.541756168197624e-09,25960.0,BID
283,1712692568.1412358,607710.28799505,25190.0,1.5570546484744731e-09,25960.0,BID
284,1712692572.0715268,607767.22399505,25190.0,3.083620655224906e-09,25960.0,BID
285,1712692574.0212293,607852.63999505,25190.0,4.6260808958657485e-09,25960.0,BID
286,1712692589.6718323,607857.35499505,25190.0,2.553616585163736e-10,25960.0,BID
287,1712692590.3613155,607857.35499505,25190.0,0.0,25960.0,BID
288,1712692607.111647,607899.02799505,25190.0,2.256027730958805e-09,25960.0,BID
289,1712692608.271397,607956.59086599,25190.0,3.1162487249434323e-09,25960.0,BID
290,1712692608.291544,608006.64317161,25190.0,2.709653480121913e-09,25960.0,BID
291,1712692608.293996,608094.9552452,25190.0,4.780900990995338e-09,25960.0,BID
292,1712692608.3012402,608184.50684991,25190.0,4.848004789143498e-09,25960.0,BID
293,1712692608.3041673,608285.29506846,25190.0,5.456315024190229e-09,25960.0,BID
294,1712692608.371441,608291.01594053,25210.0,3.0970762928206456e-10,25960.0,BID
295,1712692620.571298,608291.01594053,25210.0,0.0,25960.0,BID
296,1712692650.5707664,608291.01594053,25210.0,0.0,25960.0,BID
297,1712692654.071006,608311.00574053,25250.0,1.081536936194154e-09,25960.0,BID
298,1712692657.9912045,608316.25574053,25250.0,2.840483103895313e-10,25960.0,BID
299,1712692662.3299663,608330.61990093,25250.0,7.771648555779672e-10,25960.0,BID
300,1712692680.424204,608330.61990093,25250.0,0.0,25960.0,BID
301,1712692690.060273,608382.10504944,25250.0,2.7854244284456835e-09,25960.0,BID
302,1712692710.1057093,608385.60854812,25250.0,1.8954457917650283e-10,25960.0,BID
303,1712692710.3902185,608385.60854812,25250.0,0.0,25960.0,BID
304,1712692711.5002282,608386.00616145,25260.0,2.150986693764959e-11,25960.0,BID
305,1712692711.5041618,608390.95464812,25260.0,2.6770050650502787e-10,25960.0,BID
306,1712692722.3400865,608390.95473628,25260.0,4.76923343334002e-15,25960.0,BID
307,1712692722.3470109,608392.93327894,25270.0,1.0703411114241784e-10,25960.0,BID
308,1712692730.3693786,608398.07771898,25270.0,2.7830108399189677e-10,25960.0,BID
309,1712692731.0903184,608404.0195261,25270.0,3.214366091370844e-10,25960.0,BID
310,1712692731.0947294,608418.46361898,25270.0,7.81388581562806e-10,25960.0,BID
311,1712692731.3533866,608427.93487366,25250.0,-5.12370719398868e-10,25960.0,ASK
312,1712692731.859408,608427.93491397,25270.0,2.1806665204807084e-15,25960.0,BID
313,1712692732.9594398,608428.33252732,25280.0,2.150986802716414e-11,25960.0,BID
314,1712692732.963395,608432.50801397,25280.0,2.2588317714782888e-10,25960.0,BID
315,1712692733.7794623,608432.50807643,25280.0,3.37892469887932e-15,25960.0,BID
316,1712692734.7192972,608436.48421957,25290.0,2.1509920173345783e-10,25960.0,BID
317,1712692734.729073,608437.94967643,25290.0,7.927747811567913e-11,25960.0,BID
318,1712692735.5893056,608437.94967872,25290.0,1.2388347231668694e-16,25960.0,BID
319,1712692735.8091445,608441.92740346,25300.0,2.1518476226202388e-10,25960.0,BID
320,1712692735.8111663,608469.4186414,25300.0,1.487205849327383e-09,25960.0,BID
321,1712692736.209175,608524.7286414,25300.0,2.992129918108232e-09,25960.0,BID
322,1712692736.689298,608529.32221431,25300.0,2.4850057738596246e-10,25960.0,BID
323,1712692736.709123,608533.86481559,25300.0,2.4574314221087376e-10,25960.0,BID
324,1712692737.2891972,608542.64855302,25300.0,4.751777898596658e-10,25960.0,BID
325,1712692737.2990744,608542.84622101,25300.0,1.0693334057508248e-11,25960.0,BID
326,1712692737.7996323,608546.82394575,25310.0,2.1518476226202388e-10,25960.0,BID
327,1712692737.803824,608547.02152101,25310.0,1.0688317598738663e-11,25960.0,BID
328,1712692740.5491426,608547.02152101,25310.0,0.0,25960.0,BID
329,1712692741.1491966,608547.41677792,25300.0,-2.137766973777676e-11,25960.0,ASK
330,1712692742.229113,608547.81187867,25300.0,2.136922374642501e-11,25960.0,BID
331,1712692744.699339,608547.81517181,25300.0,1.7811113995572373e-13,25960.0,BID
332,1712692746.0089903,608548.20713558,25300.0,-2.119955859782104e-11,25960.0,ASK
333,1712692749.199065,608548.20715021,25310.0,7.912725615579772e-16,25960.0,BID
334,1712692750.6399791,608552.18329335,25320.0,2.1505171124110576e-10,25960.0,BID
335,1712692750.6438084,608553.85343836,25320.0,9.03306369448818e-11,25960.0,BID
336,1712692750.647333,608562.00635021,25320.0,4.4095435783176207e-10,25960.0,BID
337,1712692752.9690704,608562.00639571,25320.0,2.46089034466538e-15,25960.0,BID
338,1712692752.9718845,608562.7959278,25330.0,4.270224210911415e-11,25960.0,BID
339,1712692760.2387714,608563.19071658,25330.0,2.1352350690644383e-11,25960.0,BID
340,1712692762.098985,608563.58550536,25330.0,2.1352350690644383e-11,25960.0,BID
341,1712692763.8889294,608563.98029414,25330.0,2.1352350690644383e-11,25960.0,BID
342,1712692765.5785694,608564.37508292,25330.0,2.1352350684348004e-11,25960.0,BID
343,1712692769.0485458,608564.77018367,25310.0,-2.136922374642501e-11,25960.0,ASK
344,1712692770.5589972,608564.77018367,25310.0,-0.0,25960.0,ASK
345,1712692772.6790884,608564.96757806,25330.0,1.0675915860758158e-11,25960.0,BID
346,1712692774.54873,608565.36283497,25300.0,-2.137715015326896e-11,25960.0,ASK
347,1712692774.6684487,608565.75824817,25290.0,-2.1385602972227987e-11,25960.0,ASK
348,1712692775.0485115,608566.54907458,25290.0,4.2771206479635395e-11,25960.0,BID
349,1712692775.4686089,608566.9446442,25280.0,-2.1394062824074238e-11,25960.0,ASK
350,1712692776.488523,608567.34037035,25270.0,-2.1402528619560183e-11,25960.0,ASK
351,1712692786.208411,608567.73625316,25260.0,-2.1411001447933336e-11,25960.0,ASK
352,1712692786.2112775,608585.92213387,25260.0,-9.83568642981487e-10,25960.0,ASK
353,1712692787.168271,608586.31817347,25250.0,-2.1419481309193705e-11,25960.0,ASK
354,1712692800.4621246,608586.31817347,25250.0,-0.0,25960.0,ASK
355,1712692830.367483,608586.31817347,25250.0,-0.0,25960.0,ASK
356,1712692846.5272827,608586.71436998,25240.0,-2.15267497734574e-11,25960.0,ASK
357,1712692846.5302763,608594.98703242,25240.0,-4.4948284445549677e-10,25960.0,ASK
358,1712692851.5471334,608598.22112242,25230.0,-1.7571948365995282e-10,25960.0,ASK
359,1712692851.8272803,608598.41890723,25280.0,1.0746344314667466e-11,25960.0,BID
360,1712692852.3880134,608644.92364369,25230.0,-2.5267658841824558e-09,25960.0,ASK
361,1712692852.3925097,608670.58590723,25230.0,-1.3943210296408612e-09,25960.0,ASK
362,1712692860.559609,608670.58590723,25230.0,-0.0,25960.0,ASK
363,1712692890.5564978,608670.58590723,25230.0,-0.0,25960.0,ASK
364,1712692917.7763307,608670.98194683,25250.0,2.151573874978063e-11,25960.0,BID
365,1712692917.8561678,608671.37798791,25250.0,2.151581914711995e-11,25960.0,BID
366,1712692917.999611,608671.58590723,25250.0,1.129568298704225e-11,25960.0,BID
367,1712692920.366143,608671.58590723,25250.0,0.0,25960.0,BID
368,1712692946.8234367,608692.60956206,25300.0,1.142155593440619e-09,25960.0,BID
369,1712692946.8264933,608693.80523187,25280.0,6.495735268242448e-11,25960.0,BID
370,1712692950.3678055,608693.80523187,25280.0,0.0,25960.0,BID
371,1712692964.8757985,608701.70724688,25310.0,4.2928097436272237e-10,25960.0,BID
372,1712692980.570313,608701.70724688,25310.0,0.0,25960.0,BID
373,1712693010.559176,608701.70724688,25310.0,0.0,25960.0,BID
374,1712693040.338798,608701.70724688,25310.0,0.0,25960.0,BID
375,1712693044.5967472,608774.9862013,25230.0,-3.980873123023578e-09,25960.0,ASK
376,1712693044.599817,608804.6862013,25230.0,-1.6134500374549063e-09,25960.0,ASK
377,1712693058.2042377,608814.6862013,25280.0,5.43249170861089e-10,25960.0,BID
378,1712693062.8639538,608864.6862013,25250.0,-2.7162458543054477e-09,25960.0,ASK
379,1712693070.3791947,608864.6862013,25250.0,-0.0,25960.0,ASK
380,1712693080.1240392,608864.8839079,25290.0,1.0737995101766663e-11,25960.0,BID
381,1712693100.5563471,608864.8839079,25290.0,0.0,25960.0,BID
382,1712693107.2159753,608893.0839079,25240.0,-1.5348080073514486e-09,25960.0,ASK
383,1712693107.220832,608893.4804186,25220.0,-2.1580418345886304e-11,25960.0,ASK
384,1712693107.2249773,608930.38296833,25240.0,-2.0084513764963644e-09,25960.0,ASK
385,1712693107.2319453,608958.28296833,25220.0,-1.5184802625835607e-09,25960.0,ASK
386,1712693107.2354825,609009.73703527,25240.0,-2.8004295726991383e-09,25960.0,ASK
387,1712693107.2377658,609010.13338881,25230.0,-2.1571864785428564e-11,25960.0,ASK
388,1712693107.239726,609147.7036124,25210.0,-7.487371657395506e-09,25960.0,ASK
389,1712693107.241686,609157.7036124,25240.0,-5.44258158633917e-10,25960.0,ASK
390,1712693107.2436993,609187.4036124,25230.0,-1.6164467311465363e-09,25960.0,ASK
391,1712693107.2456684,609210.8036124,25220.0,-1.2735640911982974e-09,25960.0,ASK
392,1712693107.2476628,609211.20028038,25210.0,-2.158897843875888e-11,25960.0,ASK
393,1712693107.249656,609476.89028038,25230.0,-1.4460395016747843e-08,25960.0,ASK
394,1712693129.5634873,609477.08814345,25270.0,1.0768859010992789e-11,25960.0,BID
395,1712693130.586658,609477.08814345,25270.0,0.0,25960.0,BID
396,1712693150.9535234,609488.20056433,25280.0,6.04294634325362e-10,25960.0,BID
397,1712693160.3755066,609488.20056433,25280.0,0.0,25960.0,BID
398,1712693179.753143,609492.15626053,25280.0,2.1510789573787483e-10,25960.0,BID
399,1712693186.41274,609497.39323913,25290.0,2.8478310510090006e-10,25960.0,BID
400,1712693190.357217,609497.39323913,25290.0,0.0,25960.0,BID
401,1712693210.5434384,609503.47249678,25300.0,3.3058145151019187e-10,25960.0,BID
402,1712693210.5463908,609526.92056179,25300.0,1.2750726836159143e-09,25960.0,BID
403,1712693220.57472,609526.92056179,25300.0,0.0,25960.0,BID
404,1712693250.5653236,609526.92056179,25300.0,0.0,25960.0,BID
405,1712693259.162147,609527.31597499,25290.0,-2.150113833926877e-11,25960.0,ASK
406,1712693280.3643672,609527.31597499,25290.0,-0.0,25960.0,ASK
407,1712693310.3745987,609527.31597499,25290.0,-0.0,25960.0,ASK
408,1712693318.7817626,609527.51352536,25310.0,1.074206810655346e-11,25960.0,BID
409,1712693340.5627167,609527.51352536,25310.0,0.0,25960.0,BID
410,1712693340.5666895,609527.71115381,25300.0,1.0746310889664884e-11,25960.0,BID
411,1712693356.6816683,609527.73712455,25300.0,1.4121936704734102e-12,25960.0,BID
412,1712693356.6866636,609528.10641072,25300.0,2.008042865325688e-11,25960.0,BID
413,1712693370.550928,609528.10641072,25300.0,0.0,25960.0,BID
414,1712693376.621094,609535.02237909,25300.0,3.760647092434696e-10,25960.0,BID
415,1712693390.2719145,609537.14289703,25310.0,1.1530590076580376e-10,25960.0,BID
416,1712693390.2768266,609831.44815158,25270.0,-1.6003228190355472e-08,25960.0,ASK
417,1712693390.2801096,609849.08267117,25310.0,9.58899770432839e-10,25960.0,BID
418,1712693390.3711348,609914.76737117,25270.0,3.571690367274592e-09,25960.0,BID
419,1712693390.3910038,609914.76741372,25270.0,2.313712977980113e-15,25960.0,BID
420,1712693390.3941338,609931.35013221,25290.0,9.017067276504931e-10,25960.0,BID
421,1712693390.4106872,609943.86741372,25290.0,6.806433430301019e-10,25960.0,BID
422,1712693390.6508768,609948.5237348,25300.0,-2.531934704514841e-10,25960.0,ASK
423,1712693390.8709502,609952.60365034,25290.0,-2.2185067501738147e-10,25960.0,ASK
424,1712693400.401223,609952.60365034,25290.0,-0.0,25960.0,ASK
425,1712693430.3712935,609952.60365034,25290.0,-0.0,25960.0,ASK
426,1712693460.5605414,609952.60365034,25290.0,-0.0,25960.0,ASK
427,1712693490.5623994,609952.60365034,25290.0,-0.0,25960.0,ASK
428,1712693491.2502384,609972.3599917,25310.0,1.0760192502983861e-09,25960.0,BID
429,1712693511.904941,609977.66042133,25310.0,2.8868524858766805e-10,25960.0,BID
430,1712693518.267232,609997.42326717,25310.0,1.076373513543339e-09,25960.0,BID
431,1712693518.2694705,610019.64487839,25310.0,1.210288940125759e-09,25960.0,BID
432,1712693518.2800138,610061.7290101,25310.0,2.2920911836254503e-09,25960.0,BID
433,1712693520.3613288,610061.7290101,25310.0,0.0,25960.0,BID
434,1712693550.364395,610061.7290101,25310.0,0.0,25960.0,BID
435,1712693558.019631,610066.86601128,25310.0,2.7974211849683725e-10,25960.0,BID
436,1712693580.541868,610066.86601128,25310.0,0.0,25960.0,BID
437,1712693599.8597112,610075.26601128,25310.0,4.5742974854543486e-10,25960.0,BID
438,1712693599.8640368,610079.72165378,25310.0,2.4263612242379107e-10,25960.0,BID
439,1712693605.792875,610179.72165378,25300.0,5.445592244573417e-09,25960.0,BID
440,1712693608.1607246,610185.6596942,25310.0,3.2336146859462747e-10,25960.0,BID
441,1712693610.5595863,610185.6596942,25310.0,0.0,25960.0,BID
442,1712693640.3992066,610185.6596942,25310.0,0.0,25960.0,BID
443,1712693644.719271,610185.85724457,25310.0,1.0756027120201674e-11,25960.0,BID
444,1712693670.3506677,610185.85724457,25310.0,0.0,25960.0,BID
445,1712693675.269461,610186.64744607,25310.0,4.302409785201715e-11,25960.0,BID
446,1712693700.3816955,610186.64744607,25310.0,0.0,25960.0,BID
447,1712693730.358835,610186.64744607,25310.0,0.0,25960.0,BID
448,1712693747.0086553,610191.64744607,25310.0,2.726873049376477e-10,25960.0,BID
449,1712693752.7087452,610210.67437218,25310.0,1.0376802404385295e-09,25960.0,BID
450,1712693760.53867,610210.67437218,25310.0,0.0,25960.0,BID
451,1712693784.4181745,610215.72395424,25310.0,2.7538225143521154e-10,25960.0,BID
452,1712693790.5631006,610215.72395424,25310.0,0.0,25960.0,BID
453,1712693793.088622,610254.68126217,25310.0,2.124547391514742e-09,25960.0,BID
454,1712693820.358289,610254.68126217,25310.0,0.0,25960.0,BID
455,1712693825.138298,610258.67845923,25300.0,-2.1797650854454828e-10,25960.0,ASK
456,1712693850.370146,610258.67845923,25300.0,-0.0,25960.0,ASK
457,1712693851.2478185,610261.59723054,25300.0,1.5916655126360262e-10,25960.0,BID
458,1712693880.5393848,610261.59723054,25300.0,0.0,25960.0,BID
459,1712693892.3980064,610263.00334373,25330.0,7.667791071039568e-11,25960.0,BID
460,1712693892.4015777,610263.20077761,25330.0,1.0766428709723882e-11,25960.0,BID
461,1712693892.4050424,610278.20077761,25330.0,8.17977292895282e-10,25960.0,BID
462,1712693892.4087667,610281.33666993,25330.0,1.7100591405240768e-10,25960.0,BID
463,1712693910.5677822,610281.33666993,25330.0,0.0,25960.0,BID
464,1712693925.007618,610281.53406432,25330.0,1.0763981761697859e-11,25960.0,BID
465,1712693940.3699224,610281.53406432,25330.0,0.0,25960.0,BID
466,1712693963.4173477,610291.52326684,25330.0,5.44714388377875e-10,25960.0,BID
467,1712693965.6481323,610308.95812764,25290.0,-9.507285009064343e-10,25960.0,ASK
468,1712693965.652741,610334.36436528,25290.0,-1.38541021361731e-09,25960.0,ASK
469,1712693965.6562638,610372.46737042,25290.0,-2.07776898092051e-09,25960.0,ASK
470,1712693970.360147,610372.46737042,25290.0,-0.0,25960.0,ASK
471,1712694000.4175897,610372.46737042,25290.0,-0.0,25960.0,ASK
472,1712694009.2675705,610379.58367884,25290.0,-3.8845391678636535e-10,25960.0,ASK
473,1712694030.3502352,610379.58367884,25290.0,-0.0,25960.0,ASK
474,1712694060.5469315,610379.58367884,25290.0,-0.0,25960.0,ASK
475,1712694063.4574275,610381.58367884,25290.0,-1.0917180024489392e-10,25960.0,ASK
476,1712694063.4628668,610741.94120196,25290.0,-1.967043976540116e-08,25960.0,ASK
477,1712694063.6370037,610775.83523874,25280.0,-1.8501365064193555e-09,25960.0,ASK
478,1712694064.0572076,610804.03523874,25260.0,-1.539322383456817e-09,25960.0,ASK
479,1712694064.062361,610804.58849685,25260.0,-3.0200091931892964e-11,25960.0,ASK
480,1712694090.5496066,610804.58849685,25260.0,-0.0,25960.0,ASK
481,1712694110.8466196,610804.98437966,25290.0,2.159694980660294e-11,25960.0,BID
482,1712694120.352271,610804.98437966,25290.0,0.0,25960.0,BID
483,1712694150.3896112,610804.98437966,25290.0,0.0,25960.0,BID
484,1712694180.5497477,610804.98437966,25290.0,0.0,25960.0,BID
485,1712694210.5703924,610804.98437966,25290.0,0.0,25960.0,BID
486,1712694231.1568744,610805.18193003,25310.0,1.077713653455384e-11,25960.0,BID
487,1712694240.3511455,610805.18193003,25310.0,0.0,25960.0,BID
488,1712694270.3480344,610805.18193003,25310.0,0.0,25960.0,BID
489,1712694300.54597,610805.18193003,25310.0,0.0,25960.0,BID
490,1712694324.705955,610816.88112958,25280.0,-6.390792151150268e-10,25960.0,ASK
491,1712694330.54578,610816.88112958,25280.0,-0.0,25960.0,ASK
492,1712694360.3676798,610816.88112958,25280.0,-0.0,25960.0,ASK
493,1712694390.368681,610816.88112958,25280.0,-0.0,25960.0,ASK
494,1712694420.5719142,610816.88112958,25280.0,-0.0,25960.0,ASK
495,1712694450.5690577,610816.88112958,25280.0,-0.0,25960.0,ASK
496,1712694480.3378005,610816.88112958,25280.0,-0.0,25960.0,ASK
497,1712694491.0655448,610836.63616711,25310.0,1.079119119177924e-09,25960.0,BID
498,1712694510.3351274,610836.63616711,25310.0,0.0,25960.0,BID
499,1712694538.594534,610836.83371748,25310.0,1.079089617634939e-11,25960.0,BID
500,1712694540.3681924,610836.83371748,25310.0,0.0,25960.0,BID
501,1712694570.394637,610836.83371748,25310.0,0.0,25960.0,BID
502,1712694574.4445963,610837.62391898,25310.0,4.316357401041706e-11,25960.0,BID
503,1712694600.655213,610837.62391898,25310.0,0.0,25960.0,BID
504,1712694630.5444689,610837.62391898,25310.0,0.0,25960.0,BID
505,1712694638.6168387,610837.82146935,25310.0,1.0800949707783428e-11,25960.0,BID
506,1712694660.3404355,610837.82146935,25310.0,0.0,25960.0,BID
507,1712694671.7548592,610874.70661913,25270.0,-2.016673210027355e-09,25960.0,ASK
508,1712694671.7613063,610919.01247504,25270.0,-2.422395820382192e-09,25960.0,ASK
509,1712694671.8739972,611199.01247504,25270.0,1.5308830306401847e-08,25960.0,BID
510,1712694671.9541564,611279.66934225,25270.0,4.409865332724762e-09,25960.0,BID
511,1712694690.409718,611279.66934225,25270.0,0.0,25960.0,BID
512,1712694720.5443606,611279.66934225,25270.0,0.0,25960.0,BID
513,1712694750.5378127,611279.66934225,25270.0,0.0,25960.0,BID
514,1712694764.6350448,611311.86110788,25270.0,-1.758991470307416e-09,25960.0,ASK
515,1712694764.6395826,611344.20794207,25270.0,-1.767464577292265e-09,25960.0,ASK
516,1712694764.8005154,611639.26364207,25270.0,1.6122149543776208e-08,25960.0,BID
517,1712694764.8556316,611643.61662983,25270.0,2.378517670684204e-10,25960.0,BID
518,1712694772.1880686,611652.86414654,25270.0,5.0529390656896e-10,25960.0,BID
519,1712694778.8052807,611817.58197261,25270.0,9.000352897519513e-09,25960.0,BID
520,1712694780.3850706,611817.58197261,25270.0,0.0,25960.0,BID
521,1712694789.015493,611850.72722528,25270.0,-1.8097468227469398e-09,25960.0,ASK
522,1712694800.8855395,611854.80192528,25270.0,2.2248059026886343e-10,25960.0,BID
523,1712694801.045621,611854.80196261,25270.0,2.0382344084796284e-15,25960.0,BID
524,1712694810.3308778,611854.80196261,25270.0,0.0,25960.0,BID
525,1712694840.602563,611854.80196261,25270.0,0.0,25960.0,BID
526,1712694870.542573,611854.80196261,25270.0,0.0,25960.0,BID
527,1712694890.316016,611860.16422014,25270.0,-2.9276681911241903e-10,25960.0,ASK
528,1712694890.3189907,611864.16578345,25270.0,-2.18476071916999e-10,25960.0,ASK
529,1712694900.3600235,611864.16578345,25270.0,-0.0,25960.0,ASK
530,1712694930.3598151,611864.16578345,25270.0,-0.0,25960.0,ASK
531,1712694945.586552,611864.3634119,25300.0,1.0815570360288703e-11,25960.0,BID
532,1712694960.5429893,611864.3634119,25300.0,0.0,25960.0,BID
533,1712694990.5565782,611864.3634119,25300.0,0.0,25960.0,BID
534,1712695003.9969466,611864.75929471,25260.0,-2.1665388836556696e-11,25960.0,ASK
535,1712695004.0017817,611864.96609769,25260.0,-1.131765982763031e-11,25960.0,ASK
536,1712695004.0056772,611868.05317473,25260.0,-1.6894576564157162e-10,25960.0,ASK
537,1712695004.576732,611868.84525393,25250.0,-4.33479388903248e-11,25960.0,ASK
538,1712695020.340134,611868.84525393,25250.0,-0.0,25960.0,ASK
539,1712695050.3721218,611868.84525393,25250.0,-0.0,25960.0,ASK
540,1712695080.560571,611868.84525393,25250.0,-0.0,25960.0,ASK
541,1712695082.829694,611878.84525393,25240.0,-5.47264343574596e-10,25960.0,ASK
542,1712695082.8336504,611882.01482603,25240.0,-1.7345937947425506e-10,25960.0,ASK
543,1712695110.5508304,611882.01482603,25240.0,-0.0,25960.0,ASK
544,1712695128.9777646,611884.39294731,25230.0,-1.3014373067042769e-10,25960.0,ASK
545,1712695128.9839191,611893.84049862,25230.0,-5.170213914318385e-10,25960.0,ASK
546,1712695128.9896393,611918.89135012,25230.0,-1.3709188417376387e-09,25960.0,ASK
547,1712695128.992228,611923.89135012,25230.0,-2.7362719421673816e-10,25960.0,ASK
548,1712695129.0576515,611970.51482603,25230.0,2.551490179579625e-09,25960.0,BID
549,1712695129.0972347,611975.91451015,25250.0,2.9550008308079217e-10,25960.0,BID
550,1712695129.101846,611978.09808473,25250.0,1.1949707713797245e-10,25960.0,BID
551,1712695140.359667,611978.09808473,25250.0,0.0,25960.0,BID
552,1712695170.352486,611978.09808473,25250.0,0.0,25960.0,BID
553,1712695200.3909807,611978.09808473,25250.0,0.0,25960.0,BID
554,1712695230.3595946,611978.09808473,25250.0,0.0,25960.0,BID
555,1712695254.8377254,611978.29586954,25280.0,1.0827916999592451e-11,25960.0,BID
556,1712695260.5375495,611978.29586954,25280.0,0.0,25960.0,BID
557,1712695290.5477448,611978.29586954,25280.0,0.0,25960.0,BID
558,1712695320.3520896,611978.29586954,25280.0,0.0,25960.0,BID
559,1712695350.3524709,611978.29586954,25280.0,0.0,25960.0,BID
560,1712695358.4480133,611988.29586954,25250.0,-5.474593340554602e-10,25960.0,ASK
561,1712695380.5412982,611988.29586954,25250.0,-0.0,25960.0,ASK
562,1712695410.5478847,611988.29586954,25250.0,-0.0,25960.0,ASK
563,1712695440.355159,611988.29586954,25250.0,-0.0,25960.0,ASK
564,1712695470.3687692,611988.29586954,25250.0,-0.0,25960.0,ASK
565,1712695474.2184267,611989.08763517,25260.0,4.3345349275602597e-11,25960.0,BID
566,1712695500.3713963,611989.08763517,25260.0,0.0,25960.0,BID
567,1712695500.8080575,612000.97353057,25240.0,-6.545466782487562e-10,25960.0,ASK
568,1712695530.37392,612000.97353057,25240.0,-0.0,25960.0,ASK
569,1712695560.5513036,612000.97353057,25240.0,-0.0,25960.0,ASK
570,1712695567.0982356,612020.75983844,25270.0,1.0895980233148942e-09,25960.0,BID
571,1712695567.558195,612020.95770151,25270.0,1.0895979757468171e-11,25960.0,BID
572,1712695590.548122,612020.95770151,25270.0,0.0,25960.0,BID
573,1712695602.358415,612021.35342766,25270.0,2.1791354047142984e-11,25960.0,BID
574,1712695620.3517015,612021.35342766,25270.0,0.0,25960.0,BID
575,1712695650.3537147,612021.35342766,25270.0,0.0,25960.0,BID
576,1712695680.582354,612021.35342766,25270.0,0.0,25960.0,BID
577,1712695684.7787848,612023.33441022,25240.0,-1.0908621673681322e-10,25960.0,ASK
578,1712695710.5417244,612023.33441022,25240.0,-0.0,25960.0,ASK
579,1712695740.3557048,612023.33441022,25240.0,-0.0,25960.0,ASK
580,1712695757.4482284,612023.53615072,25240.0,1.1109157521710855e-11,25960.0,BID
581,1712695770.37057,612023.53615072,25240.0,0.0,25960.0,BID
582,1712695771.8984454,612031.30889187,25240.0,4.280180807860791e-10,25960.0,BID
583,1712695774.148224,612031.51376633,25230.0,-1.1281730792331211e-11,25960.0,ASK
584,1712695800.4607117,612031.51376633,25230.0,-0.0,25960.0,ASK
585,1712695805.398308,612031.71170773,25260.0,1.0947432489368896e-11,25960.0,BID
586,1712695830.3542726,612031.71170773,25260.0,0.0,25960.0,BID
587,1712695860.552035,612031.71170773,25260.0,0.0,25960.0,BID
588,1712695877.1984284,612031.9095708,25270.0,1.0943097314179937e-11,25960.0,BID
589,1712695888.282482,612032.30514042,25280.0,2.1877538058831344e-11,25960.0,BID
590,1712695890.5516384,612032.30514042,25280.0,0.0,25960.0,BID
591,1712695920.3421342,612032.30514042,25280.0,0.0,25960.0,BID
592,1712695950.362179,612032.30514042,25280.0,0.0,25960.0,BID
593,1712695980.571447,612032.30514042,25280.0,0.0,25960.0,BID
594,1712695986.0283763,612032.70071004,25280.0,2.1877519915761787e-11,25960.0,BID
595,1712695998.4181364,612033.1079197,25240.0,-2.252128827111424e-11,25960.0,ASK
596,1712696008.4885545,612076.12396671,25240.0,-2.37906142788919e-09,25960.0,ASK
597,1712696008.4949763,612143.75370381,25240.0,-3.7403552882452505e-09,25960.0,ASK
598,1712696010.5519805,612143.75370381,25240.0,-0.0,25960.0,ASK
599,1712696023.8780868,612151.73454977,25240.0,-4.41322963471731e-10,25960.0,ASK
600,1712696040.3914497,612151.73454977,25240.0,-0.0,25960.0,ASK
601,1712696068.1079423,612177.13483385,25260.0,-1.404563355279041e-09,25960.0,ASK
602,1712696068.1178334,612206.53483385,25250.0,-1.6257362522110735e-09,25960.0,ASK
603,1712696068.1219027,612348.65762669,25240.0,-7.858985598139315e-09,25960.0,ASK
604,1712696070.3718803,612348.65762669,25240.0,-0.0,25960.0,ASK
605,1712696100.5457456,612348.65762669,25240.0,-0.0,25960.0,ASK
606,1712696130.5417993,612348.65762669,25240.0,-0.0,25960.0,ASK
607,1712696160.337892,612348.65762669,25240.0,-0.0,25960.0,ASK
608,1712696189.8109615,612348.85533329,25290.0,1.0955659734830784e-11,25960.0,BID
609,1712696190.3576667,612348.85533329,25290.0,0.0,25960.0,BID
610,1712696220.5417397,612348.85533329,25290.0,0.0,25960.0,BID
611,1712696250.5605743,612348.85533329,25290.0,0.0,25960.0,BID
612,1712696280.3556309,612348.85533329,25290.0,0.0,25960.0,BID
613,1712696310.3401363,612348.85533329,25290.0,0.0,25960.0,BID
614,1712696340.5684795,612348.85533329,25290.0,0.0,25960.0,BID
615,1712696355.5376618,612349.64584712,25300.0,4.3805306145284775e-11,25960.0,BID
616,1712696370.5616448,612349.64584712,25300.0,0.0,25960.0,BID
617,1712696400.5195634,612349.64584712,25300.0,0.0,25960.0,BID
618,1712696412.657586,612353.59841628,25300.0,2.197074247445248e-10,25960.0,BID
619,1712696421.647468,612360.49841628,25290.0,3.8354325234158815e-10,25960.0,BID
620,1712696421.6572115,612360.63027584,25290.0,7.32954268211887e-12,25960.0,BID
621,1712696428.9576569,612361.63027584,25290.0,5.558597860004261e-11,25960.0,BID
622,1712696430.3630223,612361.63027584,25290.0,0.0,25960.0,BID
623,1712696437.9506228,612364.0205289,25290.0,1.3286231676818484e-10,25960.0,BID
624,1712696460.557171,612364.0205289,25290.0,0.0,25960.0,BID
625,1712696470.567913,612364.3205289,25290.0,1.6675456576879257e-11,25960.0,BID
626,1712696490.5574603,612364.3205289,25290.0,0.0,25960.0,BID
627,1712696504.117234,612364.51831371,25280.0,1.099383539644883e-11,25960.0,BID
628,1712696507.587371,612369.27078895,25250.0,-2.64165536880823e-10,25960.0,ASK
629,1712696507.5974555,612412.72027212,25250.0,-2.415132214070688e-09,25960.0,ASK
630,1712696507.604634,612420.46120864,25250.0,-4.302786544896714e-10,25960.0,ASK
631,1712696507.608885,612424.81921337,25250.0,-2.4223895992588017e-10,25960.0,ASK
632,1712696511.7273262,612427.20801105,25270.0,1.3278091726381914e-10,25960.0,BID
633,1712696515.9373648,612428.39707169,25240.0,-6.609373567848411e-11,25960.0,ASK
634,1712696517.5675185,612428.59493476,25270.0,1.0998185470037484e-11,25960.0,BID
635,1712696520.3406875,612428.59493476,25270.0,0.0,25960.0,BID
636,1712696550.366523,612428.59493476,25270.0,0.0,25960.0,BID
637,1712696558.5939746,612437.40587412,25240.0,-4.89710404247697e-10,25960.0,ASK
638,1712696558.599794,612517.41116706,25240.0,-4.446679604419012e-09,25960.0,ASK
639,1712696558.6033132,612533.25902759,25240.0,-8.808212007335488e-10,25960.0,ASK
640,1712696558.6059752,612537.27908161,25240.0,-2.2343386996572647e-10,25960.0,ASK
641,1712696580.529784,612537.27908161,25240.0,-0.0,25960.0,ASK
642,1712696584.6774106,612616.98044125,25240.0,-4.429111758548315e-09,25960.0,ASK
643,1712696610.5808978,612616.98044125,25240.0,-0.0,25960.0,ASK
644,1712696640.3310237,612616.98044125,25240.0,-0.0,25960.0,ASK
645,1712696645.5773315,612639.00384525,25250.0,-1.2237333810355991e-09,25960.0,ASK
646,1712696645.8571029,612639.00384538,25250.0,-7.225462934052654e-18,25960.0,ASK
647,1712696670.3470654,612639.00384538,25250.0,-0.0,25960.0,ASK
648,1712696679.4784184,612639.79592458,25250.0,-4.401062650557293e-11,25960.0,ASK
649,1712696683.0490017,612685.48546851,25240.0,-2.538667160197109e-09,25960.0,ASK
650,1712696683.0563698,612685.88166502,25240.0,-2.2014031714056672e-11,25960.0,ASK
651,1712696700.5507374,612685.88166502,25240.0,-0.0,25960.0,ASK
652,1712696730.559843,612685.88166502,25240.0,-0.0,25960.0,ASK
653,1712696758.1979623,612725.50131636,25240.0,-2.210393358377611e-09,25960.0,ASK
654,1712696760.3615482,612725.50131636,25240.0,-0.0,25960.0,ASK
655,1712696766.107979,612726.29370938,25240.0,4.420540055470036e-11,25960.0,BID
656,1712696786.7488322,612726.48456107,25230.0,-1.0647084452604022e-11,25960.0,ASK
657,1712696786.7547624,612730.84444938,25230.0,-2.4322603083306217e-10,25960.0,ASK
658,1712696790.3714297,612730.84444938,25230.0,-0.0,25960.0,ASK
659,1712696792.0489438,612730.84445008,25230.0,-3.905105484429626e-17,25960.0,ASK
660,1712696818.6794312,612731.04254833,25240.0,1.1051266748114614e-11,25960.0,BID
661,1712696820.5417247,612731.04254833,25240.0,0.0,25960.0,BID
662,1712696822.26451,612736.19718538,25220.0,-2.8756060750604716e-10,25960.0,ASK
663,1712696822.2702286,612835.25223533,25220.0,-5.5259623643408995e-09,25960.0,ASK
664,1712696822.339776,612890.05103941,25220.0,-3.0570488744464193e-09,25960.0,ASK
665,1712696823.5055006,612890.84437538,25210.0,-4.425765989934392e-11,25960.0,ASK
666,1712696823.5090437,612891.24104336,25210.0,-2.212882967365843e-11,25960.0,ASK
667,1712696823.6048226,612897.03840948,25230.0,3.2341639328669856e-10,25960.0,BID
668,1712696824.2833493,612897.43523487,25200.0,-2.2137611066909675e-11,25960.0,ASK
669,1712696824.288036,612902.44911681,25200.0,-2.7970833303249667e-10,25960.0,ASK
670,1712696824.292396,612986.74286679,25200.0,-4.7024769577568816e-09,25960.0,ASK
671,1712696825.2129736,612987.13984971,25190.0,-2.2146399162418924e-11,25960.0,ASK
672,1712696825.3301263,612996.27120198,25200.0,5.09408748009866e-10,25960.0,BID
673,1712696826.3596256,613048.41860198,25190.0,-2.9091355760664947e-09,25960.0,ASK
674,1712696826.3643663,613069.21288315,25180.0,-1.1600460067112128e-09,25960.0,ASK
675,1712696826.4675162,613099.86631508,25180.0,1.71005628959564e-09,25960.0,BID
676,1712696826.4996877,613117.0087285,25180.0,9.563200608238598e-10,25960.0,BID
677,1712696826.5593834,613138.73890844,25180.0,1.2122567862973815e-09,25960.0,BID
678,1712696826.5873272,613150.31555667,25180.0,6.45823937864412e-10,25960.0,BID
679,1712696826.5954278,613157.53760564,25180.0,4.0289486323147606e-10,25960.0,BID
680,1712696826.6653302,613166.83295833,25180.0,5.185578035082732e-10,25960.0,BID
681,1712696826.719735,613179.02565888,25180.0,6.801915136364138e-10,25960.0,BID
682,1712696826.7909312,613190.58225531,25180.0,6.447053124949572e-10,25960.0,BID
683,1712696826.7992911,613202.18119648,25180.0,6.470675892263372e-10,25960.0,BID
684,1712696830.669931,613203.18119648,25180.0,5.5786780857062685e-11,25960.0,BID
685,1712696830.7700677,613203.18119649,25180.0,5.520270640089093e-19,25960.0,BID
686,1712696830.7882314,613203.47156338,25180.0,1.6198634061989635e-11,25960.0,BID
687,1712696849.1745086,613204.26615917,25170.0,-4.432794120551491e-11,25960.0,ASK
688,1712696849.1801212,613283.72583338,25170.0,-4.432799432129923e-09,25960.0,ASK
689,1712696849.2499251,613283.72583433,25170.0,-5.2994598144855293e-17,25960.0,ASK
690,1712696849.410384,613294.18285459,25190.0,5.8336349766496e-10,25960.0,BID
691,1712696849.4910886,613294.97776714,25160.0,-4.434561222828856e-11,25960.0,ASK
692,1712696849.4977007,613295.19148614,25160.0,-1.1922695017551243e-11,25960.0,ASK
693,1712696849.5035858,613295.58894241,25160.0,-2.2172805831636314e-11,25960.0,ASK
694,1712696850.5401258,613295.58894241,25160.0,-0.0,25960.0,ASK
695,1712696858.0201886,613296.22436735,25180.0,3.542020606489165e-11,25960.0,BID
696,1712696880.3632505,613296.22436735,25180.0,0.0,25960.0,BID
697,1712696910.3818915,613296.22436735,25180.0,0.0,25960.0,BID
698,1712696940.5419977,613296.22436735,25180.0,0.0,25960.0,BID
699,1712696941.0524075,613406.03403772,25180.0,6.121065508186769e-09,25960.0,BID
700,1712696946.1725385,613406.66946266,25180.0,3.5420174474318504e-11,25960.0,BID
701,1712696950.4847658,613412.75580475,25180.0,3.3926792160352756e-10,25960.0,BID
702,1712696956.113117,613422.75580475,25150.0,-5.574249961378181e-10,25960.0,ASK
703,1712696956.1191278,613502.67628188,25150.0,-4.45496716555143e-09,25960.0,ASK
704,1712696956.1239524,613635.53727193,25150.0,-7.406003686549691e-09,25960.0,ASK
705,1712696956.128785,613637.33250055,25150.0,-1.0007053065384359e-10,25960.0,ASK
706,1712696956.172257,613693.36250055,25150.0,3.123252253361754e-09,25960.0,BID
707,1712696956.192233,613734.39791904,25150.0,2.2874167993337877e-09,25960.0,BID
708,1712696970.5643303,613734.39791904,25150.0,0.0,25960.0,BID
709,1712696974.1749525,613882.08816565,25140.0,-8.227567831890131e-09,25960.0,ASK
710,1712696974.1810124,613899.78308729,25140.0,-9.85753436091109e-10,25960.0,ASK
711,1712696974.186123,613909.90493082,25140.0,-5.638703715258013e-10,25960.0,ASK
712,1712696974.1909497,613924.62251235,25140.0,-8.198909754623655e-10,25960.0,ASK
713,1712696974.1952758,613926.21360224,25130.0,-8.863686192556767e-11,25960.0,ASK
714,1712696974.1980157,613928.60472966,25140.0,-1.3320556701862744e-10,25960.0,ASK
715,1712696974.2007658,613938.80373483,25130.0,-5.681689128449759e-10,25960.0,ASK
716,1712696974.2035568,613944.15373483,25140.0,-2.9803923353628487e-10,25960.0,ASK
717,1712696974.2063437,614145.65413777,25130.0,-1.1225238439204306e-08,25960.0,ASK
718,1712696974.2091467,614146.44999929,25130.0,-4.433606681391384e-11,25960.0,ASK
719,1712696993.5732782,614146.84713987,25180.0,2.2124013844647947e-11,25960.0,BID
720,1712697000.3934395,614146.84713987,25180.0,0.0,25960.0,BID
721,1712697012.8343115,614202.20790752,25180.0,3.086190952635272e-09,25960.0,BID
722,1712697012.8414974,614229.19066647,25180.0,1.5042050550147554e-09,25960.0,BID
723,1712697013.9856567,614229.82609141,25180.0,3.5422968001548534e-11,25960.0,BID
724,1712697029.2436738,614239.09563848,25170.0,5.167484758056778e-10,25960.0,BID
725,1712697030.023846,614240.09563848,25170.0,5.5746895927262855e-11,25960.0,BID
726,1712697030.3740385,614240.09563848,25170.0,0.0,25960.0,BID
727,1712697055.734403,614240.50088281,25170.0,2.2588156971658843e-11,25960.0,BID
728,1712697060.5761318,614240.50088281,25170.0,0.0,25960.0,BID
729,1712697090.5648146,614240.50088281,25170.0,0.0,25960.0,BID
730,1712697119.7056348,614250.31929501,25170.0,5.472740603780445e-10,25960.0,BID
731,1712697120.3760948,614250.31929501,25170.0,0.0,25960.0,BID
732,1712697127.875882,614250.9549724,25170.0,3.543189541980983e-11,25960.0,BID
733,1712697130.185568,614251.15362158,25170.0,1.1072467074547571e-11,25960.0,BID
734,1712697146.0957158,614253.14011343,25170.0,1.1072467352919255e-10,25960.0,BID
735,1712697150.3723662,614253.14011343,25170.0,0.0,25960.0,BID
736,1712697162.1061993,614447.18187493,25160.0,1.0815612289957842e-08,25960.0,BID
737,1712697162.1125472,614457.21764603,25160.0,5.593796325538478e-10,25960.0,BID
738,1712697162.185844,614503.14011343,25160.0,2.559653133205301e-09,25960.0,BID
739,1712697176.8462334,614506.32458262,25170.0,1.7749779141186523e-10,25960.0,BID
740,1712697180.584201,614506.32458262,25170.0,0.0,25960.0,BID
741,1712697209.386456,614506.9592514,25210.0,3.536298061417236e-11,25960.0,BID
742,1712697210.5862205,614506.9592514,25210.0,0.0,25960.0,BID
743,1712697214.0478065,614535.42458262,25210.0,1.586052584264053e-09,25960.0,BID
744,1712697214.0543573,614556.54275001,25210.0,1.1766778227479535e-09,25960.0,BID
745,1712697240.34718,614556.54275001,25210.0,0.0,25960.0,BID
746,1712697260.9470694,614596.20954889,25210.0,2.2100304000039603e-09,25960.0,BID
747,1712697270.373221,614596.20954889,25210.0,0.0,25960.0,BID
748,1712697277.8777,614606.20954889,25200.0,5.571176242384022e-10,25960.0,BID
749,1712697286.1311078,614660.93489161,25200.0,3.0488452921825803e-09,25960.0,BID
750,1712697286.136762,614771.65642693,25200.0,6.1684918709466755e-09,25960.0,BID
751,1712697286.143221,614854.20954889,25210.0,4.599179917983137e-09,25960.0,BID
752,1712697300.372929,614854.20954889,25210.0,0.0,25960.0,BID
753,1712697330.371241,614854.20954889,25210.0,0.0,25960.0,BID
754,1712697332.0476449,614867.49157189,25210.0,7.41432713174547e-10,25960.0,BID
755,1712697346.928093,614937.49157189,25210.0,3.907559106200786e-09,25960.0,BID
756,1712697360.5720038,614937.49157189,25210.0,0.0,25960.0,BID
757,1712697390.572389,614937.49157189,25210.0,0.0,25960.0,BID
758,1712697420.381991,614937.49157189,25210.0,0.0,25960.0,BID
759,1712697439.6188118,614937.68998458,25200.0,1.1074549392285632e-11,25960.0,BID
760,1712697450.38403,614937.68998458,25200.0,0.0,25960.0,BID
761,1712697480.559559,614937.68998458,25200.0,0.0,25960.0,BID
762,1712697483.229967,614938.08728295,25170.0,-2.2175492864551007e-11,25960.0,ASK
763,1712697483.2366166,614947.6050815,25170.0,-5.31242738004352e-10,25960.0,ASK
764,1712697483.2433238,614947.8042465,25150.0,-1.1116537018195576e-11,25960.0,ASK
765,1712697483.2533286,614957.8042465,25170.0,-5.58157157045538e-10,25960.0,ASK
766,1712697483.256395,615276.39332511,25150.0,-1.7782277438268607e-08,25960.0,ASK
767,1712697483.2594335,615276.79078138,25160.0,-2.2184306174689345e-11,25960.0,ASK
768,1712697483.262462,615278.77885295,25150.0,-1.1096563754808124e-10,25960.0,ASK
769,1712697483.3296373,615334.45932832,25150.0,3.107845583547845e-09,25960.0,BID
770,1712697483.3516357,615343.93885118,25150.0,5.29106352970081e-10,25960.0,BID
771,1712697483.6289673,615420.15315118,25150.0,4.2539557014211496e-09,25960.0,BID
772,1712697483.7890506,615420.15315602,25150.0,2.7014622236797875e-16,25960.0,BID
773,1712697484.7794003,615439.17792202,25170.0,-1.0618809304009763e-09,25960.0,ASK
774,1712697510.5635204,615439.17792202,25170.0,-0.0,25960.0,ASK
775,1712697540.3728142,615439.17792202,25170.0,-0.0,25960.0,ASK
776,1712697570.370362,615439.17792202,25170.0,-0.0,25960.0,ASK
777,1712697576.9953878,615445.40034193,25170.0,-3.470644820797844e-10,25960.0,ASK
778,1712697576.9987853,615476.08436059,25170.0,-1.711445578787178e-09,25960.0,ASK
779,1712697595.130175,615509.91976059,25160.0,1.887218437002738e-09,25960.0,BID
780,1712697598.0495658,615518.56474359,25160.0,4.82186446892739e-10,25960.0,BID
781,1712697600.407878,615518.56474359,25160.0,0.0,25960.0,BID
782,1712697602.890023,615528.91138759,25160.0,5.798099132997422e-10,25960.0,BID
783,1712697603.5199432,615536.70772809,25150.0,-4.3689485299273286e-10,25960.0,ASK
784,1712697603.8202765,615556.79872809,25160.0,1.1258685394100398e-09,25960.0,BID
785,1712697605.4400811,615557.43465813,25160.0,3.563653503270807e-11,25960.0,BID
786,1712697608.0793357,615584.76075087,25160.0,1.531311936731637e-09,25960.0,BID
787,1712697608.6000516,615587.54478706,25150.0,-1.5601307843889804e-10,25960.0,ASK
788,1712697609.7804296,616070.0079585,25150.0,-2.7036489281161832e-08,25960.0,ASK
789,1712697614.130236,616089.5463585,25160.0,1.094901690830732e-09,25960.0,BID
790,1712697617.650565,616107.6666585,25160.0,1.015433562022889e-09,25960.0,BID
791,1712697618.310327,616113.2511001,25160.0,3.1294346262647315e-10,25960.0,BID
792,1712697624.8705552,616133.5547001,25160.0,1.137782314306482e-09,25960.0,BID
793,1712697630.3706958,616133.5547001,25160.0,0.0,25960.0,BID
794,1712697630.61826,616133.55478619,25160.0,4.820175597638289e-15,25960.0,BID
795,1712697630.623726,616133.9601055,25160.0,2.269379537802201e-11,25960.0,BID
796,1712697660.4205332,616133.9601055,25160.0,0.0,25960.0,BID
797,1712697672.870764,616134.59578289,25170.0,3.5591505325658926e-11,25960.0,BID
798,1712697690.3713093,616134.59578289,25170.0,0.0,25960.0,BID
799,1712697720.233584,616134.9933972,25150.0,-2.2262360400500407e-11,25960.0,ASK
800,1712697720.584396,616134.9933972,25150.0,-0.0,25960.0,ASK
801,1712697720.6315897,616135.39116967,25140.0,-2.2271203283148325e-11,25960.0,ASK
802,1712697720.6396158,616137.38003202,25140.0,-1.1135601640922356e-10,25960.0,ASK
803,1712697720.6466408,616160.1993832,25140.0,-1.2776510372603843e-09,25960.0,ASK
804,1712697720.655505,616162.17501733,25130.0,-1.1061537093972852e-10,25960.0,ASK
805,1712697720.6611814,616162.17501747,25130.0,-7.841239704009344e-18,25960.0,ASK
806,1712697720.9108589,616164.52375647,25150.0,-1.3150544009043322e-10,25960.0,ASK
807,1712697720.9737313,616164.52375729,25150.0,-4.5913293827964937e-17,25960.0,ASK
808,1712697720.9773598,616241.69788029,25150.0,-4.32096414674027e-09,25960.0,ASK
809,1712697721.151151,616252.33881889,25130.0,-5.957840839800611e-10,25960.0,ASK
810,1712697721.158946,616262.18269075,25130.0,-5.511564721240445e-10,25960.0,ASK
811,1712697721.1645234,616288.60196129,25130.0,-1.4792098225254719e-09,25960.0,ASK
1012,1712697721.2105658,616288.60196215,25130.0,-4.8148992263937676e-17,25960.0,ASK
812,1712697721.2105658,616288.60196215,25130.0,-4.814899226393768e-17,25960.0,ASK
813,1712697721.412464,616297.76129194,25150.0,5.128290946815212e-10,25960.0,BID
814,1712697737.256297,616400.51691818,25150.0,5.7532675409743325e-09,25960.0,BID
815,1712697744.9738045,616400.71600257,25120.0,-1.1146696298321711e-11,25960.0,ASK
816,1712697744.981348,616405.09498345,25120.0,-2.451782883471361e-10,25960.0,ASK
817,1712697744.985072,616405.89116179,25120.0,-4.457787050546616e-11,25960.0,ASK
1017,1712697744.985072,616405.89116179,25120.0,-4.4577870505466156e-11,25960.0,ASK
818,1712697744.9881225,616415.44530191,25120.0,-5.34934448320846e-10,25960.0,ASK
819,1712697750.636699,616415.44530191,25120.0,-0.0,25960.0,ASK
820,1712697750.9702904,616435.44530191,25110.0,-1.1193541663176591e-09,25960.0,ASK
821,1712697750.9736528,616476.13437525,25110.0,-2.2772741883321878e-09,25960.0,ASK
822,1712697750.9769452,616487.14990691,25110.0,-6.16514062894478e-10,25960.0,ASK
823,1712697751.044929,616487.14990759,25110.0,-3.8057028347751167e-17,25960.0,ASK
1023,1712697751.044929,616487.14990759,25110.0,-3.805702834775117e-17,25960.0,ASK
824,1712697752.6613135,616487.34915061,25100.0,-1.1151175229208528e-11,25960.0,ASK
825,1712697752.668384,616497.34915061,25100.0,-5.596770831588297e-10,25960.0,ASK
826,1712697752.675187,616497.74755698,25100.0,-2.229789150515956e-11,25960.0,ASK
827,1712697752.678321,616565.08812268,25100.0,-3.768897138922338e-09,25960.0,ASK
828,1712697754.6711967,616565.28708806,25130.0,1.1135636357539328e-11,25960.0,BID
829,1712697764.9708738,616565.92377727,25130.0,3.563403599098582e-11,25960.0,BID
830,1712697767.0209196,616566.32234243,25090.0,-2.2306778619427354e-11,25960.0,ASK
831,1712697767.026584,616586.44992227,25090.0,-1.1264945175906927e-09,25960.0,ASK
832,1712697767.261212,616586.44992313,25090.0,-4.8129989454688905e-17,25960.0,ASK
833,1712697780.4004786,616586.44992313,25090.0,-0.0,25960.0,ASK
834,1712697787.6919208,616586.84864721,25080.0,-2.231031283526721e-11,25960.0,ASK
835,1712697787.6989212,616587.24737129,25080.0,-2.2310312828753278e-11,25960.0,ASK
1035,1712697787.6989212,616587.24737129,25080.0,-2.231031282875328e-11,25960.0,ASK
836,1712697787.7045395,616587.44685274,25070.0,-1.1161837915832663e-11,25960.0,ASK
837,1712697787.707749,616587.64625465,25080.0,-1.1157387309670072e-11,25960.0,ASK
838,1712697787.7110276,616587.90125465,25080.0,-1.4268337573673451e-11,25960.0,ASK
839,1712697787.714201,616588.22799385,25070.0,-1.828245178298373e-11,25960.0,ASK
840,1712697802.3115702,616588.86519018,25110.0,3.5653852302126195e-11,25960.0,BID
841,1712697806.041823,616589.84443422,25070.0,-5.479288050639506e-11,25960.0,ASK
1042,1712697806.0528517,616616.81407471,25070.0,-1.5090664107652781e-09,25960.0,ASK
842,1712697806.0528517,616616.81407471,25070.0,-1.509066410765278e-09,25960.0,ASK
843,1712697806.058318,616656.70238743,25070.0,-2.231921220089217e-09,25960.0,ASK
844,1712697810.3801644,616656.70238743,25070.0,-0.0,25960.0,ASK
845,1712697814.8516293,616690.59050545,25080.0,-1.895997884451762e-09,25960.0,ASK
846,1712697814.8590891,617056.70238743,25070.0,-2.0483502603965243e-08,25960.0,ASK
847,1712697825.031365,617057.33983762,25100.0,3.566454209769267e-11,25960.0,BID
848,1712697840.5613058,617057.33983762,25100.0,0.0,25960.0,BID
849,1712697851.741238,617065.35265813,25070.0,-4.480555083354285e-10,25960.0,ASK
850,1712697864.261761,617072.74249813,25070.0,-4.1322010315636527e-10,25960.0,ASK
851,1712697864.2679229,617072.94197958,25070.0,-1.1154469563078176e-11,25960.0,ASK
852,1712697864.2735124,617073.54058292,25060.0,-3.347229898056559e-11,25960.0,ASK
853,1712697864.277975,617090.48292436,25070.0,-9.473704542437399e-10,25960.0,ASK
854,1712697864.2813466,617116.73047125,25060.0,-1.4676926744784502e-09,25960.0,ASK
855,1712697867.751407,617117.31287348,25060.0,-3.256637620889437e-11,25960.0,ASK
856,1712697867.7558806,617142.41937781,25060.0,-1.4038886239989503e-09,25960.0,ASK
857,1712697870.5613804,617142.41937781,25060.0,-0.0,25960.0,ASK
858,1712697893.401791,617143.056828,25100.0,3.564026130070762e-11,25960.0,BID
859,1712697900.362348,617143.056828,25100.0,0.0,25960.0,BID
860,1712697930.3770325,617143.056828,25100.0,0.0,25960.0,BID
861,1712697960.556061,617143.056828,25100.0,0.0,25960.0,BID
862,1712697960.7722883,617145.04016794,25060.0,-1.1120533293439683e-10,25960.0,ASK
863,1712697960.8919065,617147.02350788,25060.0,-1.1120533294092419e-10,25960.0,ASK
864,1712697976.3919208,617152.99009499,25060.0,-3.3454492226711637e-10,25960.0,ASK
865,1712697987.5943828,617156.98051797,25060.0,-2.2374193505769567e-10,25960.0,ASK
866,1712697987.6017876,617169.55709479,25060.0,-7.05165253953905e-10,25960.0,ASK
867,1712697987.6064491,617172.22274694,25060.0,-1.4946239363610838e-10,25960.0,ASK
868,1712697990.5721526,617172.22274694,25060.0,-0.0,25960.0,ASK
869,1712697991.242329,617173.02083153,25060.0,4.474655290510991e-11,25960.0,BID
1069,1712697991.242329,617173.02083153,25060.0,4.4746552905109906e-11,25960.0,BID
870,1712697993.092082,617181.52058154,25060.0,4.76559149576398e-10,25960.0,BID
871,1712697998.571988,617182.1582858,25090.0,3.5754439777808705e-11,25960.0,BID
872,1712698020.402439,617182.1582858,25090.0,0.0,25960.0,BID
873,1712698050.3630848,617182.1582858,25090.0,0.0,25960.0,BID
874,1712698066.413812,617182.35756838,25090.0,1.1173106368175675e-11,25960.0,BID
875,1712698073.8521612,617182.75613354,25090.0,2.2346212742878365e-11,25960.0,BID
876,1712698080.595192,617182.75613354,25090.0,0.0,25960.0,BID
877,1712698096.9423337,617203.10729076,25060.0,-1.1410202194996771e-09,25960.0,ASK
878,1712698096.949763,617208.4450401,25060.0,-2.9926946451671403e-10,25960.0,ASK
879,1712698110.5625987,617208.4450401,25060.0,-0.0,25960.0,ASK
880,1712698111.1746433,617209.08299863,25080.0,3.5766875640960707e-11,25960.0,BID
881,1712698130.6223526,617209.41704683,25080.0,1.872827130235486e-11,25960.0,BID
882,1712698140.3833902,617209.41704683,25080.0,0.0,25960.0,BID
883,1712698170.3825746,617209.41704683,25080.0,0.0,25960.0,BID
884,1712698185.8927438,617209.61640887,25080.0,1.1177133322015616e-11,25960.0,BID
885,1712698198.302784,617210.2543674,25080.0,3.576682675706925e-11,25960.0,BID
886,1712698200.4826634,617210.2543674,25080.0,0.0,25960.0,BID
887,1712698201.9150505,617211.0242743,25090.0,4.334746374675488e-11,25960.0,BID
1087,1712698201.9150505,617211.0242743,25090.0,4.3347463746754876e-11,25960.0,BID
888,1712698201.9195662,617229.0888154,25080.0,1.0170736753082859e-09,25960.0,BID
889,1712698225.0832584,617229.88626356,25080.0,-4.489809768635428e-11,25960.0,ASK
890,1712698225.4026666,617230.29296212,25080.0,2.289802972926168e-11,25960.0,BID
891,1712698226.3225963,617238.15593132,25080.0,4.4270258174808844e-10,25960.0,BID
892,1712698230.3671334,617238.15593132,25080.0,0.0,25960.0,BID
893,1712698260.5527823,617238.15593132,25080.0,0.0,25960.0,BID
1094,1712698266.552962,617239.15115424,25120.0,5.603104715281336e-11,25960.0,BID
894,1712698266.552962,617239.15115424,25120.0,5.6031047152813356e-11,25960.0,BID
1095,1712698268.6328824,617239.85427924,25080.0,-3.9585935209889075e-11,25960.0,ASK
895,1712698268.6328824,617239.85427924,25080.0,-3.958593520988908e-11,25960.0,ASK
896,1712698273.1048734,617259.75873783,25120.0,1.1206209537854635e-09,25960.0,BID
897,1712698290.5459971,617259.75873783,25120.0,0.0,25960.0,BID
898,1712698294.1733549,617260.85873783,25100.0,6.192810449292997e-11,25960.0,BID
899,1712698320.373099,617260.85873783,25100.0,0.0,25960.0,BID
900,1712698329.2932658,617362.68880553,25110.0,5.732848428142737e-09,25960.0,BID
901,1712698344.203081,617363.32600186,25110.0,3.587299960995311e-11,25960.0,BID
902,1712698348.624021,617367.30847896,25110.0,2.2420624967094736e-10,25960.0,BID
903,1712698349.9233987,617371.29095606,25110.0,2.2420624967750127e-10,25960.0,BID
904,1712698350.3767865,617371.29095606,25110.0,0.0,25960.0,BID
905,1712698351.0283463,617484.85873783,25110.0,6.392662504019961e-09,25960.0,BID
906,1712698374.853058,617485.05762406,25140.0,1.119518692106244e-11,25960.0,BID
907,1712698380.4132547,617485.05762406,25140.0,0.0,25960.0,BID
908,1712698384.9532268,617486.10284528,25140.0,5.882541806555459e-11,25960.0,BID
909,1712698410.389773,617486.10284528,25140.0,0.0,25960.0,BID
910,1712698440.574925,617486.10284528,25140.0,0.0,25960.0,BID
911,1712698470.5585809,617486.10284528,25140.0,0.0,25960.0,BID
912,1712698471.3036067,617503.45238963,25140.0,9.764370171423906e-10,25960.0,BID
913,1712698500.4078124,617503.45238963,25140.0,0.0,25960.0,BID
914,1712698510.7439165,617511.40783911,25140.0,4.4840737971500316e-10,25960.0,BID
915,1712698530.3810153,617511.40783911,25140.0,0.0,25960.0,BID
916,1712698546.1734786,617512.20306773,25110.0,-4.4822402920315596e-11,25960.0,ASK
1116,1712698546.1734786,617512.20306773,25110.0,-4.48224029203156e-11,25960.0,ASK
917,1712698560.5577393,617512.20306773,25110.0,-0.0,25960.0,ASK
918,1712698590.5635152,617512.20306773,25110.0,-0.0,25960.0,ASK
919,1712698606.6043506,617515.39031621,25110.0,-1.7964642017306347e-10,25960.0,ASK
920,1712698606.6120045,617523.68186864,25110.0,-4.67345963472284e-10,25960.0,ASK
921,1712698620.38722,617523.68186864,25110.0,-0.0,25960.0,ASK
922,1712698625.6336784,617523.88867162,25100.0,-1.1656076307573656e-11,25960.0,ASK
923,1712698650.3967023,617523.88867162,25100.0,-0.0,25960.0,ASK
924,1712698671.084212,617524.52485452,25150.0,3.5857289175347386e-11,25960.0,BID
925,1712698680.5738602,617524.52485452,25150.0,0.0,25960.0,BID
926,1712698683.094283,617524.91654438,25150.0,2.207686486647583e-11,25960.0,BID
927,1712698683.1020985,617525.11535153,25150.0,1.1205392411519755e-11,25960.0,BID
928,1712698710.556533,617525.11535153,25150.0,0.0,25960.0,BID
929,1712698740.3524036,617525.11535153,25150.0,0.0,25960.0,BID
930,1712698744.0048478,617553.28867162,25150.0,1.5879350560495919e-09,25960.0,BID
931,1712698744.0111325,617845.00121376,25150.0,1.6441816955717733e-08,25960.0,BID
932,1712698770.373978,617845.00121376,25150.0,0.0,25960.0,BID
933,1712698775.7103922,617885.27097459,25150.0,2.26869895925863e-09,25960.0,BID
934,1712698775.7172103,617889.35951446,25150.0,2.3033824777595787e-10,25960.0,BID
935,1712698800.383782,617889.35951446,25150.0,0.0,25960.0,BID
936,1712698827.8132854,617889.75712877,25130.0,2.2455346933841896e-11,25960.0,BID
937,1712698830.3860395,617889.75712877,25130.0,0.0,25960.0,BID
938,1712698857.1584983,617889.95617373,25130.0,1.1241097205424977e-11,25960.0,BID
939,1712698858.662561,617907.70245639,25140.0,1.0022242635422e-09,25960.0,BID
940,1712698858.6729305,617909.84564994,25130.0,1.2103721203845694e-10,25960.0,BID
941,1712698859.622432,617913.82812704,25110.0,-2.249110563075608e-10,25960.0,ASK
942,1712698859.6304362,617948.98179368,25110.0,-1.9853091677863793e-09,25960.0,ASK
943,1712698859.6372025,617952.96427078,25110.0,-2.249110563075608e-10,25960.0,ASK
944,1712698860.574148,617952.96427078,25110.0,-0.0,25960.0,ASK
945,1712698890.5599272,617952.96427078,25110.0,-0.0,25960.0,ASK
946,1712698916.601155,617953.56092949,25140.0,3.369337868610311e-11,25960.0,BID
947,1712698916.7010124,617957.5418212,25120.0,-2.2480136405819384e-10,25960.0,ASK
948,1712698916.7083278,617957.741184,25120.0,-1.1258037807833992e-11,25960.0,ASK
949,1712698916.7145708,617961.72207549,25120.0,-2.2480135163336183e-10,25960.0,ASK
950,1712698916.8207595,617961.72207571,25120.0,-1.2418258023545577e-17,25960.0,ASK
951,1712698920.392203,617961.72207571,25120.0,-0.0,25960.0,ASK
952,1712698947.1103206,617962.51825405,25120.0,4.495971413000288e-11,25960.0,BID
953,1712698950.373849,617962.51825405,25120.0,0.0,25960.0,BID
954,1712698980.5773337,617962.51825405,25120.0,0.0,25960.0,BID
955,1712698985.5095797,617962.90722486,25120.0,2.1964923925389656e-11,25960.0,BID
956,1712698991.1312923,618022.23162984,25120.0,-3.350009843518362e-09,25960.0,ASK
957,1712698991.1359932,618040.21684991,25110.0,-1.0156134611498866e-09,25960.0,ASK
958,1712698992.9896686,618040.41573614,25140.0,1.1230973635306789e-11,25960.0,BID
959,1712699010.5573316,618040.41573614,25140.0,0.0,25960.0,BID
960,1712699021.9588592,618040.81350861,25140.0,2.2459466325315764e-11,25960.0,BID
961,1712699033.601982,618056.81220421,25140.0,9.033359323613631e-10,25960.0,BID
962,1712699040.3533475,618056.81220421,25140.0,0.0,25960.0,BID
963,1712699043.4493525,618057.21029338,25120.0,-2.2476825050088683e-11,25960.0,ASK
964,1712699043.458219,618077.11475197,25120.0,-1.1238412576182411e-09,25960.0,ASK
965,1712699062.1181176,618097.11475197,25110.0,-1.129235696145061e-09,25960.0,ASK
966,1712699070.389409,618097.11475197,25110.0,-0.0,25960.0,ASK
967,1712699085.137738,618097.51268273,25130.0,2.246659695581224e-11,25960.0,BID
968,1712699095.8677804,618112.93249968,25130.0,8.70580632175749e-10,25960.0,BID
969,1712699100.3886025,618112.93249968,25130.0,0.0,25960.0,BID
970,1712699130.370456,618112.93249968,25130.0,0.0,25960.0,BID
971,1712699160.5617828,618112.93249968,25130.0,0.0,25960.0,BID
972,1712699190.576935,618112.93249968,25130.0,0.0,25960.0,BID
973,1712699220.3833897,618112.93249968,25130.0,0.0,25960.0,BID
974,1712699227.3561175,618120.89111488,25130.0,4.5032934450168227e-10,25960.0,BID
1174,1712699227.3561175,618120.89111488,25130.0,4.503293445016823e-10,25960.0,BID
975,1712699248.8159893,618124.87042248,25130.0,2.2516467225413479e-10,25960.0,BID
976,1712699250.3619275,618124.87042248,25130.0,0.0,25960.0,BID
977,1712699280.5604322,618124.87042248,25130.0,0.0,25960.0,BID
978,1712699282.0654736,618152.72557568,25130.0,1.576125950755085e-09,25960.0,BID
979,1712699282.0736127,618164.66349848,25130.0,6.75482550321726e-10,25960.0,BID
980,1712699304.2450666,618164.86238471,25140.0,1.1253563967485167e-11,25960.0,BID
981,1712699310.586574,618164.86238471,25140.0,0.0,25960.0,BID
982,1712699335.9969926,618183.25598318,25130.0,1.0407043603634848e-09,25960.0,BID
983,1712699336.005801,618194.86238471,25130.0,6.56686765238663e-10,25960.0,BID
984,1712699340.373688,618194.86238471,25130.0,0.0,25960.0,BID
985,1712699370.3819304,618194.86238471,25130.0,0.0,25960.0,BID
986,1712699400.4343004,618194.86238471,25130.0,0.0,25960.0,BID
987,1712699407.4644184,618196.60501304,25130.0,-9.884045428353295e-11,25960.0,ASK
988,1712699407.4728563,618203.19938471,25120.0,-3.7402737023998735e-10,25960.0,ASK
989,1712699415.614012,618203.99492965,25140.0,4.512265863656577e-11,25960.0,BID
990,1712699429.4037795,618204.39270212,25140.0,2.2561329321584376e-11,25960.0,BID
991,1712699430.3668375,618204.39270212,25140.0,0.0,25960.0,BID
992,1712699460.5585403,618204.39270212,25140.0,0.0,25960.0,BID
1193,1712699488.1037369,618244.16994953,25140.0,2.256102315148385e-09,25960.0,BID
993,1712699488.1037369,618244.16994953,25140.0,2.2561023151483852e-09,25960.0,BID
994,1712699490.56322,618244.16994953,25140.0,0.0,25960.0,BID
995,1712699508.4932244,618246.16356994,25120.0,-1.1306857113200095e-10,25960.0,ASK
996,1712699520.3861191,618246.16356994,25120.0,-0.0,25960.0,ASK
997,1712699521.78461,618254.70379132,25120.0,-4.843589487209577e-10,25960.0,ASK
998,1712699521.7956429,618256.91197758,25120.0,-1.2523735953973256e-10,25960.0,ASK
999,1712699534.3631728,618264.73670371,25120.0,-4.4377961105923007e-10,25960.0,ASK
1000,1712699550.1631484,618269.72953472,25120.0,-2.8316858211379863e-10,25960.0,ASK
1201,1712699550.3604662,618269.72953472,25120.0,-0.0,25960.0,ASK
1202,1712699561.6629891,618279.72953472,25130.0,-5.67131302401016e-10,25960.0,ASK
1203,1712699575.442777,618298.53753472,25120.0,-1.066660553560215e-09,25960.0,ASK
1204,1712699576.5326111,618336.15753471,25120.0,-2.133547959064563e-09,25960.0,ASK
1205,1712699580.5399208,618336.15753471,25120.0,-0.0,25960.0,ASK
1206,1712699600.6731305,618424.4696083,25120.0,-5.007980169792614e-09,25960.0,ASK
1207,1712699600.6758978,618621.75319106,25120.0,-1.1187510723332042e-08,25960.0,ASK
1208,1712699600.6926284,618722.54140961,25120.0,-5.715474445657948e-09,25960.0,ASK
1209,1712699610.547461,618722.54140961,25120.0,-0.0,25960.0,ASK
1210,1712699613.5425415,618722.74029584,25140.0,1.1272189012364816e-11,25960.0,BID
1211,1712699638.2023926,618730.70207927,25120.0,-4.5124656290507004e-10,25960.0,ASK
1212,1712699638.2121909,618864.62951784,25120.0,-7.590547628449406e-09,25960.0,ASK
1213,1712699638.6926596,618864.82868151,25110.0,-1.128791335650256e-11,25960.0,ASK
1214,1712699638.6954482,618868.40272085,25110.0,-2.025642850042092e-10,25960.0,ASK
1215,1712699638.6983836,619025.88512288,25110.0,-8.925562125398069e-09,25960.0,ASK
1216,1712699640.3556027,619025.88512288,25110.0,-0.0,25960.0,ASK
1217,1712699654.6531508,619026.88512288,25100.0,-5.6652106897613885e-11,25960.0,ASK
1218,1712699654.6559455,619036.6783199,25100.0,-5.54805244443998e-10,25960.0,ASK
1219,1712699654.6586375,619037.47513264,25100.0,-4.514112052602185e-11,25960.0,ASK
1220,1712699654.6607463,619041.25104086,25100.0,-2.1391315611373198e-10,25960.0,ASK
1221,1712699670.368369,619041.25104086,25100.0,-0.0,25960.0,ASK
1222,1712699675.2732112,619144.02142124,25100.0,-5.8220313647305085e-09,25960.0,ASK
1223,1712699675.2761424,619154.22066426,25100.0,-5.777959810948626e-10,25960.0,ASK
1224,1712699675.279067,619154.61907063,25100.0,-2.2570067113911248e-11,25960.0,ASK
1225,1712699675.2841923,619193.95104086,25100.0,-2.2281902963568518e-09,25960.0,ASK
1226,1712699675.336126,619200.33223703,25100.0,-3.6150030883276526e-10,25960.0,ASK
1227,1712699675.3390515,619208.61003403,25100.0,-4.68944394160857e-10,25960.0,ASK
1228,1712699700.3822813,619208.61003403,25100.0,-0.0,25960.0,ASK
1229,1712699719.6725516,619208.80935673,25110.0,-1.1313999944316094e-11,25960.0,ASK
1230,1712699719.676681,619606.41931669,25100.0,-2.2569226017348586e-08,25960.0,ASK
1231,1712699719.6799114,619631.34797352,25090.0,-1.4150060284308303e-09,25960.0,ASK
1232,1712699719.6831255,619691.60305522,25090.0,-3.4202125060356876e-09,25960.0,ASK
1233,1712699719.6863782,619739.05653347,25080.0,-2.693565010401052e-09,25960.0,ASK
1234,1712699719.688078,619739.6318609,25090.0,-3.2656865037187145e-11,25960.0,ASK
1235,1712699730.4047887,619739.6318609,25090.0,-0.0,25960.0,ASK
1236,1712699737.3921416,619740.26880357,25120.0,3.612695451625378e-11,25960.0,BID
1237,1712699741.4318092,619842.09887127,25090.0,-5.775732098916641e-09,25960.0,ASK
1238,1712699757.3418171,619888.51226697,25120.0,2.632536198976211e-09,25960.0,BID
1239,1712699760.4367168,619888.51226697,25120.0,0.0,25960.0,BID
1240,1712699777.5916538,619896.4740504,25120.0,4.5149124104299845e-10,25960.0,BID
1241,1712699788.9768784,619896.67341269,25100.0,-1.130529718154026e-11,25960.0,ASK
1242,1712699788.9816272,619896.73276742,25100.0,-3.3658464743288708e-12,25960.0,ASK
1243,1712699790.3677337,619896.73276742,25100.0,-0.0,25960.0,ASK
1244,1712699820.5472443,619896.73276742,25100.0,-0.0,25960.0,ASK
1245,1712699850.5513463,619896.73276742,25100.0,-0.0,25960.0,ASK
1246,1712699877.4312105,619897.9294168,25100.0,-6.785796072300144e-11,25960.0,ASK
1247,1712699880.3803687,619897.9294168,25100.0,-0.0,25960.0,ASK
1248,1712699910.383312,619897.9294168,25100.0,-0.0,25960.0,ASK
1249,1712699926.2008152,619898.12830303,25140.0,1.1278149826079144e-11,25960.0,BID
1250,1712699932.9510615,619901.59727089,25100.0,-1.9671316242244984e-10,25960.0,ASK
1251,1712699932.9546113,619901.99527905,25100.0,-2.2569665379629918e-11,25960.0,ASK
1252,1712699940.5568855,619901.99527905,25100.0,-0.0,25960.0,ASK
1253,1712699955.8313196,619929.38436135,25100.0,-1.5531310841458731e-09,25960.0,ASK
1254,1712699955.836035,619933.78276772,25100.0,-2.4941696035100376e-10,25960.0,ASK
1255,1712699955.8395262,619938.78276772,25100.0,-2.8353105575670296e-10,25960.0,ASK
1256,1712699955.8420217,619939.18117409,25100.0,-2.259211573904004e-11,25960.0,ASK
1257,1712699960.530742,619940.29671193,25100.0,6.325792429904332e-11,25960.0,BID
1258,1712699970.5709522,619940.29671193,25100.0,0.0,25960.0,BID
1259,1712700000.4522133,619940.29671193,25100.0,0.0,25960.0,BID
1260,1712700023.2710247,619960.09984624,25100.0,-1.125384420527612e-09,25960.0,ASK
1261,1712700023.2740705,619961.09984624,25100.0,-5.682860111472146e-11,25960.0,ASK
1262,1712700023.2770636,620019.37803963,25100.0,-3.31186820584673e-09,25960.0,ASK
1263,1712700023.9505577,620022.37803963,25100.0,1.7048580334416438e-10,25960.0,BID
1264,1712700030.40072,620022.37803963,25100.0,0.0,25960.0,BID
1265,1712700032.2405162,620086.31556951,25100.0,3.633055021429759e-09,25960.0,BID
1266,1712700046.5716748,620090.29963325,25100.0,2.2638226411769357e-10,25960.0,BID
1267,1712700060.5503223,620090.29963325,25100.0,0.0,25960.0,BID
1268,1712700068.1603267,620118.19919482,25090.0,-1.585153890109192e-09,25960.0,ASK
1269,1712700068.1705432,620119.19919482,25090.0,-5.681644444951455e-11,25960.0,ASK
1270,1712700068.1737351,620119.43191082,25090.0,-1.3222095683127551e-11,25960.0,ASK
1271,1712700071.440369,620122.63859888,25090.0,1.8219261403222827e-10,25960.0,BID
1272,1712700084.280312,620123.27554155,25120.0,3.618881782656293e-11,25960.0,BID
1273,1712700085.7946,620126.86262803,25120.0,2.0380549972621038e-10,25960.0,BID
1274,1712700090.5618603,620126.86262803,25120.0,0.0,25960.0,BID
1275,1712700120.348928,620126.86262803,25120.0,0.0,25960.0,BID
1276,1712700122.230515,620127.06187105,25100.0,-1.1319689899554367e-11,25960.0,ASK
1277,1712700122.2337909,620149.0109292,25100.0,-1.2470024385441063e-09,25960.0,ASK
1278,1712700122.2369103,620212.39979772,25100.0,-3.601342393876184e-09,25960.0,ASK
1279,1712700146.490057,620213.59501684,25100.0,6.790456096413021e-11,25960.0,BID
1280,1712700150.3606436,620213.59501684,25100.0,0.0,25960.0,BID
1281,1712700160.3082705,620213.79433927,25090.0,-1.1322801027062166e-11,25960.0,ASK
1282,1712700160.3119738,620296.19041684,25090.0,-4.6806292295552435e-09,25960.0,ASK
1283,1712700165.400061,620301.66394403,25090.0,-3.1093168642835645e-10,25960.0,ASK
1284,1712700180.544762,620301.66394403,25090.0,-0.0,25960.0,ASK
1285,1712700204.439782,620314.80549303,25080.0,-7.46431143132413e-10,25960.0,ASK
1286,1712700204.51979,620317.80549303,25090.0,1.7039798195696506e-10,25960.0,BID
1287,1712700205.1998067,620432.11357999,25080.0,-6.492622446448106e-09,25960.0,ASK
1288,1712700208.715925,620450.1824218,25090.0,1.0262980602405846e-09,25960.0,BID
1289,1712700210.556477,620450.1824218,25090.0,0.0,25960.0,BID
1290,1712700223.880323,620503.65079872,25080.0,-3.036325414437798e-09,25960.0,ASK
1291,1712700238.499777,620503.8500019,25100.0,1.1312213181178262e-11,25960.0,BID
1292,1712700240.3762026,620503.8500019,25100.0,0.0,25960.0,BID
1293,1712700270.3576653,620503.8500019,25100.0,0.0,25960.0,BID
1294,1712700272.6273456,620513.05481832,25090.0,-5.226768332435233e-10,25960.0,ASK
1295,1712700295.5795927,620513.88599659,25100.0,4.719677245341457e-11,25960.0,BID
1296,1712700300.534977,620513.88599659,25100.0,0.0,25960.0,BID
1297,1712700330.539833,620513.88599659,25100.0,0.0,25960.0,BID
1298,1712700331.6833334,620583.08411779,25090.0,-3.942468133180581e-09,25960.0,ASK
1299,1712700331.7802453,620584.59064751,25090.0,-8.583246640124335e-11,25960.0,ASK
1300,1712700331.7828324,620604.59064751,25090.0,-1.1394725939994147e-09,25960.0,ASK
1301,1712700337.9799695,620725.76084751,25080.0,-6.90350610546769e-09,25960.0,ASK
1302,1712700339.399527,620726.39855177,25090.0,3.63323263710497e-11,25960.0,BID
1303,1712700340.2097712,620726.59795368,25080.0,-1.1360650579022056e-11,25960.0,ASK
1304,1712700340.2131622,620787.63214291,25080.0,-3.4773392962316043e-09,25960.0,ASK
1305,1712700340.2164354,620809.01465177,25080.0,-1.218239141844255e-09,25960.0,ASK
1306,1712700360.378981,620809.01465177,25080.0,-0.0,25960.0,ASK
1307,1712700390.3678317,620809.01465177,25080.0,-0.0,25960.0,ASK
1308,1712700395.2193303,620810.20987089,25100.0,6.806726343856155e-11,25960.0,BID
1309,1712700398.5795386,620828.62043803,25080.0,-1.048474629119614e-09,25960.0,ASK
1310,1712700398.583026,620848.21890716,25080.0,-1.1161251848548068e-09,25960.0,ASK
1311,1712700420.545067,620848.21890716,25080.0,-0.0,25960.0,ASK
1312,1712700450.5698988,620848.21890716,25080.0,-0.0,25960.0,ASK
1313,1712700480.3577366,620848.21890716,25080.0,-0.0,25960.0,ASK
1314,1712700510.3850193,620848.21890716,25080.0,-0.0,25960.0,ASK
1315,1712700532.6491363,620849.56940134,25080.0,-7.690581116881416e-11,25960.0,ASK
1316,1712700532.6588757,620864.63040769,25080.0,-8.57670419854239e-10,25960.0,ASK
1317,1712700540.5689964,620864.63040769,25080.0,-0.0,25960.0,ASK
1318,1712700549.379237,620864.82961087,25100.0,1.1343642422061688e-11,25960.0,BID
1319,1712700570.5826137,620864.82961087,25100.0,0.0,25960.0,BID
1320,1712700589.4592085,620865.22801724,25100.0,2.2687278947967096e-11,25960.0,BID
1321,1712700595.0188124,620869.18998237,25080.0,-2.2561438487195487e-10,25960.0,ASK
1322,1712700600.3731103,620869.18998237,25080.0,-0.0,25960.0,ASK
1323,1712700603.9795554,620896.21156487,25120.0,1.547029472983801e-09,25960.0,BID
1324,1712700603.9829438,620909.00908867,25100.0,7.326790168532361e-10,25960.0,BID
1325,1712700606.4487078,620914.97567578,25080.0,-3.4159679997430736e-10,25960.0,ASK
1326,1712700611.1733837,620937.98750572,25080.0,-1.3174646283041735e-09,25960.0,ASK
1327,1712700611.1754053,620954.84808408,25080.0,-9.652954875816723e-10,25960.0,ASK
1328,1712700614.5490105,620962.81303828,25110.0,4.5600656061998127e-10,25960.0,BID
1329,1712700630.3588154,620962.81303828,25110.0,0.0,25960.0,BID
1330,1712700634.2188594,620964.97874156,25110.0,1.2397335222962075e-10,25960.0,BID
1331,1712700645.5194848,620965.38495422,25110.0,2.3253206311929056e-11,25960.0,BID
1332,1712700660.552117,620965.38495422,25110.0,0.0,25960.0,BID
1333,1712700681.6196167,620966.16407461,25080.0,-4.4599742885161475e-11,25960.0,ASK
1334,1712700681.6232362,621057.8693279,25080.0,-5.2495490692955214e-09,25960.0,ASK
1335,1712700681.626746,621092.11895422,25080.0,-1.960575730630569e-09,25960.0,ASK
1336,1712700681.9420192,621112.03133972,25090.0,1.1398588523450803e-09,25960.0,BID
1337,1712700690.5529604,621112.03133972,25090.0,0.0,25960.0,BID
1338,1712700692.0794077,621118.03690477,25080.0,-3.4370846659141395e-10,25960.0,ASK
1339,1712700692.08308,621167.11123972,25080.0,-2.8086057305874716e-09,25960.0,ASK
1340,1712700703.6188052,621170.27557467,25080.0,-1.8110014701605903e-10,25960.0,ASK
1341,1712700703.6227,621171.20123972,25080.0,-5.297734888273861e-11,25960.0,ASK
1342,1712700703.6986785,621191.13744386,25080.0,-1.140982088715363e-09,25960.0,ASK
1343,1712700703.702189,621201.01208384,25080.0,-5.651420536542388e-10,25960.0,ASK
1344,1712700704.038953,621205.00091511,25070.0,-2.2828744138304406e-10,25960.0,ASK
1345,1712700704.0426762,621272.64738384,25070.0,-3.871519806077082e-09,25960.0,ASK
1346,1712700704.658809,621334.4449148,25070.0,-3.5367753789601512e-09,25960.0,ASK
1347,1712700705.798525,621450.1668148,25070.0,-6.622956619283109e-09,25960.0,ASK
1348,1712700705.8788435,621718.9585088,25070.0,-1.5383395269051495e-08,25960.0,ASK
1349,1712700706.1085951,621719.59646733,25080.0,3.6511426696311076e-11,25960.0,BID
1350,1712700707.1088452,621728.88936733,25070.0,-5.31848107984195e-10,25960.0,ASK
1351,1712700712.5286627,621927.25596733,25070.0,-1.1352850121837862e-08,25960.0,ASK
1352,1712700716.0390112,622006.03877464,25070.0,-4.508870967028897e-09,25960.0,ASK
1353,1712700716.0429645,622008.84805266,25070.0,-1.6077964895423454e-10,25960.0,ASK
1354,1712700716.0467317,622020.93686733,25070.0,-6.918629502097317e-10,25960.0,ASK
1355,1712700717.7690792,622021.93686733,25070.0,-5.7231661589404206e-11,25960.0,ASK
1356,1712700717.7729244,622065.20665399,25070.0,-2.476401787169543e-09,25960.0,ASK
1357,1712700717.7766502,622076.04376733,25070.0,-6.20226003282959e-10,25960.0,ASK
1358,1712700720.3728707,622076.04376733,25070.0,-0.0,25960.0,ASK
1359,1712700730.2686768,622080.04376733,25090.0,2.2861042917526759e-10,25960.0,BID
1360,1712700738.3787374,622080.24312962,25090.0,1.1394074668159928e-11,25960.0,BID
1361,1712700738.5218265,622083.24312962,25070.0,-1.7145782188145066e-10,25960.0,ASK
1362,1712700738.5256512,622083.44261107,25070.0,-1.1400884975466629e-11,25960.0,ASK
1363,1712700738.5294266,622083.68171107,25070.0,-1.3665188404302919e-11,25960.0,ASK
1364,1712700738.533178,622086.71238804,25070.0,-1.7321109070228364e-10,25960.0,ASK
1365,1712700738.6787834,622126.61661788,25060.0,-2.280630777402841e-09,25960.0,ASK
1366,1712700738.6826055,622147.00002716,25060.0,-1.164964985894533e-09,25960.0,ASK
1367,1712700744.2186463,622206.38519328,25060.0,-3.394017078328754e-09,25960.0,ASK
1368,1712700744.2216208,622251.72112716,25060.0,-2.591066825345835e-09,25960.0,ASK
1369,1712700749.1411333,622251.92080805,25070.0,1.141228348777246e-11,25960.0,BID
1370,1712700750.3662946,622251.92080805,25070.0,0.0,25960.0,BID
1371,1712700759.628543,622331.00344941,25060.0,-4.518640855006067e-09,25960.0,ASK
1372,1712700761.698588,622331.64166241,25070.0,3.646635072534021e-11,25960.0,BID
1373,1712700771.8585598,622414.33826241,25060.0,-4.725135995763651e-09,25960.0,ASK
1374,1712700772.638407,622415.33826241,25070.0,5.7138213611711196e-11,25960.0,BID
1375,1712700779.3186598,622487.00126241,25060.0,-4.0946958020527614e-09,25960.0,ASK
1376,1712700780.5687916,622487.00126241,25060.0,-0.0,25960.0,ASK
1377,1712700782.568899,622487.20074386,25070.0,1.1394178322298303e-11,25960.0,BID
1378,1712700785.398534,622490.23346533,25060.0,-1.7322597779035048e-10,25960.0,ASK
1379,1712700810.5621598,622490.23346533,25060.0,-0.0,25960.0,ASK
1380,1712700811.0584683,622509.77998604,25060.0,-1.1164722939884247e-09,25960.0,ASK
1381,1712700822.9635055,622510.41819904,25070.0,3.6453911300422295e-11,25960.0,BID
1382,1712700840.3888917,622510.41819904,25070.0,0.0,25960.0,BID
1383,1712700844.038636,622521.20161056,25070.0,6.15916895657767e-10,25960.0,BID
1384,1712700844.0425937,622523.20161056,25070.0,1.1423414464304067e-10,25960.0,BID
1385,1712700865.348719,622530.41819904,25070.0,-4.1219040612959856e-10,25960.0,ASK
1386,1712700865.3522296,622530.65101056,25070.0,-1.3297512424696859e-11,25960.0,ASK
1387,1712700866.3085392,622530.8503726,25080.0,1.1386976058656519e-11,25960.0,BID
1388,1712700867.9384902,622531.8503726,25080.0,5.711707232152035e-11,25960.0,BID
1389,1712700870.3527005,622531.8503726,25080.0,0.0,25960.0,BID
1390,1712700882.069257,622534.8503726,25080.0,1.7134595836562636e-10,25960.0,BID
1391,1712700900.4150083,622534.8503726,25080.0,0.0,25960.0,BID
1392,1712700914.9824562,622534.85045908,25070.0,-4.9519956587512434e-15,25960.0,ASK
1393,1712700917.5316815,622546.42045908,25060.0,-6.62518867854235e-10,25960.0,ASK
1394,1712700930.36901,622546.42045908,25060.0,-0.0,25960.0,ASK
1395,1712700937.4691036,622548.51235258,25060.0,-1.1978356987321147e-10,25960.0,ASK
1396,1712700960.548979,622548.51235258,25060.0,-0.0,25960.0,ASK
1397,1712700968.569198,622560.01235258,25060.0,-6.584976331765094e-10,25960.0,ASK
1398,1712700990.5624752,622560.01235258,25060.0,-0.0,25960.0,ASK
1399,1712700993.2592435,622571.71026512,25060.0,-6.69819183262201e-10,25960.0,ASK
1400,1712701020.379657,622571.71026512,25060.0,-0.0,25960.0,ASK
1401,1712701050.365328,622571.71026512,25060.0,-0.0,25960.0,ASK
1402,1712701059.7393548,622572.10851283,25110.0,2.2803169141677248e-11,25960.0,BID
1403,1712701074.4495056,622572.50676054,25110.0,2.2803169141677248e-11,25960.0,BID
1404,1712701080.589703,622572.50676054,25110.0,0.0,25960.0,BID
1405,1712701088.219646,622573.14886527,25110.0,3.6766077069900384e-11,25960.0,BID
1406,1712701088.3597324,622573.54727164,25100.0,-2.2812227698699158e-11,25960.0,ASK
1407,1712701088.3638124,622577.53133538,25100.0,-2.2812227923336248e-10,25960.0,ASK
1408,1712701101.5500016,622587.58606645,25100.0,5.757207510822092e-10,25960.0,BID
1409,1712701103.1539545,622588.58606645,25100.0,5.7258692159651156e-11,25960.0,BID
1410,1712701110.553035,622588.58606645,25100.0,0.0,25960.0,BID
1411,1712701112.5095909,622770.38752404,25100.0,1.0409473137262433e-08,25960.0,BID
1412,1712701127.6599658,622777.38752404,25100.0,4.0080158281889324e-10,25960.0,BID
1413,1712701140.386468,622777.38752404,25100.0,0.0,25960.0,BID
1414,1712701170.3745587,622777.38752404,25100.0,0.0,25960.0,BID
1415,1712701180.500005,622777.58664789,25110.0,1.1398214988616054e-11,25960.0,BID
1416,1712701199.9298563,622790.14220431,25100.0,-7.187031152248897e-10,25960.0,ASK
1417,1712701200.3935535,622790.14220431,25100.0,-0.0,25960.0,ASK
1418,1712701230.373962,622790.14220431,25100.0,-0.0,25960.0,ASK
1419,1712701260.5551603,622790.14220431,25100.0,-0.0,25960.0,ASK
1420,1712701273.0706503,622790.34132816,25110.0,1.1420741720900094e-11,25960.0,BID
1421,1712701273.0753634,622793.14220431,25110.0,1.6064415742026802e-10,25960.0,BID
1422,1712701273.079496,622797.50448031,25110.0,2.501981933203009e-10,25960.0,BID
1423,1712701290.5744128,622797.50448031,25110.0,0.0,25960.0,BID
1424,1712701320.3702936,622797.50448031,25110.0,0.0,25960.0,BID
1425,1712701350.382466,622797.50448031,25110.0,0.0,25960.0,BID
1426,1712701352.6908042,622801.48378791,25130.0,2.2823063367683288e-10,25960.0,BID
1427,1712701353.550347,622810.3260619,25110.0,-5.071429501750119e-10,25960.0,ASK
1428,1712701353.5599778,622831.89007081,25110.0,-1.2367898923424e-09,25960.0,ASK
1429,1712701355.060042,622835.87254791,25110.0,2.2841241831738246e-10,25960.0,BID
1430,1712701366.5402577,622836.87254791,25110.0,5.735435825062318e-11,25960.0,BID
1431,1712701380.585618,622836.87254791,25110.0,0.0,25960.0,BID
1432,1712701410.5815153,622836.87254791,25110.0,0.0,25960.0,BID
1433,1712701421.1106138,622840.85661165,25100.0,-2.2849046335563136e-10,25960.0,ASK
1434,1712701421.1219523,622847.53944791,25100.0,-3.8326805323403767e-10,25960.0,ASK
1435,1712701425.675221,622847.83270726,25100.0,-1.681874817720462e-11,25960.0,ASK
1436,1712701428.2902267,622848.82872319,25100.0,5.7122615550147165e-11,25960.0,BID
1437,1712701440.389042,622848.82872319,25100.0,0.0,25960.0,BID
1438,1712701440.644382,622853.82872319,25090.0,-2.8675059658855594e-10,25960.0,ASK
1439,1712701440.646437,622875.45655369,25090.0,-1.2403586597591503e-09,25960.0,ASK
1440,1712701448.5403037,622893.87331062,25090.0,1.0562032073776951e-09,25960.0,BID
1441,1712701448.66082,622893.87331063,25090.0,5.741732033578635e-19,25960.0,BID
1442,1712701450.4302158,622905.83026559,25110.0,6.857327936332333e-10,25960.0,BID
1443,1712701470.370855,622905.83026559,25110.0,0.0,25960.0,BID
1444,1712701479.5306995,622906.2285133,25110.0,2.2837680216777072e-11,25960.0,BID
1445,1712701493.140276,622906.42763715,25110.0,1.1418839828001368e-11,25960.0,BID
1446,1712701500.5519698,622906.42763715,25110.0,0.0,25960.0,BID
1447,1712701516.660681,622906.82588486,25110.0,2.293521216633041e-11,25960.0,BID
1448,1712701521.660442,622907.82588486,25080.0,-5.759031776588029e-11,25960.0,ASK
1449,1712701521.6649675,622908.57497659,25080.0,-4.3140430765768096e-11,25960.0,ASK
1450,1712701525.3906443,622911.58857744,25110.0,1.7355423057172688e-10,25960.0,BID
1451,1712701526.9815423,622920.52240789,25110.0,-5.14502134478525e-10,25960.0,ASK
1452,1712701526.9854689,622940.43479244,25110.0,-1.1467605537159247e-09,25960.0,ASK
1453,1712701530.5548546,622940.43479244,25110.0,-0.0,25960.0,ASK
1454,1712701560.3812437,622940.43479244,25110.0,-0.0,25960.0,ASK
1455,1712701562.6251907,622940.43479339,25110.0,-5.4705176176170254e-17,25960.0,ASK
1456,1712701590.3672738,622940.43479339,25110.0,-0.0,25960.0,ASK
1457,1712701620.5429945,622940.43479339,25110.0,-0.0,25960.0,ASK
1458,1712701633.4804385,622942.40180357,25110.0,-1.1327517106678375e-10,25960.0,ASK
1459,1712701635.510328,622962.20378376,25110.0,-1.1403462555952287e-09,25960.0,ASK
1460,1712701642.6505637,622974.14800313,25110.0,-6.878375649273145e-10,25960.0,ASK
1461,1712701642.6603532,622992.20378376,25110.0,-1.03978701300097e-09,25960.0,ASK
1462,1712701650.575041,622992.20378376,25110.0,-0.0,25960.0,ASK
1463,1712701680.384595,622992.20378376,25110.0,-0.0,25960.0,ASK
1464,1712701683.430405,623035.91485409,25110.0,-2.517022225669035e-09,25960.0,ASK
1465,1712701692.600851,623065.3762548,25130.0,1.6964810018764495e-09,25960.0,BID
1466,1712701703.060596,623259.91485409,25130.0,1.1202150266892155e-08,25960.0,BID
1467,1712701703.1605191,623278.86843943,25130.0,-1.0914076273328747e-09,25960.0,ASK
1468,1712701710.394293,623278.86843943,25130.0,-0.0,25960.0,ASK
1469,1712701714.0805936,623282.84774703,25130.0,2.2904616516808776e-10,25960.0,BID
1470,1712701740.569722,623282.84774703,25130.0,0.0,25960.0,BID
1471,1712701766.6005492,623283.34774703,25130.0,2.877948500449652e-11,25960.0,BID
1472,1712701770.561362,623283.34774703,25130.0,0.0,25960.0,BID
1473,1712701800.4465585,623283.34774703,25130.0,0.0,25960.0,BID
1474,1712701802.000562,623283.74536134,25130.0,2.3046504264498664e-11,25960.0,BID
1475,1712701807.131023,623283.94432672,25130.0,1.1532423160479156e-11,25960.0,BID
1476,1712701816.410525,623309.28363939,25130.0,1.4687161975280935e-09,25960.0,BID
1477,1712701816.4143317,623363.533503,25130.0,3.144428360596016e-09,25960.0,BID
1478,1712701830.3711555,623363.533503,25130.0,0.0,25960.0,BID
1479,1712701860.606255,623363.533503,25130.0,0.0,25960.0,BID
1480,1712701867.6006932,623367.533503,25130.0,-2.3182075924632843e-10,25960.0,ASK
1481,1712701872.562105,623387.533503,25130.0,-1.1591037962316423e-09,25960.0,ASK
1482,1712701890.5470965,623387.533503,25130.0,-0.0,25960.0,ASK
1483,1712701909.3006775,623498.25503832,25130.0,6.416663308069947e-09,25960.0,BID
1484,1712701909.360613,623506.91273101,25130.0,-5.01740685370233e-10,25960.0,ASK
1485,1712701914.8607934,623508.90317641,25120.0,-1.1535260893945747e-10,25960.0,ASK
1486,1712701914.8646977,623512.88248401,25120.0,-2.3061346642574207e-10,25960.0,ASK
1487,1712701920.380967,623512.88248401,25120.0,-0.0,25960.0,ASK
1488,1712701928.950652,623623.60401933,25130.0,6.415492158955517e-09,25960.0,BID
1489,1712701936.4609785,623627.58174408,25140.0,2.30479661160644e-10,25960.0,BID
