,time,acc_trade_volume,trade_price,dev,high,ask_bid
0,1712689619.1733627,114872100.0390494,984.1,0.0,1087.0,BID
1,1712689620.185392,114872695.2822335,983.9,-4.869281583803759e-09,1087.0,ASK
2,1712689635.6948645,114872876.12348722,983.9,-1.479339889625454e-09,1087.0,ASK
3,1712689650.1948404,114872876.12348722,983.9,-0.0,1087.0,ASK
4,1712689656.9449306,114873180.9705556,983.9,2.493743893265412e-09,1087.0,BID
5,1712689680.2062795,114873180.9705556,983.9,0.0,1087.0,BID
6,1712689706.2352452,114873187.12747608,983.0,-5.036540195401728e-11,1087.0,ASK
7,1712689710.1885684,114873187.12747608,983.0,-0.0,1087.0,ASK
8,1712689731.9453204,114873450.85574776,983.0,-2.157373939413389e-09,1087.0,ASK
9,1712689737.1051655,114874419.47028647,983.0,-7.923548543333693e-09,1087.0,ASK
10,1712689740.276449,114874419.47028647,983.0,-0.0,1087.0,ASK
11,1712689767.0248868,114874439.7975555,983.9,1.6628132290168595e-10,1087.0,BID
12,1712689770.2763758,114874439.7975555,983.9,0.0,1087.0,BID
13,1712689800.1954372,114874439.7975555,983.9,0.0,1087.0,BID
14,1712689822.8752742,114877948.20467216,983.0,-2.870767593181868e-08,1087.0,ASK
15,1712689827.934953,114878972.68986836,983.0,-8.382889451319788e-09,1087.0,ASK
16,1712689830.1972628,114878972.68986836,983.0,-0.0,1087.0,ASK
17,1712689837.3349507,114879305.06181242,983.0,-2.719547038498769e-09,1087.0,ASK
18,1712689860.2859511,114879305.06181242,983.0,-0.0,1087.0,ASK
19,1712689865.405049,114879472.68986836,983.0,1.3715693292427475e-09,1087.0,BID
20,1712689865.4066503,114880499.133023,983.0,8.398581856208117e-09,1087.0,BID
21,1712689871.84495,114884007.54013965,982.1,-2.8706552545725014e-08,1087.0,ASK
22,1712689876.5662403,114885590.26427165,982.1,-1.2950194190703978e-08,1087.0,ASK
23,1712689876.5850632,114885590.26427236,982.1,-5.730453955683746e-18,1087.0,ASK
24,1712689876.634956,114885641.08244435,982.0,-4.1580537164452226e-10,1087.0,ASK
25,1712689876.6752143,114885641.08244492,982.0,-4.6331329854464335e-18,1087.0,ASK
26,1712689890.2850723,114885641.08244492,982.0,-0.0,1087.0,ASK
27,1712689903.0254192,114885691.08244492,981.5,-4.0909007746909743e-10,1087.0,ASK
28,1712689903.027118,114886533.70525372,981.2,-6.894172602577435e-09,1087.0,ASK
29,1712689903.0288072,114886633.70525372,981.3,-8.181801549381949e-10,1087.0,ASK
30,1712689903.030471,114886654.38950072,980.9,-1.6923440416880815e-10,1087.0,ASK
31,1712689903.035009,114886674.38950072,980.9,-1.6363603098763898e-10,1087.0,ASK
32,1712689903.0359175,114887239.01442575,981.0,-4.6196490865705135e-09,1087.0,ASK
33,1712689903.0366426,114887442.84646817,981.2,-1.6677133202898411e-09,1087.0,ASK
34,1712689903.037451,114889274.46070896,981.0,-1.4985904233087713e-08,1087.0,ASK
35,1712689908.575096,114890126.21872687,981.0,6.968915070898884e-09,1087.0,BID
36,1712689908.57683,114895162.87071644,981.0,4.1208887051792944e-08,1087.0,BID
37,1712689908.5881352,114895636.0360804,981.0,3.8713451080225e-09,1087.0,BID
38,1712689908.6149542,114896489.42615636,981.0,6.982268245649736e-09,1087.0,BID
39,1712689908.6579149,114896672.13951892,981.0,1.4949244728835443e-09,1087.0,BID
40,1712689908.697762,114896790.43385154,981.0,9.678607539419063e-10,1087.0,BID
41,1712689908.7549465,114896958.0013214,981.0,1.3710037845681548e-09,1087.0,BID
42,1712689908.774923,114897125.7808645,981.0,1.372738925704801e-09,1087.0,BID
43,1712689910.654987,114897244.40397792,981.0,9.705507730796871e-10,1087.0,BID
44,1712689911.1648786,114897363.02709134,981.0,9.705507732016055e-10,1087.0,BID
45,1712689911.1852322,114897506.7344574,981.0,1.1757851503215955e-09,1087.0,BID
46,1712689911.4648645,114897690.7682593,981.0,1.505728045510654e-09,1087.0,BID
47,1712689911.5849717,114897809.22408465,981.0,9.691820553306319e-10,1087.0,BID
48,1712689912.0051205,114897927.84719804,981.0,9.705507730796871e-10,1087.0,BID
49,1712689912.1448925,114898139.60877489,981.0,1.7325911972963102e-09,1087.0,BID
50,1712689914.0961857,114898268.57115568,980.9,-1.055144607014187e-09,1087.0,ASK
51,1712689914.0974286,114898960.11413687,980.9,-5.658067435106678e-09,1087.0,ASK
52,1712689914.1149442,114898960.11413756,980.9,-5.6082438121969944e-18,1087.0,ASK
53,1712689914.1756337,114899166.52378178,981.0,1.6888027468562923e-09,1087.0,BID
54,1712689914.2756636,114899318.63625062,981.0,1.244554033224721e-09,1087.0,BID
55,1712689914.2978673,114899328.83200917,980.8,-8.341967311263476e-11,1087.0,ASK
56,1712689914.2994654,114899575.3386356,980.8,-2.0168682981566844e-09,1087.0,ASK
57,1712689914.3351946,114899575.3386364,980.8,-6.4616722184008854e-18,1087.0,ASK
58,1712689917.3653138,114899697.09307373,981.0,9.961706439693255e-10,1087.0,BID
59,1712689917.7449226,114899808.22595498,981.0,9.092671800309115e-10,1087.0,BID
60,1712689920.0048442,114899983.00719623,981.0,1.430025430486846e-09,1087.0,BID
61,1712689920.185985,114899983.00719623,981.0,0.0,1087.0,BID
62,1712689921.4255388,114900780.42057872,981.0,6.5235270970168625e-09,1087.0,BID
63,1712689921.524929,114901933.82207836,981.0,9.435815979428644e-09,1087.0,BID
64,1712689921.604849,114902216.70778826,981.0,2.3142483364372223e-09,1087.0,BID
65,1712689921.705172,114903508.63691989,981.0,1.0569091117238553e-08,1087.0,BID
66,1712689921.7070506,114903628.32551612,981.0,9.79155627286965e-10,1087.0,BID
67,1712689930.8648794,114904328.32551612,981.0,5.726601870761541e-09,1087.0,BID
68,1712689937.915353,114906266.49228457,981.0,-1.5855870631477073e-08,1087.0,ASK
69,1712689950.1868424,114906266.49228457,981.0,-0.0,1087.0,ASK
70,1712689973.3149564,114906367.0037006,981.0,-8.222283415062824e-10,1087.0,ASK
71,1712689973.375146,114908204.659053,981.0,1.5032842756331546e-08,1087.0,BID
72,1712689980.2781558,114908204.659053,981.0,0.0,1087.0,BID
73,1712689984.0351822,114908317.6834191,981.0,9.245754890683492e-10,1087.0,BID
74,1712689984.1150022,114908839.05934982,981.0,4.265021984688665e-09,1087.0,BID
75,1712690005.6055822,114910886.87056234,981.0,-1.6751751139987388e-08,1087.0,ASK
76,1712690005.6649363,114911111.78923488,981.0,1.839906728679549e-09,1087.0,BID
77,1712690010.28738,114911111.78923488,981.0,0.0,1087.0,BID
78,1712690040.1851938,114911111.78923488,981.0,0.0,1087.0,BID
79,1712690043.0550933,114911122.12878716,980.5,-8.457887389628069e-11,1087.0,ASK
80,1712690043.0568664,114911326.10634965,980.5,-1.668562819279102e-09,1087.0,ASK
81,1712690043.174971,114912347.86831535,980.5,8.358144913677457e-09,1087.0,BID
82,1712690043.2549334,114914391.39224678,980.5,1.671628982723302e-08,1087.0,BID
83,1712690043.2749343,114915413.15421252,980.5,8.35814491379935e-09,1087.0,BID
84,1712690048.9352531,114915439.88207868,980.4,-2.1863739912038958e-10,1087.0,ASK
85,1712690048.9373932,114915641.86310685,980.4,-1.652230910564e-09,1087.0,ASK
86,1712690048.9394364,114915725.43110733,981.0,-6.835970428725571e-10,1087.0,ASK
87,1712690048.9412515,114915800.00602572,980.4,-6.100324691409514e-10,1087.0,ASK
88,1712690049.0751045,114918708.51431392,980.4,2.3791973640624283e-08,1087.0,BID
89,1712690049.0768833,114919267.23775174,980.4,4.57042992066576e-09,1087.0,BID
90,1712690049.1150768,114920177.3039517,980.4,7.444459116187293e-09,1087.0,BID
91,1712690049.1749797,114920687.2998717,980.4,4.171832528286959e-09,1087.0,BID
92,1712690049.2352183,114921624.42970544,980.4,7.665843137639358e-09,1087.0,BID
93,1712690052.6751764,114921783.82449342,981.5,-1.303869963120707e-09,1087.0,ASK
94,1712690066.3150818,114921923.05871695,981.3,-1.1389539405906674e-09,1087.0,ASK
95,1712690066.3169365,114921923.0587174,981.5,-3.778696147805797e-18,1087.0,ASK
96,1712690070.1879294,114921923.0587174,981.5,-0.0,1087.0,ASK
97,1712690100.2249722,114921923.0587174,981.5,-0.0,1087.0,ASK
98,1712690112.225212,114922083.29779996,981.5,1.3108279759219735e-09,1087.0,BID
99,1712690119.6751812,114922179.16079696,981.5,7.842025572653353e-10,1087.0,BID
100,1712690122.765308,114922179.16079724,981.5,2.316066183335248e-18,1087.0,BID
101,1712690130.1754415,114922179.16079724,981.5,0.0,1087.0,BID
102,1712690156.6652071,114922702.44159828,982.0,-4.2806641913709495e-09,1087.0,ASK
103,1712690156.685151,114922702.44159897,982.0,-5.729204567444718e-18,1087.0,ASK
104,1712690160.2853315,114922702.44159897,982.0,-0.0,1087.0,ASK
105,1712690165.5060625,114922713.76318038,981.4,-9.261506309458164e-11,1087.0,ASK
106,1712690165.5082543,114922713.76318105,981.3,-5.363488112860129e-18,1087.0,ASK
107,1712690165.5101223,114922744.32864206,981.5,-2.5003769342827956e-10,1087.0,ASK
108,1712690165.512033,114922755.65022346,981.4,-9.261506309458164e-11,1087.0,ASK
109,1712690165.51391,114922766.97180489,981.4,-9.261506309458164e-11,1087.0,ASK
110,1712690165.5158985,114922778.29223248,981.5,-9.260562457447758e-11,1087.0,ASK
111,1712690165.5170686,114925776.54053897,981.3,-2.4526870060094023e-08,1087.0,ASK
112,1712690166.665078,114925833.9334733,981.3,-4.694971526586639e-10,1087.0,ASK
113,1712690166.6753843,114926768.39582396,981.3,-7.644275692885167e-09,1087.0,ASK
114,1712690166.7853682,114929670.86143751,981.3,-2.3743329331358808e-08,1087.0,ASK
115,1712690176.6350477,114929854.13549428,982.6,1.4992550702067875e-09,1087.0,BID
116,1712690189.8451638,114932632.32736392,982.6,2.2726720412544458e-08,1087.0,BID
117,1712690190.3255074,114932632.32736392,982.6,0.0,1087.0,BID
118,1712690220.1866171,114932632.32736392,982.6,0.0,1087.0,BID
119,1712690250.232458,114932632.32736392,982.6,0.0,1087.0,BID
120,1712690280.2751243,114932632.32736392,982.6,0.0,1087.0,BID
121,1712690310.2950962,114932632.32736392,982.6,0.0,1087.0,BID
122,1712690310.7252412,114932937.45348272,983.2,-2.4958546358951388e-09,1087.0,ASK
123,1712690328.750929,114933140.89158668,983.1,-1.664072341268032e-09,1087.0,ASK
124,1712690340.1877468,114933140.89158668,983.1,-0.0,1087.0,ASK
125,1712690342.8350632,114933751.20589854,983.1,4.9921966062281215e-09,1087.0,BID
126,1712690356.3352773,114933785.11191012,983.1,2.7734148246578505e-10,1087.0,BID
127,1712690357.7857416,114934497.14527395,983.1,5.824229373892179e-09,1087.0,BID
128,1712690358.1051826,114935060.59201027,983.1,4.608833235772032e-09,1087.0,BID
129,1712690370.195029,114935060.59201027,983.1,0.0,1087.0,BID
130,1712690400.215089,114935060.59201027,983.1,0.0,1087.0,BID
131,1712690430.1983654,114935060.59201027,983.1,0.0,1087.0,BID
132,1712690460.285591,114935060.59201027,983.1,0.0,1087.0,BID
133,1712690473.465568,114935365.84231552,982.8,-2.4990568747609486e-09,1087.0,ASK
134,1712690473.4666996,114935368.01687564,982.8,-1.7802928770565104e-11,1087.0,ASK
135,1712690490.2882953,114935368.01687564,982.8,-0.0,1087.0,ASK
136,1712690499.3932087,114935455.17807974,982.8,-7.135791962868249e-10,1087.0,ASK
137,1712690506.0652587,114935555.17807974,983.5,8.186890070873198e-10,1087.0,BID
138,1712690520.1865473,114935555.17807974,983.5,0.0,1087.0,BID
139,1712690534.7068288,114935756.95791996,983.5,1.6519468817317827e-09,1087.0,BID
140,1712690534.7152,114936120.79974034,983.5,2.978728499297804e-09,1087.0,BID
141,1712690534.717137,114936629.13646172,983.6,4.161690587482263e-09,1087.0,BID
142,1712690539.4854958,114936629.1364626,983.6,7.075651120727477e-18,1087.0,BID
143,1712690546.9356627,114937656.3270046,984.1,8.409483380403345e-09,1087.0,BID
144,1712690547.4352963,114937656.32700476,984.1,1.2199398484012889e-18,1087.0,BID
145,1712690547.4375348,114937665.90559924,984.8,7.841878199353456e-11,1087.0,BID
146,1712690548.4752684,114937859.41392525,984.8,1.584229006092443e-09,1087.0,BID
147,1712690550.198693,114937859.41392525,984.8,0.0,1087.0,BID
148,1712690580.2756808,114937859.41392525,984.8,0.0,1087.0,BID
149,1712690586.7553625,114937959.41392525,985.0,8.18672578481387e-10,1087.0,BID
150,1712690586.7600565,114937959.41392596,984.8,5.855602587328345e-18,1087.0,BID
151,1712690586.7620797,114938239.58812468,985.0,2.293709337119022e-09,1087.0,BID
152,1712690588.3858798,114938442.57198668,985.3,1.6617732169178647e-09,1087.0,BID
153,1712690594.0653892,114938550.33355612,986.0,8.82214419027453e-10,1087.0,BID
154,1712690594.068153,114938753.1527409,986.1,1.6604250496943447e-09,1087.0,BID
155,1712690594.070819,114938753.15274169,985.3,6.465561190175048e-18,1087.0,BID
156,1712690595.3453157,114938955.88968793,986.5,1.6597517853179843e-09,1087.0,BID
157,1712690595.348033,114938973.70477678,986.3,1.4584724727357023e-10,1087.0,BID
158,1712690595.3501675,114938973.70477869,986.1,1.5614940232875582e-17,1087.0,BID
159,1712690610.27823,114938973.70477869,986.1,0.0,1087.0,BID
160,1712690640.1782625,114938973.70477869,986.1,0.0,1087.0,BID
161,1712690668.3955011,114942558.91740312,986.8,2.9350888729588444e-08,1087.0,BID
162,1712690668.3979762,114942558.9174057,986.5,2.110437789965965e-17,1087.0,BID
163,1712690670.1863084,114942558.9174057,986.5,0.0,1087.0,BID
164,1712690700.2854288,114942558.9174057,986.5,0.0,1087.0,BID
165,1712690730.2881896,114942558.9174057,986.5,0.0,1087.0,BID
166,1712690759.2153656,114942568.71544784,985.1,-8.022286893979766e-11,1087.0,ASK
167,1712690760.1748793,114942568.71544784,985.1,-0.0,1087.0,ASK
168,1712690761.7249904,114942720.61407936,986.5,1.24369163354254e-09,1087.0,BID
169,1712690790.188059,114942720.61407936,986.5,0.0,1087.0,BID
170,1712690798.90498,114942780.36481182,986.5,4.89217013699827e-10,1087.0,BID
171,1712690820.2963042,114942780.36481182,986.5,0.0,1087.0,BID
172,1712690850.2960267,114942780.36481182,986.5,0.0,1087.0,BID
173,1712690880.2149618,114942780.36481182,986.5,0.0,1087.0,BID
174,1712690909.764794,114943180.36481182,986.8,3.275051249765326e-09,1087.0,BID
175,1712690910.1875274,114943180.36481182,986.8,0.0,1087.0,BID
176,1712690925.747293,114943231.03364035,986.8,4.1485618477974255e-10,1087.0,BID
177,1712690940.274884,114943231.03364035,986.8,0.0,1087.0,BID
178,1712690970.2747602,114943231.03364035,986.8,0.0,1087.0,BID
179,1712690975.6996424,114943353.77411295,986.5,-1.0049496862376418e-09,1087.0,ASK
180,1712691000.2160714,114943353.77411295,986.5,-0.0,1087.0,ASK
181,1712691026.9654312,114943455.14258736,986.5,-8.300799675251032e-10,1087.0,ASK
182,1712691026.96821,114944886.63414964,986.5,-1.1722110613209998e-08,1087.0,ASK
183,1712691027.185195,114944988.05402792,986.0,-8.305009005988653e-10,1087.0,ASK
184,1712691030.1799805,114944988.05402792,986.0,-0.0,1087.0,ASK
185,1712691032.3848782,114945003.26700968,986.0,1.2457349053750768e-10,1087.0,BID
186,1712691032.4647782,114945018.4799914,986.0,1.2457349041548758e-10,1087.0,BID
187,1712691050.414824,114945076.70362224,986.0,4.767718153897232e-10,1087.0,BID
188,1712691060.2754726,114945076.70362224,986.0,0.0,1087.0,BID
189,1712691065.7449028,114945081.77461617,986.0,4.152446712445217e-11,1087.0,BID
190,1712691080.5368922,114945086.841499,986.8,4.149080314320023e-11,1087.0,BID
191,1712691090.2858686,114945086.841499,986.8,0.0,1087.0,BID
192,1712691120.2057128,114945086.841499,986.8,0.0,1087.0,BID
193,1712691127.5146744,114945502.52745415,986.8,3.4038960909837597e-09,1087.0,BID
194,1712691150.185642,114945502.52745415,986.8,0.0,1087.0,BID
195,1712691180.2645426,114945502.52745415,986.8,0.0,1087.0,BID
196,1712691184.774614,114945533.93894468,986.8,2.5721602884637847e-10,1087.0,BID
197,1712691210.277101,114945533.93894468,986.8,0.0,1087.0,BID
198,1712691229.9950335,114945543.93894468,986.8,8.18859466212919e-11,1087.0,BID
199,1712691240.1863906,114945543.93894468,986.8,0.0,1087.0,BID
200,1712691246.5947382,114945575.52017456,986.8,2.5860586964790417e-10,1087.0,BID
201,1712691246.5974183,114945633.7438054,986.8,4.767696741042064e-10,1087.0,BID
202,1712691249.7243354,114945675.67789884,986.8,-3.4338126612444963e-10,1087.0,ASK
203,1712691249.8444982,114945719.3383958,986.0,-3.5751808338263486e-10,1087.0,ASK
204,1712691249.8470838,114946801.26382156,986.0,-8.859448050376705e-09,1087.0,ASK
205,1712691249.8543012,114946902.68369986,986.0,-8.304862068844634e-10,1087.0,ASK
206,1712691249.8847888,114946902.68370084,986.0,-7.931271344858596e-18,1087.0,ASK
207,1712691249.924477,114947041.37195522,985.9,-1.135661807799531e-09,1087.0,ASK
208,1712691249.9271083,114947142.80212054,985.9,-8.30570443209143e-10,1087.0,ASK
209,1712691270.1883106,114947142.80212054,985.9,-0.0,1087.0,ASK
210,1712691300.2847228,114947142.80212054,985.9,-0.0,1087.0,ASK
211,1712691316.664399,114948870.4819372,985.9,-1.4152233318934121e-08,1087.0,ASK
212,1712691322.924783,114948971.91210254,985.9,-8.30861917433098e-10,1087.0,ASK
213,1712691322.9276702,114949414.09382482,985.9,-3.6221172712165845e-09,1087.0,ASK
214,1712691322.930497,114949515.54457048,985.7,-8.310305005932603e-10,1087.0,ASK
215,1712691322.933101,114949617.00560944,985.6,-8.31114817867472e-10,1087.0,ASK
216,1712691330.277447,114949617.00560944,985.6,-0.0,1087.0,ASK
217,1712691332.7746563,114949637.40134764,985.5,-1.6706769134392975e-10,1087.0,ASK
218,1712691337.0646522,114949738.893278,985.3,-8.313512524273873e-10,1087.0,ASK
219,1712691337.074595,114949867.26973663,985.5,-1.051570595610902e-09,1087.0,ASK
220,1712691337.4757545,114950453.2238411,985.1,-4.799728183906128e-09,1087.0,ASK
221,1712691337.4809566,114950462.75934604,985.1,-7.810821959815024e-11,1087.0,ASK
222,1712691337.484424,114950470.5311227,985.0,-6.366098492045876e-11,1087.0,ASK
223,1712691337.487803,114950470.53112371,985.3,-8.422135921338672e-18,1087.0,ASK
224,1712691337.4892418,114950572.03335676,985.2,-8.314356447925779e-10,1087.0,ASK
225,1712691337.490765,114950768.23272738,985.1,-1.6071286839524943e-09,1087.0,ASK
226,1712691337.4922528,114950869.75557,985.0,-8.316044641879823e-10,1087.0,ASK
227,1712691360.208259,114950869.75557,985.0,-0.0,1087.0,ASK
228,1712691389.204576,114950893.4058238,985.0,1.9372445949547198e-10,1087.0,BID
229,1712691390.2164173,114950893.4058238,985.0,0.0,1087.0,BID
230,1712691420.2744148,114950893.4058238,985.0,0.0,1087.0,BID
231,1712691450.2867527,114950893.4058238,985.0,0.0,1087.0,BID
232,1712691458.9856553,114951403.59185717,985.0,4.179045836723602e-09,1087.0,BID
233,1712691464.5245876,114951413.59185717,984.5,-8.191219601561384e-11,1087.0,ASK
234,1712691464.5280318,114951515.1662604,984.5,-8.32018242968905e-10,1087.0,ASK
235,1712691464.534304,114951522.16402575,984.5,-5.732023268043507e-11,1087.0,ASK
236,1712691464.536898,114951545.80279016,984.5,-1.9363031027974467e-10,1087.0,ASK
237,1712691464.564436,114951545.80279043,984.5,-2.3191149894843453e-18,1087.0,ASK
238,1712691467.2346995,114951647.42880668,984.0,-8.32441016410901e-10,1087.0,ASK
239,1712691467.238257,114951749.04449616,984.1,-8.323564273019531e-10,1087.0,ASK
240,1712691467.2415967,114951850.6498609,984.2,-8.322718554032796e-10,1087.0,ASK
241,1712691467.2449512,114952089.19843814,984.0,-1.954003781764941e-09,1087.0,ASK
242,1712691472.9143064,114952140.01144628,984.0,4.1622050820545057e-10,1087.0,BID
243,1712691480.186546,114952140.01144628,984.0,0.0,1087.0,BID
244,1712691480.384621,114952146.09071456,984.0,4.979612100020632e-11,1087.0,BID
245,1712691493.5568254,114952247.77873573,983.4,-8.32940538686165e-10,1087.0,ASK
246,1712691493.5602715,114952355.73847952,983.7,-8.843130798294057e-10,1087.0,ASK
247,1712691493.563746,114952457.38515568,983.8,-8.32601876114076e-10,1087.0,ASK
248,1712691493.5672684,114952467.51892138,983.6,-8.300706576107037e-11,1087.0,ASK
249,1712691493.5689242,114952472.62508368,983.4,-4.182527621415842e-11,1087.0,ASK
250,1712691493.5704014,114952574.26142882,983.9,-8.325172534352782e-10,1087.0,ASK
251,1712691493.5719838,114952585.40214744,983.6,-9.125515539377736e-11,1087.0,ASK
252,1712691493.573509,114953563.89706096,983.0,-8.014986142170318e-09,1087.0,ASK
253,1712691493.5750582,114953920.9647108,982.8,-2.924790129859044e-09,1087.0,ASK
254,1712691493.5766044,114954504.39527112,983.4,-4.778959799794362e-09,1087.0,ASK
255,1712691493.578154,114954606.06261556,983.6,-8.327711728578606e-10,1087.0,ASK
256,1712691493.5797522,114954707.7609782,983.3,-8.33025247293412e-10,1087.0,ASK
257,1712691493.5813046,114955114.59580326,983.2,-3.332439893053331e-09,1087.0,ASK
258,1712691493.582869,114955227.80656512,983.1,-9.273248893955122e-10,1087.0,ASK
259,1712691493.584488,114956171.96241371,983.0,-7.733710148075881e-09,1087.0,ASK
260,1712691510.1913428,114956171.96241371,983.0,-0.0,1087.0,ASK
261,1712691540.2743034,114956171.96241371,983.0,-0.0,1087.0,ASK
262,1712691570.276687,114956171.96241371,983.0,-0.0,1087.0,ASK
263,1712691600.1979122,114956171.96241371,983.0,-0.0,1087.0,ASK
264,1712691627.9445183,114956177.97655512,983.0,-4.9283079581289495e-11,1087.0,ASK
265,1712691630.1926768,114956177.97655512,983.0,-0.0,1087.0,ASK
266,1712691650.9643753,114956398.98763011,983.0,-1.8110824349699594e-09,1087.0,ASK
267,1712691660.2774754,114956398.98763011,983.0,-0.0,1087.0,ASK
268,1712691690.2890055,114956398.98763011,983.0,-0.0,1087.0,ASK
269,1712691720.19707,114956398.98763011,983.0,-0.0,1087.0,ASK
270,1712691721.1245358,114956602.23966265,984.0,1.6655524191341703e-09,1087.0,BID
271,1712691743.4043713,114957125.52046436,984.0,4.288033897406022e-09,1087.0,BID
272,1712691743.504835,114959244.6134925,984.0,-1.7364945755706235e-08,1087.0,ASK
273,1712691743.5084302,114959527.4992024,984.0,-2.3181120140300976e-09,1087.0,ASK
274,1712691743.584998,114960809.4951624,984.0,-1.0505338844768362e-08,1087.0,ASK
275,1712691743.6042323,114960856.9923676,984.0,-3.8921669829879767e-10,1087.0,ASK
276,1712691750.1796515,114960856.9923676,984.0,-0.0,1087.0,ASK
277,1712691761.6844258,114960867.15496922,984.0,8.327462745977824e-11,1087.0,BID
278,1712691780.2820294,114960867.15496922,984.0,0.0,1087.0,BID
279,1712691805.424887,114961244.47836904,984.0,3.091871958848174e-09,1087.0,BID
280,1712691810.3166907,114961244.47836904,984.0,0.0,1087.0,BID
281,1712691825.6345634,114962260.32558504,984.4,8.324052967008883e-09,1087.0,BID
282,1712691840.1837044,114962260.32558504,984.4,0.0,1087.0,BID
283,1712691843.7448628,114962260.32558562,984.4,4.761980376288711e-18,1087.0,BID
284,1712691870.1987584,114962260.32558562,984.4,0.0,1087.0,BID
285,1712691879.544409,114965153.88882704,984.5,2.3710235102764943e-08,1087.0,BID
286,1712691880.814289,114965158.96496916,985.0,4.15945715816835e-11,1087.0,BID
287,1712691900.1862664,114965226.88997903,985.0,5.565864018870816e-10,1087.0,BID
288,1712691900.206548,114965226.88997903,985.0,0.0,1087.0,BID
289,1712691900.2094426,114967345.98300718,985.0,1.736791971619158e-08,1087.0,BID
290,1712691900.3305306,114967433.60309654,985.0,7.18127357997903e-10,1087.0,BID
291,1712691900.464453,114967622.4222527,985.0,1.547546946465409e-09,1087.0,BID
292,1712691900.5450327,114975617.13028967,985.0,6.55239980012733e-08,1087.0,BID
293,1712691902.3945694,114975815.11609869,985.3,1.622676112006537e-09,1087.0,BID
294,1712691902.5142012,114975815.1160991,985.3,3.419604849791687e-18,1087.0,BID
295,1712691930.1880033,114975815.1160991,985.3,0.0,1087.0,BID
296,1712691931.754385,114976754.08323523,985.3,-7.695042999515984e-09,1087.0,ASK
297,1712691943.194513,114982712.88213772,985.3,-4.8833672675939313e-08,1087.0,ASK
298,1712691943.198449,114982742.69924924,985.4,-2.4435781249979966e-10,1087.0,ASK
299,1712691960.264281,114982742.69924924,985.4,-0.0,1087.0,ASK
300,1712691977.2945063,114982789.98826772,985.5,3.8752227006681324e-10,1087.0,BID
301,1712691978.8444602,114982894.92169698,985.5,-8.59904519683145e-10,1087.0,ASK
302,1712691978.8480098,114982996.4033288,985.4,-8.31617859955417e-10,1087.0,ASK
303,1712691978.8512702,114983626.30298886,985.4,-5.161878044629203e-09,1087.0,ASK
304,1712691978.924267,114984743.69107364,985.4,-9.156729853944973e-09,1087.0,ASK
305,1712691986.8043392,114984816.67171185,985.7,5.98058989281217e-10,1087.0,BID
306,1712691987.9342484,114985083.7164364,985.7,2.188368065510936e-09,1087.0,BID
307,1712691990.285211,114985083.7164364,985.7,0.0,1087.0,BID
308,1712692020.1773012,114985083.7164364,985.7,0.0,1087.0,BID
309,1712692040.906124,114985458.71887168,985.5,-3.072997758628908e-09,1087.0,ASK
310,1712692050.1872025,114985458.71887168,985.5,-0.0,1087.0,ASK
311,1712692061.764532,114985626.71249704,986.0,1.376637648688252e-09,1087.0,BID
312,1712692080.276313,114985626.71249704,986.0,0.0,1087.0,BID
313,1712692110.2770047,114985626.71249704,986.0,0.0,1087.0,BID
314,1712692123.4642465,114985851.73139222,985.5,-1.8439334328337382e-09,1087.0,ASK
315,1712692128.6945326,114986663.09041858,985.6,6.648739580477175e-09,1087.0,BID
316,1712692139.8140996,114986852.33733135,985.5,-1.550797364164542e-09,1087.0,ASK
317,1712692140.1943843,114986852.33733135,985.5,-0.0,1087.0,ASK
318,1712692141.904425,114989814.99966902,985.6,2.427750814321714e-08,1087.0,BID
319,1712692148.514616,114990275.73954344,985.5,-3.775528487121426e-09,1087.0,ASK
320,1712692148.5173223,114992294.07588518,985.5,-1.6539237816294452e-08,1087.0,ASK
321,1712692170.1844325,114992294.07588518,985.5,-0.0,1087.0,ASK
322,1712692173.5746844,114992520.37607776,985.4,-1.8543332656542187e-09,1087.0,ASK
323,1712692182.654626,114995118.68683705,985.4,-2.1290896930038363e-08,1087.0,ASK
324,1712692193.024434,114995457.58683704,985.4,-2.776990759707428e-09,1087.0,ASK
325,1712692193.644729,114995625.60683736,985.4,-1.3767777762087146e-09,1087.0,ASK
326,1712692196.2144036,114997037.0205554,985.4,-1.1565307917369782e-08,1087.0,ASK
327,1712692197.7645664,114998227.69343512,985.4,-9.756528725050804e-09,1087.0,ASK
328,1712692197.8443215,114999656.5008908,985.4,-1.1707834470085389e-08,1087.0,ASK
329,1712692198.3444483,115000378.72219104,985.4,-5.917975442126537e-09,1087.0,ASK
330,1712692198.4444146,115000847.17377052,985.4,-3.8385532829242695e-09,1087.0,ASK
331,1712692198.4478948,115001100.94349132,985.3,-2.0794221592022686e-09,1087.0,ASK
332,1712692198.504239,115001569.39507078,985.3,-3.8385532829242695e-09,1087.0,ASK
333,1712692198.5244586,115001737.40160276,985.3,-1.3766674147533622e-09,1087.0,ASK
334,1712692198.5443988,115002497.96531396,985.3,-6.232158153607827e-09,1087.0,ASK
335,1712692198.54789,115002646.75386384,985.0,-1.219192765272528e-09,1087.0,ASK
336,1712692200.2104263,115002646.75386384,985.0,-0.0,1087.0,ASK
337,1712692230.185837,115002646.75386384,985.0,-0.0,1087.0,ASK
338,1712692260.2764304,115002646.75386384,985.0,-0.0,1087.0,ASK
339,1712692261.9545712,115003230.59997351,984.9,4.784675431215253e-09,1087.0,BID
340,1712692261.9579372,115003661.98229022,985.0,3.535219877022393e-09,1087.0,BID
341,1712692280.8645377,115003667.05843236,985.0,4.159947654363056e-11,1087.0,BID
342,1712692283.094368,115004289.49340776,985.0,5.100914924040859e-09,1087.0,BID
343,1712692290.2793777,115004289.49340776,985.0,0.0,1087.0,BID
344,1712692320.1871376,115004289.49340776,985.0,0.0,1087.0,BID
345,1712692350.1883545,115004289.49340776,985.0,0.0,1087.0,BID
346,1712692352.6341262,115005304.72183414,985.0,8.319784987807395e-09,1087.0,BID
347,1712692380.2777505,115005304.72183414,985.0,0.0,1087.0,BID
348,1712692410.2772317,115005304.72183414,985.0,0.0,1087.0,BID
349,1712692415.857451,115007214.39005657,985.0,1.5649580325603792e-08,1087.0,BID
350,1712692415.8624115,115013218.9992132,985.0,4.9207298009716164e-08,1087.0,BID
351,1712692419.3443973,115014237.52345362,985.0,8.346725743676751e-09,1087.0,BID
352,1712692427.894571,115014352.41553816,985.0,9.41531562735388e-10,1087.0,BID
353,1712692432.4748528,115014606.29777108,985.0,2.080544856127597e-09,1087.0,BID
354,1712692432.479242,115015066.87760416,985.0,3.774415372078625e-09,1087.0,BID
355,1712692432.8341353,115015066.87760475,985.0,4.884553584946265e-18,1087.0,BID
356,1712692440.179499,115015066.87760475,985.0,0.0,1087.0,BID
357,1712692440.8442912,115020186.40670276,985.5,4.1950831071675966e-08,1087.0,BID
358,1712692440.9443474,115020186.4067033,985.5,4.3957518407914624e-18,1087.0,BID
359,1712692441.8846068,115020217.8181938,985.5,-2.573944023118812e-10,1087.0,ASK
360,1712692458.9243731,115020376.24627434,985.0,-1.298203314416548e-09,1087.0,ASK
361,1712692470.1994722,115020376.24627434,985.0,-0.0,1087.0,ASK
362,1712692480.6772962,115020578.92158848,986.8,1.660706127288076e-09,1087.0,BID
363,1712692480.6803114,115020608.27366967,986.9,2.4050872349422656e-10,1087.0,BID
364,1712692480.683209,115020655.53937691,986.4,3.8729161444771433e-10,1087.0,BID
365,1712692480.6863992,115020841.18757018,986.8,1.5211871923652755e-09,1087.0,BID
366,1712692480.6884246,115020934.15462278,986.9,7.61764966449346e-10,1087.0,BID
367,1712692496.1807852,115021219.97770004,985.1,-2.342012581723737e-09,1087.0,ASK
368,1712692500.27669,115021219.97770004,985.1,-0.0,1087.0,ASK
369,1712692508.328185,115021233.46201016,987.2,1.1050256407789283e-10,1087.0,BID
370,1712692508.3302574,115021242.16201018,987.0,7.129562418578268e-11,1087.0,BID
371,1712692508.3322802,115021270.63352896,987.0,2.333212300596625e-10,1087.0,BID
372,1712692527.2361476,115021440.42417228,987.0,-1.3914172289910014e-09,1087.0,ASK
373,1712692530.287728,115021440.42417228,987.0,-0.0,1087.0,ASK
374,1712692531.385073,115021643.0173647,987.2,1.660227856360422e-09,1087.0,BID
375,1712692531.3899913,115021665.16323228,987.2,1.8148283169996408e-10,1087.0,BID
376,1712692531.4850547,115021665.1632327,987.2,3.541285645774464e-18,1087.0,BID
377,1712692531.4894736,115022255.93840444,987.5,4.8413344259768255e-09,1087.0,BID
378,1712692531.4933622,115022440.42995726,987.7,1.5118870065425101e-09,1087.0,BID
379,1712692541.064419,115023221.8691636,987.7,6.403804209206497e-09,1087.0,BID
380,1712692541.0684798,115023239.8682456,987.7,1.4750040199069855e-10,1087.0,BID
381,1712692560.197292,115023239.8682456,987.7,0.0,1087.0,BID
382,1712692590.176256,115023239.8682456,987.7,0.0,1087.0,BID
383,1712692590.5345347,115023547.9308152,987.7,2.5245004792408953e-09,1087.0,BID
384,1712692592.765384,115024547.9308152,986.2,-8.194765376694621e-09,1087.0,ASK
385,1712692592.770259,115024553.50226924,986.2,-4.565675873167992e-11,1087.0,ASK
386,1712692592.7747278,115031278.50226924,985.7,-5.510979715827132e-08,1087.0,ASK
387,1712692592.77924,115033337.13368464,985.8,-1.6870001446270593e-08,1087.0,ASK
388,1712692592.7815793,115033395.3461593,986.0,-4.770375717058735e-10,1087.0,ASK
389,1712692592.783604,115062952.10460211,987.0,-2.422107007345405e-07,1087.0,ASK
390,1712692592.7856126,115063148.82030088,987.0,-1.612038997281288e-09,1087.0,ASK
391,1712692592.787644,115064463.62664048,986.0,-1.0774529468867105e-08,1087.0,ASK
392,1712692592.8644738,115070767.46244048,985.1,5.1658455354143166e-08,1087.0,BID
393,1712692592.884486,115090366.1348139,985.1,1.6060652179495685e-07,1087.0,BID
394,1712692592.8879886,115090622.12209211,985.1,2.0977556843343307e-09,1087.0,BID
395,1712692592.904446,115091670.71791032,985.1,8.59299670530888e-09,1087.0,BID
396,1712692592.908914,115094025.80876409,985.1,1.9299416987286456e-08,1087.0,BID
397,1712692596.7748086,115096084.44017948,987.0,1.6870001446270593e-08,1087.0,BID
398,1712692596.780022,115096461.76357932,987.0,3.092076732718052e-09,1087.0,BID
399,1712692596.8343863,115101239.26312494,987.1,-3.9150487863734084e-08,1087.0,ASK
400,1712692608.1543465,115101340.67271829,986.1,8.31027824397918e-10,1087.0,BID
401,1712692610.364261,115101356.26312494,986.1,1.2775972467535187e-10,1087.0,BID
402,1712692620.2845626,115101356.26312494,986.1,0.0,1087.0,BID
403,1712692650.2866912,115101356.26312494,986.1,0.0,1087.0,BID
404,1712692658.3653543,115101660.49190496,986.3,-2.491510686044558e-09,1087.0,ASK
405,1712692680.2241826,115101660.49190496,986.3,-0.0,1087.0,ASK
406,1712692710.18745,115101660.49190496,986.3,-0.0,1087.0,ASK
407,1712692737.172129,115101836.53661469,986.7,1.4417314416452835e-09,1087.0,BID
408,1712692740.2753923,115101836.53661469,986.7,0.0,1087.0,BID
409,1712692745.3642013,115102355.33776984,986.7,4.248755185732653e-09,1087.0,BID
410,1712692745.3688872,115103217.9634272,986.8,7.0645278998113945e-09,1087.0,BID
411,1712692746.7921305,115103585.92519549,986.9,3.013446395972956e-09,1087.0,BID
412,1712692746.7956738,115104511.3317213,986.8,7.578675830731989e-09,1087.0,BID
413,1712692746.89216,115105124.60133512,986.9,5.0224106597108585e-09,1087.0,BID
414,1712692746.8963337,115105201.8004387,987.0,6.322269880709647e-10,1087.0,BID
415,1712692746.9318633,115106001.57954045,987.0,6.5498420197836705e-09,1087.0,BID
416,1712692747.032172,115108015.9917088,987.0,1.6497157073765445e-08,1087.0,BID
417,1712692747.351925,115110194.05282046,987.0,1.7837370543881167e-08,1087.0,BID
418,1712692770.267231,115110194.05282046,987.0,0.0,1087.0,BID
419,1712692770.7192347,115110204.17940272,987.0,8.292669037704405e-11,1087.0,BID
420,1712692781.2650886,115110727.46020444,987.0,-4.28515207686131e-09,1087.0,ASK
421,1712692781.3711038,115110777.13018271,987.0,-4.0674798298258366e-10,1087.0,ASK
422,1712692781.3742452,115111250.74100614,987.0,-3.8784040937567e-09,1087.0,ASK
423,1712692783.6417997,115111893.86459117,987.0,-5.2665459099278284e-09,1087.0,ASK
424,1712692789.9512372,115111995.13041392,987.5,8.29266904868672e-10,1087.0,BID
425,1712692800.2751954,115111995.13041392,987.5,0.0,1087.0,BID
426,1712692801.0813787,115112090.73270838,987.0,-7.831309713113601e-10,1087.0,ASK
427,1712692803.2914238,115112141.36561976,987.5,4.1476202326245335e-10,1087.0,BID
428,1712692804.962036,115113976.36561976,987.5,1.5031494178024242e-08,1087.0,BID
429,1712692804.9640589,115113999.04511504,987.5,1.8578021875258155e-10,1087.0,BID
430,1712692807.7107074,115113999.740736,987.5,-5.698213676690898e-12,1087.0,ASK
431,1712692813.7107117,115114004.801977,987.9,4.145940864438874e-11,1087.0,BID
432,1712692822.2005854,115114201.023977,987.9,1.6073623164268543e-09,1087.0,BID
433,1712692828.1407208,115114504.54667664,987.9,2.486321358202107e-09,1087.0,BID
434,1712692830.175499,115114504.54667664,987.9,0.0,1087.0,BID
435,1712692832.1606512,115114808.2211376,987.9,2.487514021452083e-09,1087.0,BID
436,1712692860.26979,115114808.2211376,987.9,0.0,1087.0,BID
437,1712692890.2749388,115114808.2211376,987.9,0.0,1087.0,BID
438,1712692910.889395,115115727.0474358,987.9,7.526440241921198e-09,1087.0,BID
439,1712692920.1852534,115115727.0474358,987.9,0.0,1087.0,BID
440,1712692928.4318037,115115828.27225612,987.9,8.291631376951935e-10,1087.0,BID
441,1712692932.5288565,115115864.56885213,987.9,2.9731640261469776e-10,1087.0,BID
442,1712692932.5332408,115117094.6687474,987.9,1.0076120517251465e-08,1087.0,BID
443,1712692933.5690863,115117617.9495491,988.0,4.286351411425052e-09,1087.0,BID
444,1712692933.6695566,115117626.7495491,988.0,7.208346331300376e-11,1087.0,BID
445,1712692933.674393,115117857.8038482,988.0,1.8926356897742713e-09,1087.0,BID
446,1712692950.181271,115117857.8038482,988.0,0.0,1087.0,BID
447,1712692957.7584682,115117914.94944958,988.0,-4.680888440091299e-10,1087.0,ASK
448,1712692967.1084728,115119093.42478758,988.0,-9.653081695967471e-09,1087.0,ASK
449,1712692967.1137629,115120219.03092772,988.0,-9.220021563483182e-09,1087.0,ASK
450,1712692967.469074,115120629.11789522,988.0,3.3590885374780234e-09,1087.0,BID
451,1712692971.1684642,115120705.41351432,988.0,6.24949729938047e-10,1087.0,BID
452,1712692971.77878,115120876.41537598,988.0,1.4007038480653763e-09,1087.0,BID
453,1712692980.2820914,115120876.41537598,988.0,0.0,1087.0,BID
454,1712692980.7209,115120894.56367396,988.1,1.4865200650833168e-10,1087.0,BID
455,1712692980.725867,115121486.69842702,988.1,4.850152845551613e-09,1087.0,BID
456,1712692980.7281227,115121514.47197224,988.2,2.2749203389342127e-10,1087.0,BID
457,1712692980.7304115,115121615.6660625,988.2,8.28876877067294e-10,1087.0,BID
458,1712692980.7327244,115121643.2834357,988.2,2.2621283502557862e-10,1087.0,BID
459,1712692980.802668,115121744.46728677,988.3,8.28793008064111e-10,1087.0,BID
460,1712692985.688371,115122627.2930529,988.5,7.231191683454163e-09,1087.0,BID
461,1712692985.6980011,115122737.30643176,988.5,9.011153285171071e-10,1087.0,BID
462,1712692994.7264445,115123065.6192528,988.5,2.689197610771737e-09,1087.0,BID
463,1712692998.241074,115124080.07500048,988.5,8.309367768118186e-09,1087.0,BID
464,1712693001.2679126,115124100.37750784,988.5,-1.6629705200829263e-10,1087.0,ASK
465,1712693009.053218,115124387.56526004,988.5,-2.3523437637331475e-09,1087.0,ASK
466,1712693010.2741785,115124387.56526004,988.5,-0.0,1087.0,ASK
467,1712693040.1718962,115124387.56526004,988.5,-0.0,1087.0,ASK
468,1712693046.4482503,115124655.06668328,988.0,-2.191031521701359e-09,1087.0,ASK
469,1712693060.9075408,115124946.4147077,988.5,2.3863525569748387e-09,1087.0,BID
470,1712693060.9129307,115124952.0826667,988.8,4.642471303710808e-11,1087.0,BID
471,1712693070.190272,115124952.0826667,988.8,0.0,1087.0,BID
472,1712693095.906796,115125197.61352576,988.8,2.0110674067850633e-09,1087.0,BID
473,1712693095.9114463,115129458.4878431,988.8,3.4899505082665525e-08,1087.0,BID
474,1712693100.2704053,115129458.4878431,988.8,0.0,1087.0,BID
475,1712693106.486694,115131270.02564427,988.9,-1.4840636613634451e-08,1087.0,ASK
476,1712693108.4964616,115131732.63070352,988.9,-3.789793166346849e-09,1087.0,ASK
477,1712693112.2666996,115131934.85517266,989.0,1.6566807820085859e-09,1087.0,BID
478,1712693113.5365562,115135004.23853873,988.9,-2.5145267812642563e-08,1087.0,ASK
479,1712693115.5165277,115135519.77229051,988.9,-4.223400178171856e-09,1087.0,ASK
480,1712693115.6165326,115137914.29305854,988.9,-1.9616600083524908e-08,1087.0,ASK
481,1712693130.2970777,115137914.29305854,988.9,-0.0,1087.0,ASK
482,1712693150.74905,115137983.39694324,988.9,5.66080040905702e-10,1087.0,BID
483,1712693160.18406,115137983.39694324,988.9,0.0,1087.0,BID
484,1712693173.6060643,115138212.43420656,988.9,1.87620929516658e-09,1087.0,BID
485,1712693178.7562845,115138318.78289571,988.9,8.71178760594097e-10,1087.0,BID
486,1712693178.7612655,115138419.90535504,988.9,8.28366945035775e-10,1087.0,BID
487,1712693178.7654953,115139218.77278347,988.9,6.544098865160086e-09,1087.0,BID
488,1712693178.8395498,115141598.95491222,989.0,1.9497787258226893e-08,1087.0,BID
489,1712693178.8448331,115144833.33416222,989.0,2.649513151446755e-08,1087.0,BID
490,1712693178.8558805,115151864.20598122,989.0,5.7594938350412747e-08,1087.0,BID
491,1712693178.8957036,115158894.72231022,989.0,5.759202627550011e-08,1087.0,BID
492,1712693178.935902,115161291.08227023,989.0,1.96303115340068e-08,1087.0,BID
493,1712693178.939058,115162383.0185858,989.0,8.94483733962669e-09,1087.0,BID
494,1712693179.0358813,115167660.35062024,989.0,4.3230430166084767e-08,1087.0,BID
495,1712693183.5557294,115169065.27542588,989.0,1.150875163873848e-08,1087.0,BID
496,1712693184.235808,115169301.72327577,989.0,1.936914750674973e-09,1087.0,BID
497,1712693184.2557898,115173507.95662276,989.0,3.445628885638595e-08,1087.0,BID
498,1712693184.6182516,115175757.66069864,989.0,1.8428947489564085e-08,1087.0,BID
499,1712693184.635682,115176524.52170984,989.0,6.281911233762792e-09,1087.0,BID
500,1712693184.9959786,115177023.94249938,989.0,4.091115629033483e-09,1087.0,BID
501,1712693185.0006802,115178299.02592196,989.0,1.044512729089854e-08,1087.0,BID
502,1712693185.0957134,115180929.64023326,989.0,2.1549257756781933e-08,1087.0,BID
503,1712693185.1391304,115180992.76480427,989.0,5.170988562068692e-10,1087.0,BID
504,1712693185.1461554,115185952.53278132,989.0,4.062903409760204e-08,1087.0,BID
505,1712693185.2560482,115188149.18750183,989.0,1.7994381985919948e-08,1087.0,BID
506,1712693185.2759025,115190398.81969412,989.0,1.8428358639034365e-08,1087.0,BID
507,1712693185.375909,115191866.01663284,989.0,1.2018867561506514e-08,1087.0,BID
508,1712693185.425843,115191967.12886745,989.0,8.282831870270884e-10,1087.0,BID
509,1712693185.4306877,115197249.87992178,989.0,4.3274821263615865e-08,1087.0,BID
510,1712693185.5758207,115197350.98193371,989.1,8.281994458635312e-10,1087.0,BID
511,1712693185.5858972,115197360.58690543,989.1,7.868124585594297e-11,1087.0,BID
512,1712693186.5057557,115197383.38595729,989.0,-1.867634654153196e-10,1087.0,ASK
513,1712693187.0469823,115197685.9482444,989.1,2.478505756121105e-09,1087.0,BID
514,1712693187.0491269,115197787.05025634,989.1,8.281994458635312e-10,1087.0,BID
515,1712693187.0512724,115198139.89577325,989.2,2.890411931340187e-09,1087.0,BID
516,1712693187.0534337,115198150.04702692,989.1,8.315623501325468e-11,1087.0,BID
517,1712693187.0721855,115198251.12859972,989.3,8.28032014315934e-10,1087.0,BID
518,1712693187.0754423,115198261.27882303,989.3,8.314779450511944e-11,1087.0,BID
519,1712693188.8596196,115198271.43574823,989.5,8.320269461094288e-11,1087.0,BID
520,1712693188.8641725,115198582.75363682,989.5,2.550229198052564e-09,1087.0,BID
521,1712693190.1811545,115198582.75363682,989.5,0.0,1087.0,BID
522,1712693192.766172,115198610.67791696,989.0,-2.2863565467396023e-10,1087.0,ASK
523,1712693192.7711196,115203219.65148884,989.0,-3.7736897218109296e-08,1087.0,ASK
524,1712693195.6156416,115207865.2148691,988.8,-3.8036483626671935e-08,1087.0,ASK
525,1712693198.485722,115207999.64840198,989.0,-1.1007015626853803e-09,1087.0,ASK
526,1712693198.490854,115212545.93861556,989.0,-3.722366462697128e-08,1087.0,ASK
527,1712693201.276262,115213114.06652358,988.8,-4.651661403144921e-09,1087.0,ASK
528,1712693201.281496,115213137.701151,988.8,-1.9351326109197264e-10,1087.0,ASK
529,1712693204.0898066,115214093.69226176,988.8,-7.82736931012719e-09,1087.0,ASK
530,1712693204.0947528,115214144.76968022,988.8,-4.18206626832824e-10,1087.0,ASK
531,1712693220.2954462,115214144.76968022,988.8,-0.0,1087.0,ASK
532,1712693250.2657804,115214144.76968022,988.8,-0.0,1087.0,ASK
533,1712693268.8550198,115216015.75344822,988.9,-1.531712550509619e-08,1087.0,ASK
534,1712693280.18729,115216015.75344822,988.9,-0.0,1087.0,ASK
535,1712693280.719331,115216146.688699,989.4,1.0719073707813947e-09,1087.0,BID
536,1712693285.6152434,115216474.57358314,989.4,2.6842444792620423e-09,1087.0,BID
537,1712693285.6210542,115216575.64493953,989.4,8.27425244402793e-10,1087.0,BID
538,1712693285.6257274,115217101.688699,989.5,4.3064811022455374e-09,1087.0,BID
539,1712693288.7252133,115217275.85850956,989.5,1.425849055816041e-09,1087.0,BID
540,1712693288.7314775,115217611.33826424,989.5,2.746420231355331e-09,1087.0,BID
541,1712693289.48462,115217757.25229816,989.5,1.1945318584295523e-09,1087.0,BID
542,1712693302.8747954,115217858.31344014,989.5,8.273416238489973e-10,1087.0,BID
543,1712693302.8780203,115219995.86293824,989.5,1.749914594120198e-08,1087.0,BID
544,1712693304.544544,115221247.32824856,989.5,-1.024517753884294e-08,1087.0,ASK
545,1712693306.9946878,115221266.50225116,989.5,-1.5696884218249072e-10,1087.0,ASK
546,1712693310.1853645,115221266.50225116,989.5,-0.0,1087.0,ASK
547,1712693325.657598,115221648.25172012,989.5,-3.1250764255538403e-09,1087.0,ASK
548,1712693325.6622474,115223669.47455992,989.5,-1.6546128707896376e-08,1087.0,ASK
549,1712693326.0143263,115223740.95455185,989.5,5.85149308101444e-10,1087.0,BID
550,1712693326.3783884,115223962.90006503,989.5,1.816889734045645e-09,1087.0,BID
551,1712693328.3844388,115224868.19163524,989.5,7.41089529739579e-09,1087.0,BID
552,1712693328.4644284,115225741.1513636,989.5,7.1462204650671196e-09,1087.0,BID
553,1712693328.5644114,115225873.84872004,989.5,1.0862867249183455e-09,1087.0,BID
554,1712693328.664934,115226066.79402544,989.5,1.579488314566426e-09,1087.0,BID
555,1712693328.7843945,115226829.7621963,989.5,6.245807887475069e-09,1087.0,BID
556,1712693328.870604,115226963.16783483,989.5,1.0920848617098712e-09,1087.0,BID
557,1712693329.0844915,115227674.54782204,989.5,5.8234968439942236e-09,1087.0,BID
558,1712693329.8936863,115228074.54782204,989.5,3.2744788713179433e-09,1087.0,BID
559,1712693333.1646383,115228101.37581438,989.5,2.1961923515178112e-10,1087.0,BID
560,1712693333.4843302,115229352.84112471,989.5,-1.024474179219958e-08,1087.0,ASK
561,1712693333.7241647,115230096.17927864,989.5,-6.085112698086561e-09,1087.0,ASK
562,1712693334.9298153,115230214.67231144,989.5,9.700073307399879e-10,1087.0,BID
563,1712693339.1890814,115230670.38563998,989.5,3.730559164330151e-09,1087.0,BID
564,1712693340.2751915,115230670.38563998,989.5,0.0,1087.0,BID
565,1712693343.45423,115230874.31177016,989.5,1.669252358241891e-09,1087.0,BID
566,1712693343.5788796,115231026.68569882,989.5,1.2472680158324263e-09,1087.0,BID
567,1712693357.847683,115231091.02132288,989.5,5.266239891805777e-10,1087.0,BID
568,1712693368.864551,115231148.92016068,989.5,4.73935201129082e-10,1087.0,BID
569,1712693370.2640576,115231148.92016068,989.5,0.0,1087.0,BID
570,1712693370.7645426,115231249.98130266,989.5,8.27240214895073e-10,1087.0,BID
571,1712693370.767378,115231480.35992186,989.5,1.885773846231342e-09,1087.0,BID
572,1712693387.0141523,115231531.01575077,989.5,-4.1464541131563887e-10,1087.0,ASK
573,1712693400.200723,115231531.01575077,989.5,-0.0,1087.0,ASK
574,1712693407.4939528,115231541.17009684,989.6,8.312371851735088e-11,1087.0,BID
575,1712693407.4988115,115231543.11649854,989.6,1.5933290759151934e-11,1087.0,BID
576,1712693407.502821,115231583.11649854,989.6,3.27440951866837e-10,1087.0,BID
577,1712693418.0236683,115231630.00463516,989.6,3.838274020741995e-10,1087.0,BID
578,1712693426.5535774,115231645.72430252,989.5,-1.2868157108623851e-10,1087.0,ASK
579,1712693429.0838444,115232484.41695634,989.7,6.865558022262943e-09,1087.0,BID
580,1712693429.089744,115232585.45767574,989.7,8.27121733480578e-10,1087.0,BID
581,1712693429.095766,115232637.67406708,989.6,4.2744462208468734e-10,1087.0,BID
582,1712693429.0990574,115232647.81811252,989.7,8.303939738552903e-11,1087.0,BID
583,1712693429.1018715,115232656.02430253,989.6,6.717606666048123e-11,1087.0,BID
584,1712693430.1814177,115232656.02430253,989.6,0.0,1087.0,BID
585,1712693446.2836416,115233666.32941468,989.8,8.270306311526885e-09,1087.0,BID
586,1712693446.2897906,115233718.0298702,989.8,4.232173019354451e-10,1087.0,BID
587,1712693446.2958727,115234361.02449992,989.7,5.263521366573932e-09,1087.0,BID
588,1712693460.2736108,115234361.02449992,989.7,0.0,1087.0,BID
589,1712693463.323233,115234488.82605262,989.8,1.0461625645767435e-09,1087.0,BID
590,1712693467.2133164,115234493.68275107,989.8,3.9756137559753566e-11,1087.0,BID
591,1712693467.2168903,115235605.1204564,989.8,9.098046898659896e-09,1087.0,BID
592,1712693471.0138323,115235706.1407615,989.9,8.269356609808301e-10,1087.0,BID
593,1712693471.018454,115236918.64980872,989.9,9.925400338561171e-09,1087.0,BID
594,1712693475.6834753,115237972.21715812,989.9,8.624329649666463e-09,1087.0,BID
595,1712693475.687188,115238148.42693672,990.0,1.4424243680863155e-09,1087.0,BID
596,1712693480.3032386,115238259.69756404,990.0,9.108431186155399e-10,1087.0,BID
597,1712693485.0733714,115238383.30236578,990.0,1.0118086490880572e-09,1087.0,BID
598,1712693485.1054535,115238480.74275362,990.0,7.976310450796367e-10,1087.0,BID
599,1712693485.1079285,115238507.0876597,990.0,2.1565508339285407e-10,1087.0,BID
600,1712693486.3832078,115238630.61755069,990.0,1.0111954418846706e-09,1087.0,BID
601,1712693486.387677,115238753.96732187,990.0,1.0097210107420355e-09,1087.0,BID
602,1712693490.2660887,115238753.96732187,990.0,0.0,1087.0,BID
603,1712693492.0832772,115239669.26522848,990.0,7.492211957060889e-09,1087.0,BID
604,1712693501.5130963,115239690.5246647,990.0,1.7402006614187508e-10,1087.0,BID
605,1712693501.519585,115239803.86617522,990.0,9.277620042770736e-10,1087.0,BID
606,1712693502.112929,115239915.78169024,990.0,9.160894542121619e-10,1087.0,BID
607,1712693503.2229393,115240087.16935375,990.0,1.402901386215477e-09,1087.0,BID
608,1712693503.283378,115240677.64532717,989.8,-4.833367493164322e-09,1087.0,ASK
609,1712693503.2893412,115241342.05698588,989.8,-5.438571352487267e-09,1087.0,ASK
610,1712693503.4651356,115242909.00389336,989.8,-1.2826314002817828e-08,1087.0,ASK
611,1712693503.542965,115243413.70253928,989.7,-4.131233342034665e-09,1087.0,ASK
612,1712693503.6431215,115243645.57741798,989.8,1.8980221917162547e-09,1087.0,BID
613,1712693507.277182,115243756.8323674,989.8,9.10682364947004e-10,1087.0,BID
614,1712693518.2643416,115243874.61877346,990.0,9.641458956328323e-10,1087.0,BID
615,1712693518.3529177,115244291.01811326,990.0,3.408455422004366e-09,1087.0,BID
616,1712693518.4557445,115244603.19204532,990.0,2.555313684848597e-09,1087.0,BID
617,1712693518.532818,115244837.25970796,990.0,1.915971322839603e-09,1087.0,BID
618,1712693520.1740396,115244837.25970796,990.0,0.0,1087.0,BID
619,1712693522.8331916,115245234.44681048,990.0,3.251032548690578e-09,1087.0,BID
620,1712693522.8387818,115245335.4569115,990.0,8.26781947568671e-10,1087.0,BID
621,1712693522.8441186,115245435.4569115,989.9,8.18514128010046e-10,1087.0,BID
622,1712693522.8465588,115245625.6593173,990.0,1.5568335632507975e-09,1087.0,BID
623,1712693522.8490396,115245919.15970796,990.0,2.402342163347415e-09,1087.0,BID
624,1712693525.4666638,115246056.3249595,990.0,1.1227169625603359e-09,1087.0,BID
625,1712693525.542648,115246295.5175514,990.0,1.9578251579007e-09,1087.0,BID
626,1712693526.983204,115246535.48918691,990.0,1.964201739829756e-09,1087.0,BID
627,1712693527.007829,115246673.62847708,990.0,1.130689606243119e-09,1087.0,BID
628,1712693527.0430243,115246789.07462442,990.0,9.44943026323156e-10,1087.0,BID
629,1712693527.0483737,115246933.36379407,990.0,1.181027238808421e-09,1087.0,BID
630,1712693527.0847108,115247078.22782408,990.0,1.1857325519837495e-09,1087.0,BID
631,1712693528.292851,115247262.19754256,990.0,1.5058181369468295e-09,1087.0,BID
632,1712693528.297056,115247714.94056948,990.0,3.7057656391007196e-09,1087.0,BID
633,1712693528.3627064,115247915.37501398,990.0,1.6405842455253243e-09,1087.0,BID
634,1712693528.5328484,115248296.22212262,990.0,3.117287390395325e-09,1087.0,BID
635,1712693528.8326435,115248421.26002856,990.0,1.0234529255389842e-09,1087.0,BID
636,1712693528.852624,115248786.72577249,990.0,2.9913887469751233e-09,1087.0,BID
637,1712693531.3263812,115249158.15891732,990.0,3.0402327666079198e-09,1087.0,BID
638,1712693531.6428204,115249310.04133113,990.0,1.2431790149527675e-09,1087.0,BID
639,1712693531.6499412,115249432.96441706,990.0,1.006142824906308e-09,1087.0,BID
640,1712693532.1459107,115249618.51834533,990.0,1.5187851179752383e-09,1087.0,BID
641,1712693546.352857,115249631.63006917,989.8,-1.0732131193603035e-10,1087.0,ASK
642,1712693550.186304,115249631.63006917,989.8,-0.0,1087.0,ASK
643,1712693577.8825471,115250332.74926697,990.0,5.738536745638763e-09,1087.0,BID
644,1712693577.8879814,115251489.26076975,990.0,9.465842293868176e-09,1087.0,BID
645,1712693580.264772,115251489.26076975,990.0,0.0,1087.0,BID
646,1712693599.2727842,115251505.77542956,990.0,1.3516753777942776e-10,1087.0,BID
647,1712693599.2787223,115251515.77542956,990.0,8.184700100297014e-11,1087.0,BID
648,1712693599.2841036,115251616.78553058,990.0,8.267373839521567e-10,1087.0,BID
649,1712693599.288727,115254153.6071036,990.0,2.0763123783124465e-08,1087.0,BID
650,1712693608.187915,115254266.09603705,990.1,9.206881848415999e-10,1087.0,BID
651,1712693608.243795,115254393.26205952,990.1,1.0408157569426152e-09,1087.0,BID
652,1712693608.2732394,115254619.00227842,990.1,1.8476159922120983e-09,1087.0,BID
653,1712693609.2125611,115254683.01932864,990.1,5.23960357491102e-10,1087.0,BID
654,1712693609.2190597,115263008.62405284,990.1,6.81425778211814e-08,1087.0,BID
655,1712693610.2759852,115263008.62405284,990.1,0.0,1087.0,BID
656,1712693619.3223152,115264190.67960525,990.3,9.67386717205358e-09,1087.0,BID
657,1712693619.328452,115264327.94959617,990.2,1.1234088417852321e-09,1087.0,BID
658,1712693627.014007,115264639.2341338,990.3,2.5475327819165797e-09,1087.0,BID
659,1712693627.0192895,115265202.07200384,990.3,4.60622919382446e-09,1087.0,BID
660,1712693627.0223591,115265313.1662079,990.3,9.091878732588388e-10,1087.0,BID
661,1712693627.0254772,115265327.94959617,990.3,1.2098630576861066e-10,1087.0,BID
662,1712693631.262252,115267094.0533576,990.3,1.4453680426154929e-08,1087.0,BID
663,1712693631.2692049,115267150.60890187,990.3,4.6284696376466416e-10,1087.0,BID
664,1712693635.1225734,115267160.76015556,990.4,8.307721192985501e-11,1087.0,BID
665,1712693635.1292307,115267292.0202525,990.4,1.0742242530045515e-09,1087.0,BID
666,1712693635.134524,115267543.03105344,990.5,2.0542563691949523e-09,1087.0,BID
667,1712693635.522051,115267829.3543403,990.5,2.3432514991734206e-09,1087.0,BID
668,1712693635.5273843,115267931.03105344,990.5,8.321157288767532e-10,1087.0,BID
669,1712693640.0120811,115268161.27326591,990.3,-1.88428756702269e-09,1087.0,ASK
670,1712693640.2005956,115268161.27326591,990.3,-0.0,1087.0,ASK
671,1712693640.216337,115269483.5244334,990.5,1.082076724953601e-08,1087.0,BID
672,1712693640.221177,115269674.75032508,990.6,1.564915136281329e-09,1087.0,BID
673,1712693641.4807074,115273099.154618,990.6,2.8023935794764684e-08,1087.0,BID
674,1712693642.2875934,115273700.85333955,990.3,-4.924058288220976e-09,1087.0,ASK
675,1712693642.3825653,115274292.10248138,990.3,-4.838543166055161e-09,1087.0,ASK
676,1712693642.4826117,115274302.55206113,990.3,-8.551512216581406e-11,1087.0,ASK
677,1712693642.6020064,115274883.3516232,990.3,-4.7530280438893474e-09,1087.0,ASK
678,1712693657.6420577,115275140.93417396,990.3,-2.107951119845709e-09,1087.0,ASK
679,1712693660.9520006,115275300.96725444,990.3,-1.309645821298099e-09,1087.0,ASK
680,1712693667.0319006,115275311.78254128,990.0,-8.850792073680851e-11,1087.0,ASK
681,1712693670.1785736,115275311.78254128,990.0,-0.0,1087.0,ASK
682,1712693700.1971345,115275311.78254128,990.0,-0.0,1087.0,ASK
683,1712693711.5416093,115275967.66125092,990.0,-5.371434546064925e-09,1087.0,ASK
684,1712693711.548324,115276322.80266055,990.0,-2.9084933057918715e-09,1087.0,ASK
685,1712693728.4217618,115277231.13160624,990.0,-7.438920346356271e-09,1087.0,ASK
686,1712693728.4290123,115278720.35247812,990.1,-1.2196237383615896e-08,1087.0,ASK
687,1712693728.4330635,115279074.26878004,990.0,-2.898460069884765e-09,1087.0,ASK
688,1712693730.1784966,115279074.26878004,990.0,-0.0,1087.0,ASK
689,1712693730.500476,115280061.15705624,990.1,-8.082049303932211e-09,1087.0,ASK
690,1712693730.5037994,115280234.78155996,989.5,-1.4218851651270721e-09,1087.0,ASK
691,1712693730.5091777,115280593.9824857,990.0,-2.9416496901577646e-09,1087.0,ASK
692,1712693730.51242,115281580.87076189,989.8,-8.082049303932211e-09,1087.0,ASK
693,1712693730.5156505,115283707.55077732,989.0,-1.7416290327345847e-08,1087.0,ASK
694,1712693744.941967,115288707.55077732,989.1,-4.094713403253464e-08,1087.0,ASK
695,1712693745.0214467,115289502.5683588,989.1,-6.510738293520315e-09,1087.0,ASK
696,1712693745.0274491,115292598.55019929,989.0,-2.5354316676734e-08,1087.0,ASK
697,1712693756.6216495,115302598.55019929,989.0,-8.189426806506928e-08,1087.0,ASK
698,1712693760.2638612,115302598.55019929,989.0,-0.0,1087.0,ASK
699,1712693765.4115083,115302610.55019929,989.0,-9.825439881298984e-11,1087.0,ASK
700,1712693765.751197,115302616.60713446,990.6,4.95933771546771e-11,1087.0,BID
701,1712693770.1111798,115303121.35173368,990.6,4.1327814292310684e-09,1087.0,BID
702,1712693778.441507,115313227.52210654,989.0,-8.27479745239063e-08,1087.0,ASK
703,1712693778.4486358,115319856.5334988,989.0,-5.4277460755837454e-08,1087.0,ASK
704,1712693778.452654,115325650.21940257,989.1,-4.7437927115540136e-08,1087.0,ASK
705,1712693778.5312047,115331613.84200256,989.0,4.8829346109246674e-08,1087.0,BID
706,1712693778.5411074,115331753.23388793,989.0,1.14132215779266e-09,1087.0,BID
707,1712693778.5512304,115333354.2992202,989.0,1.3109309307068225e-08,1087.0,BID
708,1712693778.5819345,115334759.29575394,989.0,1.1503924146385244e-08,1087.0,BID
709,1712693778.5855198,115334897.80142576,989.0,1.1340659598121839e-09,1087.0,BID
710,1712693778.5958464,115335066.33885778,989.0,1.379962005009441e-09,1087.0,BID
711,1712693778.601162,115339121.35173368,989.0,3.320190435837128e-08,1087.0,BID
712,1712693778.8813305,115340884.73885778,990.6,1.4438378479347196e-08,1087.0,BID
713,1712693784.1615045,115341250.91511004,989.9,-2.9982022937899194e-09,1087.0,ASK
714,1712693784.1690595,115341634.23818365,989.9,-3.138598179063599e-09,1087.0,ASK
715,1712693784.1729343,115342546.69789515,989.6,-7.471098366265898e-09,1087.0,ASK
716,1712693786.604215,115342556.457639,989.6,-7.991148041526566e-11,1087.0,ASK
717,1712693790.2651126,115342556.457639,989.6,-0.0,1087.0,ASK
718,1712693820.184325,115342556.457639,989.6,-0.0,1087.0,ASK
719,1712693825.7211723,115347268.16283256,989.5,-3.8566332759230686e-08,1087.0,ASK
720,1712693825.9811046,115347380.33529152,989.5,9.181559969481519e-10,1087.0,BID
721,1712693826.8411725,115349391.33120222,989.5,1.6460439327841013e-08,1087.0,BID
722,1712693826.9913943,115349503.5036612,990.6,9.181559969481519e-10,1087.0,BID
723,1712693850.18317,115349503.5036612,990.6,0.0,1087.0,BID
724,1712693878.7069612,115349563.5036612,989.0,-4.910854302309139e-10,1087.0,ASK
725,1712693878.7114935,115350653.98520608,989.0,-8.925326643787961e-09,1087.0,ASK
726,1712693880.2628238,115350653.98520608,989.0,-0.0,1087.0,ASK
727,1712693883.987189,115351043.9243541,990.6,3.191527515693667e-09,1087.0,BID
728,1712693886.6104982,115351054.01924609,990.6,8.262347006280061e-11,1087.0,BID
729,1712693895.5405838,115351064.20786265,989.0,-8.339057583577918e-11,1087.0,ASK
730,1712693900.6006317,115351316.51704048,990.6,2.065070120909373e-09,1087.0,BID
731,1712693906.340608,115351324.21463697,989.0,-6.300237109600286e-11,1087.0,ASK
732,1712693910.2640028,115351324.21463697,989.0,-0.0,1087.0,ASK
733,1712693923.8511424,115352247.0433522,989.2,-7.553017562236023e-09,1087.0,ASK
734,1712693925.4007895,115355302.15168367,990.6,2.5004951082271604e-08,1087.0,BID
735,1712693925.4037974,115355683.6953112,990.6,3.122795890245945e-09,1087.0,BID
736,1712693940.1835406,115355683.6953112,990.6,0.0,1087.0,BID
737,1712693954.5903616,115355720.18910284,990.6,2.9867786441557027e-10,1087.0,BID
738,1712693959.3116844,115355766.96110284,989.1,-3.827982910707536e-10,1087.0,ASK
739,1712693968.4923542,115355862.89935692,990.6,7.85191989204191e-10,1087.0,BID
740,1712693968.4954343,115355928.2515679,990.6,5.34865190211879e-10,1087.0,BID
741,1712693970.1781194,115355928.2515679,990.6,0.0,1087.0,BID
742,1712693977.8630486,115356120.57710344,990.6,1.574055854007093e-09,1087.0,BID
743,1712693977.8770142,115356189.98446076,990.6,5.680527903904801e-10,1087.0,BID
744,1712693977.8803945,115356249.75329904,990.6,4.89167959451424e-10,1087.0,BID
745,1712693977.8838694,115356445.32547744,990.6,1.600627454108934e-09,1087.0,BID
746,1712693977.9303896,115356568.41753036,990.6,1.007426111773623e-09,1087.0,BID
747,1712693979.6302712,115356813.78002216,990.6,2.008127862468973e-09,1087.0,BID
748,1712693988.5413826,115358118.32547916,990.6,1.0676831902207316e-08,1087.0,BID
749,1712693988.590001,115358145.6912171,990.6,2.2397025890420807e-10,1087.0,BID
750,1712693992.4837089,115358771.67890234,990.6,5.123290455197457e-09,1087.0,BID
751,1712694000.2027955,115358771.67890234,990.6,0.0,1087.0,BID
752,1712694002.0103042,115358975.32360078,989.1,-1.668452878631114e-09,1087.0,ASK
753,1712694002.0168033,115361604.15493125,989.1,-2.1537910067383352e-08,1087.0,ASK
754,1712694005.3099446,115362031.15493125,990.6,3.498393941160176e-09,1087.0,BID
755,1712694026.899875,115362037.7132834,990.0,-5.3732317339181305e-11,1087.0,ASK
756,1712694028.3300688,115362188.53018376,990.0,-1.23563683930555e-09,1087.0,ASK
757,1712694028.3365746,115363447.30026203,989.1,-1.0313052962977313e-08,1087.0,ASK
758,1712694030.176163,115363447.30026203,989.1,-0.0,1087.0,ASK
759,1712694036.8701434,115363488.45641156,989.1,-3.3717791123781976e-10,1087.0,ASK
760,1712694039.2818146,115363924.6362898,990.0,3.5734688964823195e-09,1087.0,BID
761,1712694040.609978,115364011.73721328,990.0,7.13587344083835e-10,1087.0,BID
762,1712694040.6167169,115364186.8514704,990.0,1.434649745207094e-09,1087.0,BID
763,1712694040.6226466,115364657.64408766,990.0,3.8570389383512e-09,1087.0,BID
764,1712694051.4036956,115365034.96748748,990.0,3.0912783933382302e-09,1087.0,BID
765,1712694051.4106264,115365558.24828918,990.0,4.287056240566155e-09,1087.0,BID
766,1712694060.2646005,115365558.24828918,990.0,0.0,1087.0,BID
767,1712694063.160029,115365912.37261732,990.0,-2.901166857594624e-09,1087.0,ASK
768,1712694065.009794,115366931.2213183,990.0,-8.346927474848396e-09,1087.0,ASK
769,1712694076.999733,115367134.32886374,990.0,-1.663960458240042e-09,1087.0,ASK
770,1712694090.2642694,115367134.32886374,990.0,-0.0,1087.0,ASK
771,1712694109.192273,115367370.94709592,990.5,1.9384722923217863e-09,1087.0,BID
772,1712694120.1857653,115367370.94709592,990.5,0.0,1087.0,BID
773,1712694123.6073742,115367990.33683228,990.5,5.074281578413311e-09,1087.0,BID
774,1712694125.9727898,115370546.09943832,990.5,2.09378011120372e-08,1087.0,BID
775,1712694126.0493526,115373118.32623155,990.5,-2.1072682135944352e-08,1087.0,ASK
776,1712694146.6293583,115373124.32623155,990.2,-4.915433318233413e-11,1087.0,ASK
777,1712694150.0137568,115373225.28534313,990.5,8.27096301206042e-10,1087.0,BID
778,1712694150.0232172,115373236.01086038,990.5,8.786760814249484e-11,1087.0,BID
779,1712694150.1933956,115373236.01086038,990.5,0.0,1087.0,BID
780,1712694158.5391135,115373241.0648876,990.2,-4.140258582163007e-11,1087.0,ASK
781,1712694158.5446222,115374244.45617256,990.2,-8.219780389733565e-09,1087.0,ASK
782,1712694158.639096,115374767.73697424,990.0,-4.2867157973252595e-09,1087.0,ASK
783,1712694159.2792585,115375291.01777595,990.0,-4.2867157973252595e-09,1087.0,ASK
784,1712694159.749335,115375435.58979814,990.0,-1.184333859256578e-09,1087.0,ASK
785,1712694165.2006557,115375670.6571514,990.0,-1.925671519763753e-09,1087.0,ASK
786,1712694171.0905476,115376636.090983,990.0,-7.908832970184337e-09,1087.0,ASK
787,1712694172.9892683,115378554.00778216,990.0,-1.5711572475585248e-08,1087.0,ASK
788,1712694172.9969463,115379273.30246931,990.0,-5.8924613483573e-09,1087.0,ASK
789,1712694178.1497102,115380473.1895064,990.0,9.829473392181674e-09,1087.0,BID
790,1712694180.2590885,115380473.1895064,990.0,0.0,1087.0,BID
791,1712694190.0193894,115380591.0245283,990.0,-9.652477239447308e-10,1087.0,ASK
792,1712694190.0277162,115381339.97782756,989.1,-6.135064566599306e-09,1087.0,ASK
793,1712694204.289152,115383903.03852431,989.1,-2.0995358292734106e-08,1087.0,ASK
794,1712694204.304092,115389887.44414628,989.1,-4.902136744611424e-08,1087.0,ASK
795,1712694204.4696095,115390212.70909204,989.1,2.6644137163675756e-09,1087.0,BID
796,1712694204.4790564,115391046.83418798,989.1,6.832750887484645e-09,1087.0,BID
797,1712694204.5047147,115391325.89632335,989.1,2.285942555096812e-09,1087.0,BID
798,1712694204.5593345,115391541.62506376,989.1,1.767145898790592e-09,1087.0,BID
799,1712694204.5655496,115391621.83390132,990.0,6.57032151105357e-10,1087.0,BID
800,1712694204.599059,115391747.33200967,990.0,1.0280200362295796e-09,1087.0,BID
801,1712694204.606988,115391871.06059022,990.0,1.0135249167783735e-09,1087.0,BID
802,1712694204.6528,115392196.1233188,990.0,2.662757250567531e-09,1087.0,BID
803,1712694209.1781518,115392201.26206492,989.1,-4.209413244547716e-11,1087.0,ASK
804,1712694209.369199,115392261.92327207,989.1,-4.96907381198877e-10,1087.0,ASK
805,1712694210.2733486,115392261.92327207,989.1,-0.0,1087.0,ASK
806,1712694212.68917,115392322.58447924,989.1,-4.968599207746766e-10,1087.0,ASK
807,1712694214.7697165,115393141.27237798,990.0,6.705656276702849e-09,1087.0,BID
808,1712694214.7728975,115393242.27227698,990.1,8.27263487975625e-10,1087.0,BID
809,1712694214.7789314,115393343.282378,990.0,8.27347050029346e-10,1087.0,BID
810,1712694214.782189,115393444.27207708,990.2,8.271799430091107e-10,1087.0,BID
811,1712694214.7852485,115394784.16194372,990.3,1.0974683891528077e-08,1087.0,BID
812,1712694214.7883215,115396702.0787429,990.2,1.570914977778158e-08,1087.0,BID
813,1712694221.9194636,115396939.70363872,990.3,1.9463227398968383e-09,1087.0,BID
814,1712694221.927455,115397028.0787429,990.3,7.23857129097311e-10,1087.0,BID
815,1712694226.008946,115397204.0787429,990.0,1.4415694998250623e-09,1087.0,BID
816,1712694240.1727962,115397204.0787429,990.0,0.0,1087.0,BID
817,1712694257.112288,115397305.08884393,990.0,8.27313889528877e-10,1087.0,BID
818,1712694257.1179037,115397405.63395396,990.0,8.23505423969755e-10,1087.0,BID
819,1712694266.1593118,115397411.63395396,990.0,-4.914244503303582e-11,1087.0,ASK
820,1712694270.1765149,115397411.63395396,990.0,-0.0,1087.0,ASK
821,1712694271.4588642,115397586.22975302,990.0,-1.430008336268052e-09,1087.0,ASK
822,1712694275.9586847,115398114.86038718,990.0,4.329693026945577e-09,1087.0,BID
823,1712694276.1986787,115398165.95754284,990.0,4.1850582290141637e-10,1087.0,BID
824,1712694300.263085,115398165.95754284,990.0,0.0,1087.0,BID
825,1712694330.2526078,115398165.95754284,990.0,0.0,1087.0,BID
826,1712694342.0188468,115398266.9472419,990.2,8.27485651777414e-10,1087.0,BID
827,1712694342.034157,115398279.55163889,990.3,1.032774406701331e-10,1087.0,BID
828,1712694342.0388198,115398380.52094422,990.4,8.27318550395159e-10,1087.0,BID
829,1712694342.0419655,115398481.52084324,990.1,8.27569227742534e-10,1087.0,BID
830,1712694342.0451243,115398860.48867984,990.4,3.1051726084516633e-09,1087.0,BID
831,1712694345.5243075,115399075.0826749,990.4,1.758332320190082e-09,1087.0,BID
832,1712694360.1824305,115399075.0826749,990.4,0.0,1087.0,BID
1033,1712694386.8080754,115399081.0826749,990.4,-4.916221485563804e-11,1087.0,ASK
833,1712694386.8080754,115399081.0826749,990.4,-4.9162214855638036e-11,1087.0,ASK
834,1712694388.5981712,115399579.92920154,990.4,-4.0874000204250115e-09,1087.0,ASK
835,1712694390.178681,115399579.92920154,990.4,-0.0,1087.0,ASK
836,1712694420.279698,115399579.92920154,990.4,-0.0,1087.0,ASK
837,1712694431.3184164,115401596.19707312,990.4,-1.6520631368900875e-08,1087.0,ASK
838,1712694450.2785792,115401596.19707312,990.4,-0.0,1087.0,ASK
839,1712694456.9780846,115401602.25523144,990.4,4.9637731194147715e-11,1087.0,BID
1039,1712694456.9780846,115401602.25523144,990.4,4.963773119414772e-11,1087.0,BID
840,1712694467.0579658,115402107.10175806,990.4,4.136477607285576e-09,1087.0,BID
841,1712694469.6949515,115402208.06086963,990.5,8.272119985603048e-10,1087.0,BID
842,1712694469.698542,115402900.91263822,990.4,5.676905108171471e-09,1087.0,BID
843,1712694469.7018256,115403507.63544096,990.6,4.971204425294244e-09,1087.0,BID
844,1712694480.1622555,115403507.63544096,990.6,0.0,1087.0,BID
845,1712694482.185953,115404012.53294677,990.3,-4.136831135665399e-09,1087.0,ASK
846,1712694482.1944015,115405022.32795836,990.3,-8.273662271330798e-09,1087.0,ASK
847,1712694484.8780818,115405579.55641484,990.0,-4.565599952248202e-09,1087.0,ASK
1047,1712694484.8780818,115405579.55641484,990.0,-4.5655999522482025e-09,1087.0,ASK
848,1712694484.8861823,115406127.42764685,990.0,-4.488932396950111e-09,1087.0,ASK
849,1712694506.4477062,115406133.42764685,990.0,-4.9160446483932085e-11,1087.0,ASK
850,1712694510.160256,115406133.42764685,990.0,-0.0,1087.0,ASK
851,1712694532.2477732,115406892.01615658,990.1,-6.2152925697879514e-09,1087.0,ASK
852,1712694540.1978416,115406892.01615658,990.1,-0.0,1087.0,ASK
853,1712694544.077781,115407143.42663684,990.1,-2.0598520200711284e-09,1087.0,ASK
854,1712694544.0838635,115407773.04821844,990.1,-5.158604706379019e-09,1087.0,ASK
855,1712694569.8690102,115408153.42562684,990.1,-3.1165016362893286e-09,1087.0,ASK
856,1712694569.8759978,115408474.01942486,990.1,-2.6266835884135833e-09,1087.0,ASK
857,1712694570.1277745,115408531.63672815,990.1,4.720690977722184e-10,1087.0,BID
858,1712694570.199494,115408531.63672815,990.1,0.0,1087.0,BID
859,1712694571.0074878,115409084.1865724,990.2,-4.527081661032685e-09,1087.0,ASK
860,1712694571.978685,115409235.8395903,989.1,-1.2425043700399551e-09,1087.0,ASK
861,1712694571.985642,115411761.09211557,990.2,-2.0689580343786427e-08,1087.0,ASK
862,1712694571.991417,115412284.37291723,990.0,-4.287278234880619e-09,1087.0,ASK
863,1712694571.9962368,115412325.84698458,989.1,-3.39800095092835e-10,1087.0,ASK
864,1712694571.9995563,115413036.55552857,989.0,-5.822887562633044e-09,1087.0,ASK
865,1712694572.0028486,115413046.66572976,989.1,-8.283362456352222e-11,1087.0,ASK
866,1712694572.006194,115413051.7263971,989.0,-4.14624211647122e-11,1087.0,ASK
1067,1712694572.0095406,115417450.5224006,989.4,-3.6039660358823864e-08,1087.0,ASK
867,1712694572.0095406,115417450.5224006,989.4,-3.603966035882386e-08,1087.0,ASK
868,1712694572.0129075,115418619.87805448,988.8,-9.58061718956572e-09,1087.0,ASK
869,1712694572.0162778,115419707.94965392,989.1,-8.914650931437833e-09,1087.0,ASK
870,1712694572.0199108,115421623.03503162,990.2,-1.5690435863633546e-08,1087.0,ASK
871,1712694572.0232332,115422434.59567556,988.8,-6.649176262198951e-09,1087.0,ASK
872,1712694572.0265863,115429159.59567556,989.1,-5.5098421413481807e-08,1087.0,ASK
873,1712694572.0299995,115429361.86104774,988.8,-1.6571751246524135e-09,1087.0,ASK
1074,1712694582.9374423,115429412.33550766,990.6,4.135409759240336e-10,1087.0,BID
874,1712694582.9374423,115429412.33550766,990.6,4.1354097592403354e-10,1087.0,BID
875,1712694595.877334,115429513.23397829,990.6,8.26668617645581e-10,1087.0,BID
876,1712694600.3574302,115429513.23397829,990.6,0.0,1087.0,BID
877,1712694620.1139126,115429624.99478242,990.6,9.15993694916251e-10,1087.0,BID
878,1712694626.1377048,115429630.99478242,989.1,-4.9176115110014916e-11,1087.0,ASK
879,1712694630.26043,115429630.99478242,989.1,-0.0,1087.0,ASK
880,1712694631.387436,115429884.78547329,989.1,-2.0800713826189723e-09,1087.0,ASK
881,1712694651.887576,115429935.33647925,989.1,-4.1431661856892254e-10,1087.0,ASK
882,1712694660.170531,115429935.33647925,989.1,-0.0,1087.0,ASK
883,1712694664.0977955,115430045.96190695,990.6,9.066850241794236e-10,1087.0,BID
884,1712694687.2572558,115430146.9108268,990.6,8.27376451358403e-10,1087.0,BID
885,1712694690.2234406,115430146.9108268,990.6,0.0,1087.0,BID
886,1712694706.4574237,115430646.9108268,990.3,-4.097988524774373e-09,1087.0,ASK
887,1712694713.811799,115430799.2831264,990.6,1.2488398706033803e-09,1087.0,BID
888,1712694713.8193104,115430899.2831264,990.5,8.195977049548746e-10,1087.0,BID
889,1712694720.2587984,115430899.2831264,990.5,0.0,1087.0,BID
890,1712694722.7880268,115431370.104651,989.2,-3.858818843710593e-09,1087.0,ASK
891,1712694746.7891235,115431377.85948928,990.0,-6.355808847121793e-11,1087.0,ASK
892,1712694750.2601757,115431377.85948928,990.0,-0.0,1087.0,ASK
893,1712694751.230358,115431893.3854527,990.0,-4.225196766506135e-09,1087.0,ASK
894,1712694751.2377424,115433917.0745105,990.0,-1.6585943425328742e-08,1087.0,ASK
895,1712694777.4380553,115434990.53909685,990.5,8.798003245312833e-09,1087.0,BID
896,1712694780.2029612,115434990.53909685,990.5,0.0,1087.0,BID
897,1712694781.3181028,115435214.4346591,990.5,1.8349707662932662e-09,1087.0,BID
898,1712694781.3415475,115435737.7154608,990.0,-4.288628876701756e-09,1087.0,ASK
1099,1712694781.3473155,115435835.44137916,990.0,-8.0092790362775e-10,1087.0,ASK
899,1712694781.3473155,115435835.44137916,990.0,-8.009279036277501e-10,1087.0,ASK
900,1712694781.3530655,115436080.98992445,990.0,-2.0124311430187224e-09,1087.0,ASK
901,1712694781.357189,115436850.15929332,989.6,-6.303846722067951e-09,1087.0,ASK
902,1712694781.4581828,115438304.25359648,990.5,1.1917255128942693e-08,1087.0,BID
903,1712694781.4651537,115439120.64369284,990.6,6.690851509486773e-09,1087.0,BID
904,1712694781.5982168,115439417.34369282,990.6,2.4316508145071794e-09,1087.0,BID
905,1712694782.771634,115439527.72475643,990.6,9.046451069935159e-10,1087.0,BID
1106,1712694788.4082923,115440356.81565508,990.6,6.79494290206415e-09,1087.0,BID
906,1712694788.4082923,115440356.81565508,990.6,6.7949429020641504e-09,1087.0,BID
907,1712694788.4151487,115442620.98338756,990.6,1.855633741528976e-08,1087.0,BID
908,1712694788.8743403,115444323.46296155,990.6,1.3952935095897556e-08,1087.0,BID
909,1712694795.5611434,115444520.4496937,990.5,1.614435280333772e-09,1087.0,BID
910,1712694795.6181126,115444650.14827973,990.5,1.0629648546589626e-09,1087.0,BID
911,1712694795.7281096,115444814.16762184,990.5,1.344245928047422e-09,1087.0,BID
912,1712694795.8380685,115444946.68979278,990.5,1.0861059822516102e-09,1087.0,BID
913,1712694795.8881805,115445057.07695086,990.5,9.046950551716355e-10,1087.0,BID
914,1712694796.418326,115445231.58334662,990.5,1.4301942008653615e-09,1087.0,BID
915,1712694796.558297,115445444.9053975,990.5,1.7483139157605395e-09,1087.0,BID
916,1712694797.2691894,115445615.54658854,990.5,1.398516316773314e-09,1087.0,BID
917,1712694797.3682828,115445754.03797744,990.5,1.135027632758595e-09,1087.0,BID
918,1712694797.9682903,115445990.43797743,990.5,1.9374528228879434e-09,1087.0,BID
919,1712694800.218064,115446437.43797743,990.5,3.663457749000273e-09,1087.0,BID
920,1712694801.94858,115447518.845794,990.6,8.862845291851014e-09,1087.0,BID
921,1712694801.9559562,115453296.42246038,990.6,4.735102462831424e-08,1087.0,BID
922,1712694801.9618745,115456227.38236006,990.5,2.40211359205536e-08,1087.0,BID
923,1712694802.0280998,115458243.12115093,990.6,1.6520299537745167e-08,1087.0,BID
924,1712694802.1483195,115458973.37041312,990.6,5.984870958052254e-09,1087.0,BID
925,1712694802.1882,115459467.38241269,990.6,4.0487518746096645e-09,1087.0,BID
926,1712694802.2481396,115459562.78638303,990.6,7.81898019023498e-10,1087.0,BID
927,1712694804.008407,115464192.45348048,990.6,3.794315392244535e-08,1087.0,BID
928,1712694810.16017,115464192.45348048,990.6,0.0,1087.0,BID
929,1712694811.9885285,115464973.55898274,990.5,-6.400153905932241e-09,1087.0,ASK
930,1712694818.088545,115464983.55898274,990.5,8.193712484766959e-11,1087.0,BID
931,1712694819.2981956,115465152.40669332,990.5,1.383489594078567e-09,1087.0,BID
932,1712694825.7884564,115465546.38468468,990.5,3.228142386508912e-09,1087.0,BID
933,1712694836.4888403,115466024.22880104,990.6,3.915317301990951e-09,1087.0,BID
934,1712694837.5885036,115466031.22880104,990.6,5.735598739336871e-11,1087.0,BID
1134,1712694837.5885036,115466031.22880104,990.6,5.7355987393368706e-11,1087.0,BID
935,1712694840.2746444,115466031.22880104,990.6,0.0,1087.0,BID
936,1712694842.978633,115467123.3204339,990.6,8.948151307586734e-09,1087.0,BID
937,1712694845.9085443,115467850.4304339,990.6,5.957641374963038e-09,1087.0,BID
938,1712694846.813011,115468467.9504339,990.6,5.059705824215502e-09,1087.0,BID
939,1712694850.4687495,115468639.1959231,990.6,1.403115363278549e-09,1087.0,BID
940,1712694862.9394188,115468792.22477756,990.6,1.2538557231945724e-09,1087.0,BID
941,1712694862.9790587,115469377.15399677,990.6,4.79267032187811e-09,1087.0,BID
1142,1712694865.0899577,115469867.050264,990.6,4.0140092572436984e-09,1087.0,BID
942,1712694865.0899577,115469867.050264,990.6,4.014009257243698e-09,1087.0,BID
943,1712694865.101692,115469892.0128765,990.6,2.0453341738560086e-10,1087.0,BID
944,1712694865.1493323,115470084.61041407,990.6,1.578065297666902e-09,1087.0,BID
945,1712694870.2684145,115470084.61041407,990.6,0.0,1087.0,BID
946,1712694881.4391482,115470244.74496038,990.6,1.312033685020267e-09,1087.0,BID
947,1712694882.4987488,115470415.90559714,990.6,1.402373979534188e-09,1087.0,BID
948,1712694882.5387795,115470549.46674883,990.6,1.0943093422156631e-09,1087.0,BID
949,1712694882.6410882,115470683.61545208,990.6,1.099123340333427e-09,1087.0,BID
950,1712694883.149002,115470853.81783138,990.6,1.3945226690898531e-09,1087.0,BID
951,1712694883.162067,115471020.20329098,990.6,1.3632494219768975e-09,1087.0,BID
952,1712694884.9890704,115471113.54027566,990.6,7.647398439581947e-10,1087.0,BID
953,1712694884.9938114,115471191.32919548,990.6,6.373495629734342e-10,1087.0,BID
954,1712694886.6012692,115471265.19329356,990.6,6.051922401321812e-10,1087.0,BID
955,1712694886.606071,115471317.30259798,990.6,4.26948240015704e-10,1087.0,BID
956,1712694886.6189194,115471444.42146055,990.6,1.041525601664086e-09,1087.0,BID
957,1712694892.8590815,115471556.61139348,990.6,9.192080941506704e-10,1087.0,BID
958,1712694893.3891172,115471584.96586911,990.6,2.3231731083358407e-10,1087.0,BID
959,1712694893.396759,115471723.16704564,990.6,1.1323265534373874e-09,1087.0,BID
960,1712694897.6990676,115472018.55008142,990.6,2.4201679265165807e-09,1087.0,BID
961,1712694900.1821997,115472018.55008142,990.6,0.0,1087.0,BID
962,1712694903.1099503,115472351.41847458,990.6,2.728822218118248e-09,1087.0,BID
963,1712694930.1727085,115472351.41847458,990.6,0.0,1087.0,BID
964,1712694930.2851586,115472522.58407798,990.6,1.403194921852623e-09,1087.0,BID
965,1712694930.3102646,115472691.741501,990.6,1.386732101775798e-09,1087.0,BID
966,1712694932.0498576,115472816.88629806,990.6,1.025921915735724e-09,1087.0,BID
967,1712694934.029131,115472826.88629806,990.0,-8.19787909478168e-11,1087.0,ASK
968,1712694934.0389762,115472837.18932836,990.0,-8.446299668599145e-11,1087.0,ASK
969,1712694946.199216,115473170.93862318,990.6,2.7360363668820822e-09,1087.0,BID
970,1712694950.479342,115473300.74131964,990.6,1.064106811686411e-09,1087.0,BID
971,1712694960.266712,115473300.74131964,990.6,0.0,1087.0,BID
972,1712694986.8495736,115473657.36169931,990.6,2.9235082175552502e-09,1087.0,BID
973,1712694990.261569,115473657.36169931,990.6,0.0,1087.0,BID
974,1712695005.8598833,115473835.27277462,990.6,1.458478017512145e-09,1087.0,BID
975,1712695014.5401294,115473840.32577816,990.5,-4.142347273736412e-11,1087.0,ASK
976,1712695015.519635,115474049.83928251,990.5,1.717548162444584e-09,1087.0,BID
977,1712695020.1550224,115474049.83928251,990.5,0.0,1087.0,BID
978,1712695022.9897604,115474181.12450278,990.6,1.0762455187747023e-09,1087.0,BID
979,1712695044.5199716,115474214.97562727,990.6,2.775035985460332e-10,1087.0,BID
980,1712695044.5281837,115474927.88759148,990.6,5.8442854815840405e-09,1087.0,BID
981,1712695048.5298946,115475111.50810868,990.6,-1.505278038045287e-09,1087.0,ASK
982,1712695050.1822758,115475111.50810868,990.6,-0.0,1087.0,ASK
983,1712695070.66006,115475268.25929144,990.6,1.2849984423045811e-09,1087.0,BID
984,1712695080.2754626,115475268.25929144,990.6,0.0,1087.0,BID
985,1712695082.523057,115475384.2015224,990.6,9.50457878227426e-10,1087.0,BID
986,1712695082.820912,115475549.6564992,990.6,1.356347767669839e-09,1087.0,BID
987,1712695110.2624826,115475549.6564992,990.6,0.0,1087.0,BID
988,1712695130.360449,115475967.54769492,990.5,3.425732524113168e-09,1087.0,BID
989,1712695134.1502762,115476018.02725068,990.5,4.1381454736042814e-10,1087.0,BID
990,1712695138.43037,115476160.79282583,990.5,1.170344527669813e-09,1087.0,BID
991,1712695140.1919253,115476160.79282583,990.5,0.0,1087.0,BID
992,1712695146.7802906,115478011.8805763,990.5,-1.5174524156385336e-08,1087.0,ASK
993,1712695170.168975,115478011.8805763,990.5,-0.0,1087.0,ASK
994,1712695180.240969,115478016.93357985,990.5,-4.142200806798432e-11,1087.0,ASK
995,1712695180.2507944,115478176.3075275,990.5,-1.306468301616804e-09,1087.0,ASK
996,1712695182.4310918,115478181.36155152,990.3,-4.1430373546307934e-11,1087.0,ASK
997,1712695182.4384089,115478186.41608596,990.2,-4.1434557629145076e-11,1087.0,ASK
1197,1712695182.4384089,115478186.41608596,990.2,-4.143455762914508e-11,1087.0,ASK
998,1712695182.4449978,115478566.66760112,990.0,-3.117112667807314e-09,1087.0,ASK
999,1712695182.4486928,115478571.72264604,990.1,-4.1438742444896034e-11,1087.0,ASK
1000,1712695182.4524188,115478699.5883292,990.0,-1.048179230995566e-09,1087.0,ASK
1201,1712695191.4405775,115478820.5415018,990.3,9.91513909952091e-10,1087.0,BID
1202,1712695191.560418,115478942.00964892,990.5,9.95735414635889e-10,1087.0,BID
1203,1712695198.5405586,115479293.76713715,990.5,2.883532816807474e-09,1087.0,BID
1204,1712695200.2077904,115479293.76713715,990.5,0.0,1087.0,BID
1205,1712695204.8004274,115479393.76713715,990.0,-8.20211273344827e-10,1087.0,ASK
1206,1712695214.0606885,115479715.98159447,990.5,2.6428393033928473e-09,1087.0,BID
1207,1712695214.063525,115482659.2943043,990.5,2.4141382655639226e-08,1087.0,BID
1208,1712695228.110664,115483142.6159903,990.5,-3.964258955089271e-09,1087.0,ASK
1209,1712695230.1751163,115483142.6159903,990.5,-0.0,1087.0,ASK
1210,1712695233.030656,115484436.78723957,990.5,-1.0614606581356841e-08,1087.0,ASK
1211,1712695234.6505735,115485006.55794989,990.5,-4.673177475568836e-09,1087.0,ASK
1212,1712695260.2664225,115485006.55794989,990.5,-0.0,1087.0,ASK
1213,1712695268.010497,115485199.9981316,990.5,1.586544543865465e-09,1087.0,BID
1214,1712695268.2104616,115485250.47768736,990.5,4.140197919266672e-10,1087.0,BID
1215,1712695271.640571,115485372.4484092,990.5,1.0003711820886042e-09,1087.0,BID
1216,1712695287.883368,115485783.89443026,990.5,3.374570029852659e-09,1087.0,BID
1217,1712695290.2710428,115485783.89443026,990.5,0.0,1087.0,BID
1218,1712695299.5671685,115485788.94845428,990.3,-4.145148921963146e-11,1087.0,ASK
1219,1712695299.570172,115485794.00298873,990.2,-4.145567543495545e-11,1087.0,ASK
1220,1712695299.5731962,115485799.05803366,990.1,-4.145986238356679e-11,1087.0,ASK
1221,1712695299.5747502,115486161.21783008,990.0,-2.9703188629383404e-09,1087.0,ASK
1222,1712695299.6004512,115486684.4986318,990.0,-4.2917818355689405e-09,1087.0,ASK
1223,1712695299.7003767,115487061.82203162,990.0,-3.0946858899764943e-09,1087.0,ASK
1224,1712695300.7407205,115487088.36684532,990.0,-2.1771207529205502e-10,1087.0,ASK
1225,1712695300.751989,115487189.37694632,990.0,-8.28452554148611e-10,1087.0,ASK
1226,1712695300.9711225,115487511.07153209,990.0,2.6384361421261404e-09,1087.0,BID
1227,1712695305.36069,115487627.60075064,990.0,9.557353947360683e-10,1087.0,BID
1228,1712695305.5005894,115487744.06326006,990.0,9.551882676491852e-10,1087.0,BID
1229,1712695314.092039,115488384.66677152,990.4,5.2540251913121295e-09,1087.0,BID
1230,1712695314.094923,115488753.14983238,990.0,3.0221802562003474e-09,1087.0,BID
1231,1712695320.178257,115488753.14983238,990.0,0.0,1087.0,BID
1232,1712695323.9507318,115489005.7530758,990.0,2.0717210896322004e-09,1087.0,BID
1233,1712695324.230702,115489197.39694571,990.0,1.57176385240022e-09,1087.0,BID
1234,1712695344.301268,115489202.453012,989.9,-4.146723913295531e-11,1087.0,ASK
1235,1712695344.3048437,115489232.7591035,989.9,-2.485548803297441e-10,1087.0,ASK
1236,1712695344.307469,115489333.7794086,989.9,-8.285162679694997e-10,1087.0,ASK
1237,1712695346.1419888,115489517.43944386,989.9,1.506284571909907e-09,1087.0,BID
1238,1712695346.2415905,115489700.3085972,989.9,1.499798167680131e-09,1087.0,BID
1239,1712695347.8784432,115489849.23478372,989.9,1.2214155179544659e-09,1087.0,BID
1240,1712695350.1883118,115489849.23478372,989.9,0.0,1087.0,BID
1241,1712695350.2518437,115490019.57661378,989.9,1.3970431120667275e-09,1087.0,BID
1242,1712695351.7406564,115490164.7766138,989.9,1.190844666896777e-09,1087.0,BID
1243,1712695351.7805128,115490301.05646025,989.9,1.1176868343036e-09,1087.0,BID
1244,1712695363.930859,115490331.36255176,989.9,2.4855266843673864e-10,1087.0,BID
1245,1712695380.253017,115490331.36255176,989.9,0.0,1087.0,BID
1246,1712695380.9909823,115490336.418618,989.9,4.1466707806875085e-11,1087.0,BID
1247,1712695400.371551,115490343.418618,989.9,5.740964214795512e-11,1087.0,BID
1248,1712695400.3752656,115493608.72834986,989.9,2.6780037601155374e-08,1087.0,BID
1249,1712695400.6508524,115494511.53512712,989.9,-7.40425914453453e-09,1087.0,ASK
1250,1712695404.45144,115496186.30290942,989.9,-1.3735402723136104e-08,1087.0,ASK
1251,1712695408.0207782,115496502.20025896,989.9,-2.590793398910472e-09,1087.0,ASK
1252,1712695410.264692,115496502.20025896,989.9,-0.0,1087.0,ASK
1253,1712695423.271057,115496508.25541908,989.9,4.965816587815096e-11,1087.0,BID
1254,1712695433.6910648,115496518.198842,989.8,-8.154567916317496e-11,1087.0,ASK
1255,1712695433.701939,115496523.25541908,989.8,-4.14688197756778e-11,1087.0,ASK
1256,1712695440.1798935,115496523.25541908,989.8,-0.0,1087.0,ASK
1257,1712695446.171111,115496533.27545916,989.8,-8.217399994061357e-11,1087.0,ASK
1258,1712695460.9016302,115496866.74207036,989.8,-2.7347480719473682e-09,1087.0,ASK
1259,1712695460.905687,115496871.79864743,989.8,-4.146881256577499e-11,1087.0,ASK
1260,1712695460.9092216,115496876.85573544,989.7,-4.147300269324578e-11,1087.0,ASK
1261,1712695460.9127347,115496881.91333446,989.6,-4.147719355394e-11,1087.0,ASK
1262,1712695460.9149818,115497432.02693222,989.4,-4.511462468155918e-09,1087.0,ASK
1263,1712695460.9165463,115497827.44670844,989.5,-3.242823821742314e-09,1087.0,ASK
1264,1712695464.990852,115498204.77010824,989.9,3.094416068954211e-09,1087.0,BID
1265,1712695470.174582,115498204.77010824,989.9,0.0,1087.0,BID
1266,1712695472.301009,115498214.77924652,989.9,8.208347440125175e-11,1087.0,BID
1267,1712695475.790882,115498472.487586,989.9,2.113428280608811e-09,1087.0,BID
1268,1712695484.0612528,115499012.78520285,989.9,4.43090148214349e-09,1087.0,BID
1269,1712695484.0649822,115499614.785844,989.9,4.9369189314631815e-09,1087.0,BID
1270,1712695500.2811146,115499614.785844,989.9,0.0,1087.0,BID
1271,1712695510.2715993,115499750.81677929,989.9,1.117173188825161e-09,1087.0,BID
1272,1712695510.510794,115499907.267,989.9,1.2848694425484942e-09,1087.0,BID
1273,1712695510.5311108,115500430.5478017,989.9,4.297517183963926e-09,1087.0,BID
1274,1712695510.651025,115500528.5492232,989.9,8.048504581671402e-10,1087.0,BID
1275,1712695510.654145,115500693.82580304,989.9,1.357357158038326e-09,1087.0,BID
1276,1712695511.3212144,115500877.28165913,990.0,1.5066570213625015e-09,1087.0,BID
1277,1712695511.3239274,115501217.10660473,989.9,2.7908601626014246e-09,1087.0,BID
1278,1712695515.591108,115501222.16471487,989.5,-4.154044101680534e-11,1087.0,ASK
1279,1712695515.594432,115501267.5861605,989.4,-3.7303001075499504e-10,1087.0,ASK
1280,1712695526.570988,115501748.35539123,989.4,-3.9483849282762414e-09,1087.0,ASK
1281,1712695529.9409733,115502534.24646084,989.4,-6.4542409454510014e-09,1087.0,ASK
1282,1712695530.1762874,115502534.24646084,989.4,-0.0,1087.0,ASK
1283,1712695536.2090082,115502916.6445015,990.0,3.140423174375216e-09,1087.0,BID
1284,1712695543.3512158,115502921.70312288,989.4,-4.1543653765138514e-11,1087.0,ASK
1285,1712695543.355243,115503377.5931241,989.4,-3.743971915512874e-09,1087.0,ASK
1286,1712695560.2706945,115503377.5931241,989.4,-0.0,1087.0,ASK
1287,1712695590.2636805,115503377.5931241,989.4,-0.0,1087.0,ASK
1288,1712695593.771108,115503382.64107966,990.5,4.1455777149715196e-11,1087.0,BID
1289,1712695614.9010527,115509967.51926146,989.9,5.407758434919669e-08,1087.0,BID
1290,1712695616.5713272,115510344.8426613,990.0,3.098726721819378e-09,1087.0,BID
1291,1712695616.651077,115510972.36633287,990.0,-5.153468802824281e-09,1087.0,ASK
1292,1712695619.741716,115512058.48098034,990.0,-8.919596511809578e-09,1087.0,ASK
1293,1712695619.75097,115512991.54856408,990.0,-7.662714414770405e-09,1087.0,ASK
1294,1712695620.1892052,115512991.54856408,990.0,-0.0,1087.0,ASK
1295,1712695627.571633,115512996.60565206,989.7,-4.152753048683787e-11,1087.0,ASK
1296,1712695627.575724,115514226.03873035,989.4,-1.009579421306528e-08,1087.0,ASK
1297,1712695627.5810118,115514231.09684052,989.5,-4.1535924207270936e-11,1087.0,ASK
1298,1712695631.9711523,115517541.09684052,989.4,-2.7180884779305493e-08,1087.0,ASK
1299,1712695639.3348663,115518443.41403677,989.4,-7.409601131618186e-09,1087.0,ASK
1300,1712695639.451025,115521363.8603192,989.4,-2.3981967947710336e-08,1087.0,ASK
1301,1712695639.551127,115522870.40778077,989.4,-1.2371387603465428e-08,1087.0,ASK
1302,1712695639.6112576,115523195.36754578,989.4,-2.6684875923982327e-09,1087.0,ASK
1303,1712695639.6150944,115524284.30660164,989.4,-8.942092751969041e-09,1087.0,ASK
1304,1712695640.2009797,115525016.92348622,989.4,-6.0160649930476255e-09,1087.0,ASK
1305,1712695640.261237,115525021.9821076,989.4,-4.154012229113324e-11,1087.0,ASK
1306,1712695640.265045,115525790.8540632,989.4,-6.313782488004304e-09,1087.0,ASK
1307,1712695640.3412707,115525942.47642244,989.3,-1.2450845548738402e-09,1087.0,ASK
1308,1712695640.345117,115525947.53555515,989.3,-4.1544321231547557e-11,1087.0,ASK
1309,1712695640.361169,115526470.81635684,989.2,-4.297049902776832e-09,1087.0,ASK
1310,1712695640.4211257,115528589.909385,989.2,-1.7401457231115042e-08,1087.0,ASK
1311,1712695640.4612114,115529113.19018672,989.2,-4.297049902776832e-09,1087.0,ASK
1312,1712695640.480976,115529280.93922308,989.2,-1.3775127581446883e-09,1087.0,ASK
1313,1712695640.5011272,115529436.90413916,989.2,-1.280744535705719e-09,1087.0,ASK
1314,1712695640.5043316,115545708.76807553,989.2,-1.3362044072485465e-07,1087.0,ASK
1315,1712695640.5074978,115545713.82771967,989.2,-4.154852102851392e-11,1087.0,ASK
1316,1712695640.561109,115545763.72170158,989.2,-4.0971678951894487e-10,1087.0,ASK
1317,1712695640.6009402,115546567.77030437,989.2,-6.602644238363069e-09,1087.0,ASK
1318,1712695640.6030464,115548595.36197028,989.1,-1.665007113333968e-08,1087.0,ASK
1319,1712695640.6411874,115549118.642772,989.1,-4.297049902776832e-09,1087.0,ASK
1320,1712695640.6815047,115549399.41057308,989.1,-2.3055943355862366e-09,1087.0,ASK
1321,1712695640.6854217,115549495.96617182,989.0,-7.92890212821726e-10,1087.0,ASK
1322,1712695640.701049,115549501.02683917,989.0,-4.1556923314467286e-11,1087.0,ASK
1323,1712695640.704254,115550637.70025964,989.0,-9.334075309122664e-09,1087.0,ASK
1324,1712695650.1744597,115550637.70025964,989.0,-0.0,1087.0,ASK
1325,1712695676.7923083,115550642.76092696,989.0,4.154421818972793e-11,1087.0,BID
1326,1712695676.9013205,115550647.83299848,989.0,4.163783786085932e-11,1087.0,BID
1327,1712695676.9055614,115550844.98539612,989.0,1.618470782624384e-09,1087.0,BID
1328,1712695679.9712863,115551368.26619782,989.0,4.2957361859511905e-09,1087.0,BID
1329,1712695680.297951,115551368.26619782,989.0,0.0,1087.0,BID
1330,1712695696.6912987,115552779.20957495,989.0,1.1582700056016457e-08,1087.0,BID
1331,1712695710.258638,115552779.20957495,989.0,0.0,1087.0,BID
1332,1712695740.1701777,115552779.20957495,989.0,0.0,1087.0,BID
1333,1712695770.1798258,115552779.20957495,989.0,0.0,1087.0,BID
1334,1712695800.2246602,115552779.20957495,989.0,0.0,1087.0,BID
1335,1712695802.1514854,115553026.81074908,989.0,2.036480312522478e-09,1087.0,BID
1336,1712695818.4312422,115553145.84492502,989.0,9.790371820910501e-10,1087.0,BID
1337,1712695820.8414347,115556113.00807504,989.0,2.440444541609793e-08,1087.0,BID
1338,1712695820.8464696,115557190.33430824,989.0,8.860837077175455e-09,1087.0,BID
1339,1712695830.1739902,115557190.33430824,989.0,0.0,1087.0,BID
1340,1712695833.142231,115557629.69159374,989.0,3.6135141987292156e-09,1087.0,BID
1341,1712695833.1465878,115557894.01727831,989.0,2.173958747998404e-09,1087.0,BID
1342,1712695845.8752823,115558474.91577892,989.6,4.777626431365251e-09,1087.0,BID
1343,1712695845.8809862,115558904.52657498,989.6,-3.533353748046109e-09,1087.0,ASK
1344,1712695860.270796,115558904.52657498,989.6,-0.0,1087.0,ASK
1345,1712695890.2746837,115558904.52657498,989.6,-0.0,1087.0,ASK
1346,1712695901.2009902,115558909.58621916,989.2,4.1612695658144875e-11,1087.0,BID
1347,1712695906.421055,115558914.6458633,989.2,4.161269553559131e-11,1087.0,BID
1348,1712695907.044194,115558919.70653065,989.0,-4.1621110676891306e-11,1087.0,ASK
1349,1712695907.0476182,115560576.31652212,989.0,-1.3624675013505004e-08,1087.0,ASK
1350,1712695910.1510704,115560581.37718946,989.0,4.1621110676891306e-11,1087.0,BID
1351,1712695911.2410748,115560682.42811912,989.0,8.31086425638942e-10,1087.0,BID
1352,1712695914.0509784,115560687.48878646,989.0,4.1621110676891306e-11,1087.0,BID
1353,1712695918.4209962,115560933.82809448,989.0,2.026000707535757e-09,1087.0,BID
1354,1712695918.42552,115561287.2581687,989.0,2.9067613535542723e-09,1087.0,BID
1355,1712695920.1898692,115561287.2581687,989.0,0.0,1087.0,BID
1356,1712695926.971339,115561791.52139205,989.0,-4.147197844491529e-09,1087.0,ASK
1357,1712695927.9712253,115565791.52139205,989.0,-3.2897087492836166e-08,1087.0,ASK
1358,1712695928.0740058,115565796.58205938,989.0,-4.162030403102636e-11,1087.0,ASK
1359,1712695928.0809932,115565961.51254556,989.0,-1.356433158462671e-09,1087.0,ASK
1360,1712695936.4211178,115565966.5732129,989.0,-4.162030415357756e-11,1087.0,ASK
1361,1712695950.1760108,115565966.5732129,989.0,-0.0,1087.0,ASK
1362,1712695958.1610014,115565972.63994697,989.0,4.989257135422764e-11,1087.0,BID
1363,1712695961.991036,115565977.7006143,989.0,4.1618719996092365e-11,1087.0,BID
1364,1712695965.4209006,115565982.76128164,989.0,4.161872011863891e-11,1087.0,BID
1365,1712695967.7510574,115566119.494042,989.0,1.124484596534428e-09,1087.0,BID
1366,1712695973.451074,115566124.55470936,989.0,4.1618719996092365e-11,1087.0,BID
1367,1712695976.6410286,115566129.6153767,989.0,4.161872011863891e-11,1087.0,BID
1368,1712695980.2799664,115566129.6153767,989.0,0.0,1087.0,BID
1369,1712695981.440903,115566652.8961784,989.0,4.3034340807509595e-09,1087.0,BID
1370,1712695987.8210845,115566966.5732129,989.0,2.579663607544565e-09,1087.0,BID
1371,1712695987.8249838,115566970.22992808,989.0,3.0072635375274546e-11,1087.0,BID
1372,1712695990.191512,115566975.29110716,988.9,-4.16228732930516e-11,1087.0,ASK
1373,1712695990.1954508,115566995.52775764,988.8,-1.6642516029042108e-10,1087.0,ASK
1374,1712695990.1989827,115567005.64102624,988.8,-8.31709946458656e-11,1087.0,ASK
1375,1712695990.2020557,115568821.37858623,988.8,-1.4932531199541492e-08,1087.0,ASK
1376,1712695994.4809618,115568826.44027716,988.8,4.162708276100456e-11,1087.0,BID
1377,1712695998.424295,115568831.50196812,988.8,4.162708288355093e-11,1087.0,BID
1378,1712696001.4112532,115568836.56468306,988.6,-4.1635504270384346e-11,1087.0,ASK
1379,1712696001.4158642,115568846.67999764,988.6,-8.318782063067916e-11,1087.0,ASK
1380,1712696001.4197571,115568861.856492,988.7,-1.2481069992850308e-10,1087.0,ASK
1381,1712696001.4229162,115570232.98711374,988.6,-1.1276106877161253e-08,1087.0,ASK
1382,1712696002.391037,115570238.04880469,988.8,4.162708288355093e-11,1087.0,BID
1383,1712696002.4107828,115572911.02196556,988.6,-2.1982392169014632e-08,1087.0,ASK
1384,1712696010.263829,115572911.02196556,988.6,-0.0,1087.0,ASK
1385,1712696015.0910697,115572916.08468053,988.6,4.1633208737415774e-11,1087.0,BID
1386,1712696018.8510618,115572921.14739548,988.6,4.163320861487616e-11,1087.0,BID
1387,1712696022.1012428,115573391.3024928,988.6,3.866317863895929e-09,1087.0,BID
1388,1712696022.1051989,115573952.02980527,988.6,4.6111379784094495e-09,1087.0,BID
1389,1712696022.108727,115574283.1338199,988.8,2.722832048039103e-09,1087.0,BID
1390,1712696040.2158568,115574283.1338199,988.8,0.0,1087.0,BID
1391,1712696067.0010042,115574288.19146553,988.8,4.1591057159576425e-11,1087.0,BID
1392,1712696070.1850865,115574288.19146553,988.8,0.0,1087.0,BID
1393,1712696080.080839,115576596.80240808,988.8,1.8984636859567103e-08,1087.0,BID
1394,1712696100.265427,115576596.80240808,988.8,0.0,1087.0,BID
1395,1712696130.266208,115576596.80240808,988.8,0.0,1087.0,BID
1396,1712696131.1206992,115578715.89543624,988.8,1.74319890327231e-08,1087.0,BID
1397,1712696139.2125998,115579222.7909639,988.8,4.169801496125512e-09,1087.0,BID
1398,1712696139.216799,115579455.65462685,988.8,1.9155727307089883e-09,1087.0,BID
1399,1712696139.221216,115579843.08368604,988.8,3.187051734571801e-09,1087.0,BID
1400,1712696139.2232192,115583772.52974042,988.8,3.232423476210749e-08,1087.0,BID
1401,1712696143.9109845,115584396.42754208,988.8,5.1322804103025686e-09,1087.0,BID
1402,1712696147.3206763,115585503.69933994,988.8,-9.108590128084869e-09,1087.0,ASK
1403,1712696155.450956,115585551.80181213,989.0,3.956984221356041e-10,1087.0,BID
1404,1712696155.4557064,115585723.69886024,988.8,1.414051869104092e-09,1087.0,BID
1405,1712696160.1681063,115585723.69886024,988.8,0.0,1087.0,BID
1406,1712696170.080747,115586128.02744026,988.8,3.325822918918623e-09,1087.0,BID
1407,1712696171.341141,115586133.08407456,988.8,4.159357290294618e-11,1087.0,BID
1408,1712696187.0807724,115586315.84300236,988.8,1.503291779753488e-09,1087.0,BID
1409,1712696190.266889,115586315.84300236,988.8,0.0,1087.0,BID
1410,1712696193.3010712,115586530.0437941,988.8,1.7619097599838447e-09,1087.0,BID
1411,1712696196.69095,115586696.13634215,988.8,1.366195143899556e-09,1087.0,BID
1412,1712696196.710822,115586866.53634214,988.8,1.4016261128570602e-09,1087.0,BID
1413,1712696196.714973,115587098.88046788,988.8,1.9111478510158143e-09,1087.0,BID
1414,1712696196.7710388,115587381.76617776,988.8,2.326877922336283e-09,1087.0,BID
1415,1712696196.9601595,115587496.90774626,988.8,9.470975884275187e-10,1087.0,BID
1416,1712696198.2442498,115587650.03329356,988.8,1.2595350096140912e-09,1087.0,BID
1417,1712696210.2607124,115587772.83324192,988.8,1.0100916333045382e-09,1087.0,BID
1418,1712696215.2665002,115588432.83324192,988.8,5.428833535998809e-09,1087.0,BID
1419,1712696215.8006668,115588594.48894076,988.8,1.3296998168566435e-09,1087.0,BID
1420,1712696220.267475,115588594.48894076,988.8,0.0,1087.0,BID
1421,1712696221.420934,115588897.886999,988.8,2.495556103245021e-09,1087.0,BID
1422,1712696226.3553784,115589117.59711751,988.8,1.807193263974391e-09,1087.0,BID
1423,1712696226.370772,115589318.47378172,988.8,1.652281455878533e-09,1087.0,BID
1424,1712696226.4771338,115589436.37217309,988.8,9.69755877132371e-10,1087.0,BID
1425,1712696226.4905665,115589554.5966781,988.8,9.724382770451543e-10,1087.0,BID
1426,1712696226.5107152,115589556.08562334,988.8,1.2247100119350896e-11,1087.0,BID
1427,1712696226.5139587,115589769.3380556,988.8,1.754076515705165e-09,1087.0,BID
1428,1712696227.3507528,115589769.8513525,988.7,-4.2220480487282985e-12,1087.0,ASK
1429,1712696227.3606515,115589774.90950967,988.7,-4.160512787713599e-11,1087.0,ASK
1430,1712696247.240651,115589908.75605848,988.8,1.100935100602203e-09,1087.0,BID
1431,1712696247.2504957,115589927.1917762,988.8,1.5164028436436348e-10,1087.0,BID
1432,1712696250.2758431,115589927.1917762,988.8,0.0,1087.0,BID
1433,1712696268.1836574,115591343.13108784,988.8,1.1646474308331272e-08,1087.0,BID
1434,1712696268.2007463,115591484.20105451,988.8,1.160337684689099e-09,1087.0,BID
1435,1712696268.2608907,115591604.15170418,988.8,9.86625731823137e-10,1087.0,BID
1436,1712696271.390469,115591776.656125,988.8,1.4188943612079021e-09,1087.0,BID
1437,1712696271.570792,115591913.78510432,988.8,1.1279220242673068e-09,1087.0,BID
1438,1712696272.2305644,115592550.72381791,988.8,5.2389889190991375e-09,1087.0,BID
1439,1712696280.1739817,115592550.72381791,988.8,0.0,1087.0,BID
1440,1712696281.581072,115592566.9352425,988.7,-1.333403980339678e-10,1087.0,ASK
1441,1712696281.5905344,115592651.86673284,988.7,-6.985690039870701e-10,1087.0,ASK
1442,1712696286.3804812,115592772.61804576,988.8,9.93190205845767e-10,1087.0,BID
1443,1712696286.8260849,115592802.61804576,989.0,2.467526477404427e-10,1087.0,BID
1444,1712696288.050687,115593097.98755594,988.8,-2.4294402900286363e-09,1087.0,ASK
1445,1712696289.9007092,115593103.04419024,988.8,4.1591263340257366e-11,1087.0,BID
1446,1712696291.5348265,115593218.25097974,988.8,9.47586011629628e-10,1087.0,BID
1447,1712696291.7509725,115593564.83120383,988.8,2.8506529316785073e-09,1087.0,BID
1448,1712696300.0906568,115594036.67116337,988.5,-3.880925310808996e-09,1087.0,ASK
1449,1712696300.100777,115594836.17226124,988.7,-6.5759670925064764e-09,1087.0,ASK
1450,1712696300.1041458,115594841.23497622,988.6,-4.1641277405317135e-11,1087.0,ASK
1451,1712696300.1075509,115595644.95158248,988.5,-6.6106400210377795e-09,1087.0,ASK
1452,1712696300.110939,115595665.18016548,988.7,-1.6638188033066966e-10,1087.0,ASK
1453,1712696300.1143262,115595732.71366556,988.6,-5.55468998614883e-10,1087.0,ASK
1454,1712696310.1749344,115595732.71366556,988.6,-0.0,1087.0,ASK
