,time,acc_trade_volume,trade_price,dev,high,ask_bid
0,1712689619.1393,138580967.41172177,21.9,0.0,22.74,ASK
1,1712689620.3250144,138580967.41172177,21.9,-0.0,22.74,ASK
2,1712689650.3361876,138580967.41172177,21.9,-0.0,22.74,ASK
3,1712689680.3356287,138580967.41172177,21.9,-0.0,22.74,ASK
4,1712689710.3347747,138580967.41172177,21.9,-0.0,22.74,ASK
5,1712689740.516546,138580967.41172177,21.9,-0.0,22.74,ASK
6,1712689770.4955156,138580967.41172177,21.9,-0.0,22.74,ASK
7,1712689800.3348496,138580967.41172177,21.9,-0.0,22.74,ASK
8,1712689830.3365867,138580967.41172177,21.9,-0.0,22.74,ASK
9,1712689860.495194,138580967.41172177,21.9,-0.0,22.74,ASK
10,1712689890.4950745,138580967.41172177,21.9,-0.0,22.74,ASK
11,1712689920.3164055,138580967.41172177,21.9,-0.0,22.74,ASK
12,1712689950.3365738,138580967.41172177,21.9,-0.0,22.74,ASK
13,1712689980.485071,138580967.41172177,21.9,-0.0,22.74,ASK
14,1712690010.496608,138580967.41172177,21.9,-0.0,22.74,ASK
15,1712690040.3165095,138580967.41172177,21.9,-0.0,22.74,ASK
16,1712690070.31653,138580967.41172177,21.9,-0.0,22.74,ASK
17,1712690100.3568442,138580967.41172177,21.9,-0.0,22.74,ASK
18,1712690130.3149369,138580967.41172177,21.9,-0.0,22.74,ASK
19,1712690160.4865334,138580967.41172177,21.9,-0.0,22.74,ASK
20,1712690190.545187,138580967.41172177,21.9,-0.0,22.74,ASK
21,1712690217.7452276,138585560.88898405,21.9,-1.3368282761607092e-06,22.74,ASK
22,1712690220.3268845,138585560.88898405,21.9,-0.0,22.74,ASK
23,1712690250.3771155,138585560.88898405,21.9,-0.0,22.74,ASK
24,1712690280.476741,138585560.88898405,21.9,-0.0,22.74,ASK
25,1712690310.4966702,138585560.88898405,21.9,-0.0,22.74,ASK
26,1712690340.3250942,138585560.88898405,21.9,-0.0,22.74,ASK
27,1712690370.3365364,138585560.88898405,21.9,-0.0,22.74,ASK
28,1712690400.35503,138585560.88898405,21.9,-0.0,22.74,ASK
29,1712690430.331633,138585560.88898405,21.9,-0.0,22.74,ASK
30,1712690444.515225,138590098.0940657,22.04,1.3204289962588444e-06,22.74,BID
31,1712690460.486015,138590098.0940657,22.04,0.0,22.74,BID
32,1712690490.4967997,138590098.0940657,22.04,0.0,22.74,BID
33,1712690520.327401,138590098.0940657,22.04,0.0,22.74,BID
34,1712690533.4653509,138590554.50666267,21.91,-1.3282249274324466e-07,22.74,ASK
35,1712690533.4667716,138635718.5320219,21.91,-1.314336736178564e-05,22.74,ASK
36,1712690550.3451643,138635718.5320219,21.91,-0.0,22.74,ASK
37,1712690580.4774022,138635718.5320219,21.91,-0.0,22.74,ASK
38,1712690610.495407,138635718.5320219,21.91,-0.0,22.74,ASK
39,1712690640.316817,138635718.5320219,21.91,-0.0,22.74,ASK
40,1712690670.3273633,138635718.5320219,21.91,-0.0,22.74,ASK
41,1712690700.494871,138635718.5320219,21.91,-0.0,22.74,ASK
42,1712690730.4968886,138635718.5320219,21.91,-0.0,22.74,ASK
43,1712690760.2948856,138635718.5320219,21.91,-0.0,22.74,ASK
44,1712690790.3248224,138635718.5320219,21.91,-0.0,22.74,ASK
45,1712690820.494795,138635718.5320219,21.91,-0.0,22.74,ASK
46,1712690850.5147085,138635718.5320219,21.91,-0.0,22.74,ASK
47,1712690880.3347013,138635718.5320219,21.91,-0.0,22.74,ASK
48,1712690910.3147044,138635718.5320219,21.91,-0.0,22.74,ASK
49,1712690940.4870243,138635718.5320219,21.91,-0.0,22.74,ASK
50,1712690970.4947755,138635718.5320219,21.91,-0.0,22.74,ASK
51,1712691000.396447,138635718.5320219,21.91,-0.0,22.74,ASK
52,1712691030.3164248,138635718.5320219,21.91,-0.0,22.74,ASK
53,1712691060.4761224,138635718.5320219,21.91,-0.0,22.74,ASK
54,1712691090.5054646,138635718.5320219,21.91,-0.0,22.74,ASK
55,1712691120.3443692,138635718.5320219,21.91,-0.0,22.74,ASK
56,1712691150.3161116,138635718.5320219,21.91,-0.0,22.74,ASK
57,1712691180.465965,138635718.5320219,21.91,-0.0,22.74,ASK
58,1712691210.4867833,138635718.5320219,21.91,-0.0,22.74,ASK
59,1712691240.314577,138635718.5320219,21.91,-0.0,22.74,ASK
60,1712691270.324485,138635718.5320219,21.91,-0.0,22.74,ASK
61,1712691300.4766216,138635718.5320219,21.91,-0.0,22.74,ASK
62,1712691330.4882295,138635718.5320219,21.91,-0.0,22.74,ASK
63,1712691360.3364332,138635718.5320219,21.91,-0.0,22.74,ASK
64,1712691390.344605,138635718.5320219,21.91,-0.0,22.74,ASK
65,1712691420.4745145,138635718.5320219,21.91,-0.0,22.74,ASK
66,1712691450.495571,138635718.5320219,21.91,-0.0,22.74,ASK
67,1712691480.306085,138635718.5320219,21.91,-0.0,22.74,ASK
68,1712691510.3142838,138635718.5320219,21.91,-0.0,22.74,ASK
69,1712691540.476722,138635718.5320219,21.91,-0.0,22.74,ASK
70,1712691570.4865909,138635718.5320219,21.91,-0.0,22.74,ASK
71,1712691600.324352,138635718.5320219,21.91,-0.0,22.74,ASK
72,1712691630.3263395,138635718.5320219,21.91,-0.0,22.74,ASK
73,1712691660.484951,138635718.5320219,21.91,-0.0,22.74,ASK
74,1712691690.4943123,138635718.5320219,21.91,-0.0,22.74,ASK
75,1712691720.3257236,138635718.5320219,21.91,-0.0,22.74,ASK
76,1712691750.3164382,138635718.5320219,21.91,-0.0,22.74,ASK
77,1712691780.486814,138635718.5320219,21.91,-0.0,22.74,ASK
78,1712691810.5341575,138635718.5320219,21.91,-0.0,22.74,ASK
79,1712691840.3089185,138635718.5320219,21.91,-0.0,22.74,ASK
80,1712691870.316326,138635718.5320219,21.91,-0.0,22.74,ASK
81,1712691900.3572917,138635718.5320219,21.91,-0.0,22.74,ASK
82,1712691930.3268075,138635718.5320219,21.91,-0.0,22.74,ASK
83,1712691960.474229,138635718.5320219,21.91,-0.0,22.74,ASK
84,1712691990.4845364,138635718.5320219,21.91,-0.0,22.74,ASK
85,1712692020.31582,138635718.5320219,21.91,-0.0,22.74,ASK
86,1712692050.3060403,138635718.5320219,21.91,-0.0,22.74,ASK
87,1712692073.6644623,138636718.5320219,21.93,-2.918688276212972e-07,22.74,ASK
88,1712692073.6667626,138666996.45874217,21.92,-8.837182974646294e-06,22.74,ASK
89,1712692080.46726,138666996.45874217,21.92,-0.0,22.74,ASK
90,1712692110.4875882,138666996.45874217,21.92,-0.0,22.74,ASK
91,1712692140.3345325,138666996.45874217,21.92,-0.0,22.74,ASK
92,1712692170.3167996,138666996.45874217,21.92,-0.0,22.74,ASK
93,1712692200.349337,138666996.45874217,21.92,-0.0,22.74,ASK
94,1712692230.3263834,138666996.45874217,21.92,-0.0,22.74,ASK
95,1712692260.4762778,138666996.45874217,21.92,-0.0,22.74,ASK
96,1712692290.486426,138666996.45874217,21.92,-0.0,22.74,ASK
97,1712692320.3261273,138666996.45874217,21.92,-0.0,22.74,ASK
98,1712692350.3341477,138666996.45874217,21.92,-0.0,22.74,ASK
99,1712692380.4767897,138666996.45874217,21.92,-0.0,22.74,ASK
100,1712692410.4845085,138666996.45874217,21.92,-0.0,22.74,ASK
101,1712692440.2907634,138666996.45874217,21.92,-0.0,22.74,ASK
102,1712692470.316615,138666996.45874217,21.92,-0.0,22.74,ASK
103,1712692500.476303,138666996.45874217,21.92,-0.0,22.74,ASK
104,1712692530.494202,138666996.45874217,21.92,-0.0,22.74,ASK
105,1712692560.3291926,138666996.45874217,21.92,-0.0,22.74,ASK
106,1712692590.3044174,138666996.45874217,21.92,-0.0,22.74,ASK
107,1712692620.487352,138666996.45874217,21.92,-0.0,22.74,ASK
108,1712692625.314927,138667222.74833494,22.04,6.610922944119411e-08,22.74,BID
109,1712692650.4977648,138667222.74833494,22.04,0.0,22.74,BID
110,1712692660.9239254,138962605.50921592,22.04,8.629428344579575e-05,22.74,BID
111,1712692661.0036898,139236135.50921592,22.04,-7.991013179147465e-05,22.74,ASK
112,1712692661.6037848,139238342.69781592,22.04,-6.448167729862818e-07,22.74,ASK
113,1712692661.743721,139238610.43828776,22.04,-7.82187562265141e-08,22.74,ASK
114,1712692680.375596,139238610.43828776,22.04,-0.0,22.74,ASK
115,1712692686.633306,139997307.20701304,22.04,-0.0002208361887275,22.74,ASK
116,1712692710.3324342,139997307.20701304,22.04,-0.0,22.74,ASK
117,1712692740.464282,139997307.20701304,22.04,-0.0,22.74,ASK
118,1712692770.4806776,139997307.20701304,22.04,-0.0,22.74,ASK
119,1712692788.2813816,139997966.5952764,21.93,-1.910005149999656e-07,22.74,ASK
120,1712692788.2833571,139999422.59162843,21.93,-4.217485638405914e-07,22.74,ASK
121,1712692800.4164808,139999422.59162843,21.93,-0.0,22.74,ASK
122,1712692830.3117387,139999422.59162843,21.93,-0.0,22.74,ASK
123,1712692860.480089,139999422.59162843,21.93,-0.0,22.74,ASK
124,1712692890.4786215,139999422.59162843,21.93,-0.0,22.74,ASK
125,1712692920.31886,139999422.59162843,21.93,-0.0,22.74,ASK
126,1712692950.3189304,139999422.59162843,21.93,-0.0,22.74,ASK
127,1712692980.4881778,139999422.59162843,21.93,-0.0,22.74,ASK
128,1712693010.4712331,139999422.59162843,21.93,-0.0,22.74,ASK
129,1712693040.2920842,139999422.59162843,21.93,-0.0,22.74,ASK
130,1712693070.327032,139999422.59162843,21.93,-0.0,22.74,ASK
131,1712693099.1069949,139999878.58798045,22.04,1.32145620952664e-07,22.74,BID
132,1712693100.4788685,139999878.58798045,22.04,0.0,22.74,BID
133,1712693130.5061946,139999878.58798045,22.04,0.0,22.74,BID
134,1712693160.3213308,139999878.58798045,22.04,0.0,22.74,BID
135,1712693190.305525,139999878.58798045,22.04,0.0,22.74,BID
136,1712693220.4976406,139999878.58798045,22.04,0.0,22.74,BID
137,1712693250.4871829,139999878.58798045,22.04,0.0,22.74,BID
138,1712693271.1649275,140022564.61338878,22.04,6.574886041295932e-06,22.74,BID
139,1712693280.3146122,140022564.61338878,22.04,0.0,22.74,BID
140,1712693294.9649162,140072226.66723245,22.03,-1.4391019540262402e-05,22.74,ASK
141,1712693294.967608,140081110.64677244,22.03,-2.574390571073237e-06,22.74,ASK
142,1712693310.324474,140081110.64677244,22.03,-0.0,22.74,ASK
143,1712693340.4764931,140081110.64677244,22.03,-0.0,22.74,ASK
144,1712693370.4742007,140081110.64677244,22.03,-0.0,22.74,ASK
145,1712693400.3471012,140081110.64677244,22.03,-0.0,22.74,ASK
146,1712693430.317011,140081110.64677244,22.03,-0.0,22.74,ASK
147,1712693460.4765046,140081110.64677244,22.03,-0.0,22.74,ASK
148,1712693490.48575,140081110.64677244,22.03,-0.0,22.74,ASK
149,1712693520.3126247,140081110.64677244,22.03,-0.0,22.74,ASK
150,1712693550.3145154,140081110.64677244,22.03,-0.0,22.74,ASK
151,1712693580.4627855,140081110.64677244,22.03,-0.0,22.74,ASK
152,1712693610.4744723,140081110.64677244,22.03,-0.0,22.74,ASK
153,1712693640.3445227,140081110.64677244,22.03,-0.0,22.74,ASK
154,1712693670.306628,140081110.64677244,22.03,-0.0,22.74,ASK
155,1712693673.4420366,140081336.93636522,22.04,6.555049405501612e-08,22.74,BID
156,1712693700.3242323,140081336.93636522,22.04,0.0,22.74,BID
157,1712693730.3114233,140081336.93636522,22.04,0.0,22.74,BID
158,1712693760.4615304,140081336.93636522,22.04,0.0,22.74,BID
159,1712693790.484319,140081336.93636522,22.04,0.0,22.74,BID
160,1712693820.3034005,140081336.93636522,22.04,0.0,22.74,BID
161,1712693850.3240368,140081336.93636522,22.04,0.0,22.74,BID
162,1712693880.472303,140081336.93636522,22.04,0.0,22.74,BID
163,1712693910.4732337,140081336.93636522,22.04,0.0,22.74,BID
164,1712693940.312076,140081336.93636522,22.04,0.0,22.74,BID
165,1712693970.310063,140081336.93636522,22.04,0.0,22.74,BID
166,1712694000.3642998,140081336.93636522,22.04,0.0,22.74,BID
167,1712694030.299656,140081336.93636522,22.04,0.0,22.74,BID
168,1712694060.4700403,140081336.93636522,22.04,0.0,22.74,BID
169,1712694090.4760225,140081336.93636522,22.04,0.0,22.74,BID
170,1712694120.301873,140081336.93636522,22.04,0.0,22.74,BID
171,1712694150.337325,140081336.93636522,22.04,0.0,22.74,BID
172,1712694180.4729278,140081336.93636522,22.04,0.0,22.74,BID
173,1712694183.779205,140081564.25454703,22.0,-6.589623824675867e-08,22.74,ASK
174,1712694183.7892382,140126708.9871819,22.0,-1.308680209198616e-05,22.74,ASK
175,1712694210.48226,140126708.9871819,22.0,-0.0,22.74,ASK
176,1712694240.303558,140126708.9871819,22.0,-0.0,22.74,ASK
177,1712694270.3012402,140126708.9871819,22.0,-0.0,22.74,ASK
178,1712694271.2687652,140131248.25182104,22.03,1.3154862205559758e-06,22.74,BID
179,1712694300.4778578,140131248.25182104,22.03,0.0,22.74,BID
180,1712694330.4697013,140131248.25182104,22.03,0.0,22.74,BID
181,1712694360.318183,140131248.25182104,22.03,0.0,22.74,BID
182,1712694390.309924,140131248.25182104,22.03,0.0,22.74,BID
183,1712694419.238284,140131702.17828494,22.03,1.3154816402076866e-07,22.74,BID
184,1712694420.490788,140131702.17828494,22.03,0.0,22.74,BID
185,1712694450.5023434,140131702.17828494,22.03,0.0,22.74,BID
186,1712694480.287764,140131702.17828494,22.03,0.0,22.74,BID
187,1712694510.2802231,140131702.17828494,22.03,0.0,22.74,BID
188,1712694540.32022,140131702.17828494,22.03,0.0,22.74,BID
189,1712694570.3482106,140131702.17828494,22.03,0.0,22.74,BID
190,1712694600.5775044,140131702.17828494,22.03,0.0,22.74,BID
191,1712694630.468516,140131702.17828494,22.03,0.0,22.74,BID
192,1712694660.2935662,140131702.17828494,22.03,0.0,22.74,BID
193,1712694690.3597567,140131702.17828494,22.03,0.0,22.74,BID
194,1712694720.4608862,140131702.17828494,22.03,0.0,22.74,BID
195,1712694750.4664547,140131702.17828494,22.03,0.0,22.74,BID
196,1712694780.3309462,140131702.17828494,22.03,0.0,22.74,BID
197,1712694782.2481892,140131929.1415169,22.03,6.578452246963096e-08,22.74,BID
198,1712694782.4080942,140132165.1832781,22.03,6.841590336565201e-08,22.74,BID
199,1712694810.2818837,140132165.1832781,22.03,0.0,22.74,BID
200,1712694840.4818757,140132165.1832781,22.03,0.0,22.74,BID
201,1712694843.5786674,140132619.10974202,22.03,1.315686559650324e-07,22.74,BID
202,1712694870.4590044,140132619.10974202,22.03,0.0,22.74,BID
203,1712694900.3092277,140132619.10974202,22.03,0.0,22.74,BID
204,1712694923.980062,140136708.9871819,22.03,1.1856661740898065e-06,22.74,BID
205,1712694923.9823332,140136761.45654184,22.03,1.5211004770843946e-08,22.74,BID
206,1712694930.3184338,140136761.45654184,22.03,0.0,22.74,BID
207,1712694960.4632266,140136761.45654184,22.03,0.0,22.74,BID
208,1712694966.2908633,140140788.94290546,22.0,-1.1675479499268993e-06,22.74,ASK
209,1712694966.2935736,140154980.48299786,22.0,-4.114055777039561e-06,22.74,ASK
210,1712694966.2994623,140159639.289958,22.0,-1.350564601421306e-06,22.74,ASK
211,1712694966.3894465,140182216.0019964,22.0,6.544874762240456e-06,22.74,BID
212,1712694990.4727235,140182216.0019964,22.0,0.0,22.74,BID
213,1712695020.0440576,140182442.96522835,22.03,6.577642606930605e-08,22.74,BID
214,1712695020.2834673,140182442.96522835,22.03,0.0,22.74,BID
215,1712695050.3128378,140182442.96522835,22.03,0.0,22.74,BID
216,1712695080.4842105,140182442.96522835,22.03,0.0,22.74,BID
217,1712695110.4948804,140182442.96522835,22.03,0.0,22.74,BID
218,1712695140.3043923,140182442.96522835,22.03,0.0,22.74,BID
219,1712695170.2934775,140182442.96522835,22.03,0.0,22.74,BID
220,1712695200.3322906,140182442.96522835,22.03,0.0,22.74,BID
221,1712695230.3104277,140182442.96522835,22.03,0.0,22.74,BID
222,1712695260.4605474,140182442.96522835,22.03,0.0,22.74,BID
223,1712695290.4745514,140182442.96522835,22.03,0.0,22.74,BID
224,1712695320.3027618,140182442.96522835,22.03,0.0,22.74,BID
225,1712695350.3031168,140182442.96522835,22.03,0.0,22.74,BID
226,1712695380.4608445,140182442.96522835,22.03,0.0,22.74,BID
227,1712695410.46422,140182442.96522835,22.03,0.0,22.74,BID
228,1712695413.7410882,140192442.96522835,22.0,-2.899917219881292e-06,22.74,ASK
229,1712695440.304546,140192442.96522835,22.0,-0.0,22.74,ASK
230,1712695470.3127654,140192442.96522835,22.0,-0.0,22.74,ASK
231,1712695500.3242495,140192442.96522835,22.0,-0.0,22.74,ASK
232,1712695530.313991,140192442.96522835,22.0,-0.0,22.74,ASK
233,1712695560.4658566,140192442.96522835,22.0,-0.0,22.74,ASK
234,1712695590.463132,140192442.96522835,22.0,-0.0,22.74,ASK
235,1712695611.4911537,140196988.4197738,22.0,1.3237241527593537e-06,22.74,BID
236,1712695613.3644805,140197988.4197738,21.99,-2.912193136080993e-07,22.74,ASK
237,1712695613.3673222,140200261.0442619,21.99,-6.618321435178987e-07,22.74,ASK
238,1712695620.3012843,140200261.0442619,21.99,-0.0,22.74,ASK
239,1712695633.521052,140201261.0442619,21.99,2.912047302112312e-07,22.74,BID
240,1712695650.304673,140201261.0442619,21.99,0.0,22.74,BID
241,1712695668.7411036,140202261.0442619,21.99,2.912028654668864e-07,22.74,BID
242,1712695679.1449597,140203261.0442619,21.99,2.912028654668864e-07,22.74,BID
243,1712695680.5048563,140203261.0442619,21.99,0.0,22.74,BID
244,1712695687.75434,140205261.0442619,21.99,5.823982720996839e-07,22.74,BID
245,1712695696.5455525,140215261.0442619,21.99,2.9119913604984194e-06,22.74,BID
246,1712695710.4609957,140215261.0442619,21.99,0.0,22.74,BID
247,1712695740.3032174,140215261.0442619,21.99,0.0,22.74,BID
248,1712695770.3147364,140215261.0442619,21.99,0.0,22.74,BID
249,1712695800.4033442,140215261.0442619,21.99,0.0,22.74,BID
250,1712695830.3047943,140215261.0442619,21.99,0.0,22.74,BID
251,1712695840.1109478,140215717.6398787,21.99,1.332218884165763e-07,22.74,BID
252,1712695860.4714465,140215717.6398787,21.99,0.0,22.74,BID
253,1712695890.474484,140215717.6398787,21.99,0.0,22.74,BID
254,1712695920.2909148,140215717.6398787,21.99,0.0,22.74,BID
255,1712695950.3045547,140215717.6398787,21.99,0.0,22.74,BID
256,1712695980.4839437,140215717.6398787,21.99,0.0,22.74,BID
257,1712696010.4709923,140215717.6398787,21.99,0.0,22.74,BID
258,1712696040.3409662,140215717.6398787,21.99,0.0,22.74,BID
259,1712696041.2413456,140218570.97486314,22.0,8.325212668300778e-07,22.74,BID
260,1712696041.24464,140224835.7648787,22.0,1.827885947002248e-06,22.74,BID
261,1712696041.3444035,140229491.2695023,22.0,1.3583426510069694e-06,22.74,BID
262,1712696041.3473334,140229945.81495684,22.0,1.3262331962452602e-07,22.74,BID
263,1712696070.31297,140229945.81495684,22.0,0.0,22.74,BID
264,1712696100.4645047,140229945.81495684,22.0,0.0,22.74,BID
265,1712696130.4607112,140229945.81495684,22.0,0.0,22.74,BID
266,1712696160.2830613,140229945.81495684,22.0,0.0,22.74,BID
267,1712696190.3037062,140229945.81495684,22.0,0.0,22.74,BID
268,1712696220.4607136,140229945.81495684,22.0,0.0,22.74,BID
269,1712696250.4735322,140229945.81495684,22.0,0.0,22.74,BID
270,1712696259.7905228,140233224.71199435,22.03,9.572355865165553e-07,22.74,BID
271,1712696280.3003757,140233224.71199435,22.03,0.0,22.74,BID
272,1712696310.298044,140233224.71199435,22.03,0.0,22.74,BID
273,1712696340.4848783,140233224.71199435,22.03,0.0,22.74,BID
274,1712696348.3805573,140238509.3597295,22.03,-1.5427584771065677e-06,22.74,ASK
275,1712696370.474254,140238509.3597295,22.03,-0.0,22.74,ASK
276,1712696400.4303193,140238509.3597295,22.03,-0.0,22.74,ASK
277,1712696416.71036,140242291.21741927,21.99,-1.1040872084875049e-06,22.74,ASK
278,1712696416.9607203,140247776.93826407,21.99,-1.6015182777684492e-06,22.74,ASK
279,1712696430.3105705,140247776.93826407,21.99,-0.0,22.74,ASK
280,1712696431.6907902,140261538.40826917,21.99,-4.017327018782549e-06,22.74,ASK
281,1712696460.4702594,140261538.40826917,21.99,-0.0,22.74,ASK
282,1712696490.474244,140261538.40826917,21.99,-0.0,22.74,ASK
283,1712696520.3022337,140261538.40826917,21.99,-0.0,22.74,ASK
284,1712696550.3099928,140261538.40826917,21.99,-0.0,22.74,ASK
285,1712696580.450082,140261538.40826917,21.99,-0.0,22.74,ASK
286,1712696601.440104,140264038.40826917,21.99,-7.297498293919928e-07,22.74,ASK
287,1712696610.499911,140264038.40826917,21.99,-0.0,22.74,ASK
288,1712696640.281967,140264038.40826917,21.99,-0.0,22.74,ASK
289,1712696670.2899475,140264038.40826917,21.99,-0.0,22.74,ASK
290,1712696700.4701707,140264038.40826917,21.99,-0.0,22.74,ASK
291,1712696730.479848,140264038.40826917,21.99,-0.0,22.74,ASK
292,1712696760.3028831,140264038.40826917,21.99,-0.0,22.74,ASK
293,1712696790.3148584,140264038.40826917,21.99,-0.0,22.74,ASK
294,1712696820.4648788,140264038.40826917,21.99,-0.0,22.74,ASK
295,1712696850.4571998,140264038.40826917,21.99,-0.0,22.74,ASK
296,1712696852.44665,140291090.10564527,22.0,-7.906067775822422e-06,22.74,ASK
297,1712696863.186844,140291928.16957211,22.0,-2.449306642017958e-07,22.74,ASK
298,1712696880.308252,140291928.16957211,22.0,-0.0,22.74,ASK
299,1712696910.3249276,140291928.16957211,22.0,-0.0,22.74,ASK
300,1712696940.4575293,140291928.16957211,22.0,-0.0,22.74,ASK
301,1712696967.2658775,140301717.5269543,21.99,-2.860502454846702e-06,22.74,ASK
302,1712696967.2691512,140323827.76565132,22.0,-6.460729708899962e-06,22.74,ASK
303,1712696970.4800117,140323827.76565132,22.0,-0.0,22.74,ASK
304,1712696973.8659692,140345854.70193768,22.04,6.435068863189208e-06,22.74,BID
305,1712696973.8692956,140346514.09023768,22.03,1.926372811419655e-07,22.74,BID
306,1712697000.34019,140346514.09023768,22.03,0.0,22.74,BID
307,1712697030.3228729,140346514.09023768,22.03,0.0,22.74,BID
308,1712697060.4910562,140346514.09023768,22.03,0.0,22.74,BID
309,1712697090.4823582,140346514.09023768,22.03,0.0,22.74,BID
310,1712697094.2179482,140347514.09023768,21.99,-2.923283684175885e-07,22.74,ASK
311,1712697094.2211952,140375792.01695794,21.99,-8.266440180366195e-06,22.74,ASK
312,1712697120.320696,140375792.01695794,21.99,-0.0,22.74,ASK
313,1712697127.0382135,140385047.01695794,21.99,-2.704989950794466e-06,22.74,ASK
314,1712697150.3111897,140385047.01695794,21.99,-0.0,22.74,ASK
315,1712697180.4988146,140385047.01695794,21.99,-0.0,22.74,ASK
316,1712697210.4993722,140385047.01695794,21.99,-0.0,22.74,ASK
317,1712697240.2921598,140385047.01695794,21.99,-0.0,22.74,ASK
318,1712697270.324567,140385047.01695794,21.99,-0.0,22.74,ASK
319,1712697298.1804092,140486986.7458231,22.04,2.979249497799713e-05,22.74,BID
320,1712697300.3201923,140486986.7458231,22.04,0.0,22.74,BID
321,1712697330.3134484,140486986.7458231,22.04,0.0,22.74,BID
322,1712697330.586182,140487986.7458231,22.04,2.925225293499962e-07,22.74,BID
323,1712697360.4908223,140487986.7458231,22.04,0.0,22.74,BID
324,1712697388.9912553,140488498.8147886,22.04,1.49790743266481e-07,22.74,BID
325,1712697390.502041,140488498.8147886,22.04,0.0,22.74,BID
326,1712697420.3252242,140488498.8147886,22.04,0.0,22.74,BID
327,1712697450.3217,140488498.8147886,22.04,0.0,22.74,BID
328,1712697480.4766967,140488498.8147886,22.04,0.0,22.74,BID
329,1712697510.4823709,140488498.8147886,22.04,0.0,22.74,BID
330,1712697540.3289304,140488498.8147886,22.04,0.0,22.74,BID
331,1712697570.3174794,140488498.8147886,22.04,0.0,22.74,BID
332,1712697600.357598,140488498.8147886,22.04,0.0,22.74,BID
333,1712697630.3195546,140488498.8147886,22.04,0.0,22.74,BID
334,1712697660.3658438,140488498.8147886,22.04,0.0,22.74,BID
335,1712697690.317214,140488498.8147886,22.04,0.0,22.74,BID
336,1712697720.4782252,140488498.8147886,22.04,0.0,22.74,BID
337,1712697735.8872538,140490768.44710818,22.03,6.660397993540034e-07,22.74,BID
338,1712697750.6088464,140490768.44710818,22.03,0.0,22.74,BID
339,1712697775.5640163,140493274.6297281,22.03,7.354463818222004e-07,22.74,BID
340,1712697775.6840048,140501876.01860112,22.03,-2.5241019050239843e-06,22.74,ASK
341,1712697775.704053,140501876.01860157,22.03,-1.3118363759070838e-16,22.74,ASK
342,1712697780.3289282,140501876.01860157,22.03,-0.0,22.74,ASK
343,1712697810.3322294,140501876.01860157,22.03,-0.0,22.74,ASK
344,1712697840.4843743,140501876.01860157,22.03,-0.0,22.74,ASK
345,1712697870.4847038,140501876.01860157,22.03,-0.0,22.74,ASK
346,1712697900.3129594,140501876.01860157,22.03,-0.0,22.74,ASK
347,1712697924.5946455,140502329.9450655,22.03,1.332355591224884e-07,22.74,BID
348,1712697930.3262725,140502329.9450655,22.03,0.0,22.74,BID
349,1712697960.4818342,140502329.9450655,22.03,0.0,22.74,BID
350,1712697990.4889982,140502329.9450655,22.03,0.0,22.74,BID
351,1712698020.3517156,140502329.9450655,22.03,0.0,22.74,BID
352,1712698050.3078172,140502329.9450655,22.03,0.0,22.74,BID
353,1712698063.2755096,140506869.2097046,22.03,1.332351680472489e-06,22.74,BID
354,1712698080.5151465,140506869.2097046,22.03,0.0,22.74,BID
355,1712698105.9159958,140508911.52384236,22.0,-5.994364778888583e-07,22.74,ASK
356,1712698105.9190197,140509138.84202418,22.0,-6.671980952724843e-08,22.74,ASK
357,1712698110.4803648,140509138.84202418,22.0,-0.0,22.74,ASK
358,1712698140.3315744,140509138.84202418,22.0,-0.0,22.74,ASK
359,1712698170.3358676,140509138.84202418,22.0,-0.0,22.74,ASK
360,1712698200.430087,140509138.84202418,22.0,-0.0,22.74,ASK
361,1712698217.0456266,140510047.56533176,22.01,-2.66815808303664e-07,22.74,ASK
362,1712698217.0557103,140511304.2816084,22.0,-3.689921523578327e-07,22.74,ASK
363,1712698230.316186,140511304.2816084,22.0,-0.0,22.74,ASK
364,1712698236.475887,140511767.6243153,22.03,1.360429827808341e-07,22.74,BID
365,1712698236.485631,140512665.653361,22.04,2.6367211177510546e-07,22.74,BID
366,1712698260.4886668,140512665.653361,22.04,0.0,22.74,BID
367,1712698290.4737227,140512665.653361,22.04,0.0,22.74,BID
368,1712698320.325866,140512665.653361,22.04,0.0,22.74,BID
369,1712698350.3282733,140512665.653361,22.04,0.0,22.74,BID
370,1712698380.330274,140512665.653361,22.04,0.0,22.74,BID
371,1712698409.6063032,140513314.7192108,22.04,1.9057184916850201e-07,22.74,BID
372,1712698409.7062736,140513573.0943773,22.04,-7.58613833627776e-08,22.74,ASK
373,1712698410.3370988,140513573.0943773,22.04,-0.0,22.74,ASK
374,1712698440.4864,140513573.0943773,22.04,-0.0,22.74,ASK
375,1712698470.4814026,140513573.0943773,22.04,-0.0,22.74,ASK
376,1712698482.426484,140513924.1475023,22.01,-1.0307189995274156e-07,22.74,ASK
377,1712698500.3493278,140513924.1475023,22.01,-0.0,22.74,ASK
378,1712698517.446551,140582722.72233567,22.01,-2.023168445727653e-05,22.74,ASK
379,1712698523.1063328,140626167.00395218,22.07,1.277571518403066e-05,22.74,BID
380,1712698523.108425,140651277.05403033,22.06,7.384144382613817e-06,22.74,BID
381,1712698530.3312387,140651277.05403033,22.06,0.0,22.74,BID
382,1712698544.6266124,140653542.57283413,22.07,6.656314835477229e-07,22.74,BID
383,1712698560.4765818,140653542.57283413,22.07,0.0,22.74,BID
384,1712698590.4808376,140653542.57283413,22.07,0.0,22.74,BID
385,1712698592.636592,140698830.2937222,22.07,1.3305777887768116e-05,22.74,BID
386,1712698618.027237,140785135.9625044,22.08,2.535707332477398e-05,22.74,BID
387,1712698618.0306923,140798830.2937222,22.07,4.023468744568264e-06,22.74,BID
388,1712698620.331851,140798830.2937222,22.07,0.0,22.74,BID
389,1712698650.3413124,140798830.2937222,22.07,0.0,22.74,BID
390,1712698673.2367823,140808830.2937222,22.06,-2.935288165569925e-06,22.74,ASK
391,1712698673.8769677,140816422.64637625,22.01,-2.2285742894236617e-06,22.74,ASK
392,1712698673.8813832,140816876.16111547,22.05,-1.3311964469304182e-07,22.74,ASK
393,1712698673.8857813,140817330.2937222,22.02,-1.3330100661773333e-07,22.74,ASK
394,1712698680.4968576,140817330.2937222,22.02,-0.0,22.74,ASK
395,1712698688.2068326,140817830.06655273,22.01,-1.466801736924619e-07,22.74,ASK
396,1712698710.4769225,140817830.06655273,22.01,-0.0,22.74,ASK
397,1712698726.2970707,140818057.23602116,22.05,-6.667259098078285e-08,22.74,ASK
398,1712698740.3037543,140818057.23602116,22.05,-0.0,22.74,ASK
399,1712698770.328413,140818057.23602116,22.05,-0.0,22.74,ASK
400,1712698778.6205351,140829797.4462579,22.05,-3.445661469381776e-06,22.74,ASK
401,1712698800.3290412,140829797.4462579,22.05,-0.0,22.74,ASK
402,1712698830.3386974,140829797.4462579,22.05,-0.0,22.74,ASK
403,1712698860.4895248,140829797.4462579,22.05,-0.0,22.74,ASK
404,1712698890.4819992,140829797.4462579,22.05,-0.0,22.74,ASK
405,1712698920.3315363,140829797.4462579,22.05,-0.0,22.74,ASK
406,1712698920.8998203,140860297.4462579,22.05,-8.987523656241394e-06,22.74,ASK
407,1712698938.7633874,140862562.9650617,22.05,-6.675870112412512e-07,22.74,ASK
408,1712698950.323242,140862562.9650617,22.05,-0.0,22.74,ASK
409,1712698980.486545,140862562.9650617,22.05,-0.0,22.74,ASK
410,1712699010.4719453,140862562.9650617,22.05,-0.0,22.74,ASK
411,1712699040.309208,140862562.9650617,22.05,-0.0,22.74,ASK
412,1712699070.345302,140862562.9650617,22.05,-0.0,22.74,ASK
413,1712699079.1010048,140867271.11789858,22.08,1.387069781440942e-06,22.74,BID
414,1712699079.1048288,140882562.9650617,22.08,4.505133931968947e-06,22.74,BID
415,1712699092.2107396,140905207.8925979,22.08,6.671426305940478e-06,22.74,BID
416,1712699100.347002,140905207.8925979,22.08,0.0,22.74,BID
417,1712699130.3148105,140905207.8925979,22.08,0.0,22.74,BID
418,1712699160.4826095,140905207.8925979,22.08,0.0,22.74,BID
419,1712699190.4945078,140905207.8925979,22.08,0.0,22.74,BID
420,1712699214.249085,140906113.803086,22.06,-2.670158217930763e-07,22.74,ASK
421,1712699220.3380609,140906113.803086,22.06,-0.0,22.74,ASK
422,1712699229.1772647,140907019.60018745,22.08,2.669808286212302e-07,22.74,BID
423,1712699250.314229,140907019.60018745,22.08,0.0,22.74,BID
424,1712699269.6484473,140908015.97699904,22.08,2.936771802784801e-07,22.74,BID
425,1712699280.4783876,140908015.97699904,22.08,0.0,22.74,BID
426,1712699310.4824057,140908015.97699904,22.08,0.0,22.74,BID
427,1712699340.3205454,140908015.97699904,22.08,0.0,22.74,BID
428,1712699342.7036736,140924509.87603503,22.08,4.861464352541831e-06,22.74,BID
429,1712699342.709051,140924897.65003505,22.08,1.1429374423965269e-07,22.74,BID
430,1712699343.1276195,140947558.56050318,22.06,-6.679148950565187e-06,22.74,ASK
431,1712699343.1331506,140950471.41043505,22.06,-8.585426694543824e-07,22.74,ASK
432,1712699343.9691243,140952141.23413503,22.06,-4.921691575032518e-07,22.74,ASK
433,1712699370.3318777,140952141.23413503,22.06,-0.0,22.74,ASK
434,1712699378.0473485,140954404.70176744,22.09,6.669502445049805e-07,22.74,BID
435,1712699400.3805482,140954404.70176744,22.09,0.0,22.74,BID
436,1712699430.3166292,140954404.70176744,22.09,0.0,22.74,BID
437,1712699460.4747827,140954404.70176744,22.09,0.0,22.74,BID
438,1712699490.4904566,140954404.70176744,22.09,0.0,22.74,BID
439,1712699492.084139,140955104.08021596,22.07,-2.0624321967994617e-07,22.74,ASK
440,1712699492.0878332,140981242.94011062,22.06,-7.708219541045807e-06,22.74,ASK
441,1712699520.3305757,140981242.94011062,22.06,-0.0,22.74,ASK
442,1712699528.0863037,140983282.83131644,22.06,-6.014487424358948e-07,22.74,ASK
443,1712699550.3087196,140983282.83131644,22.06,-0.0,22.74,ASK
444,1712699580.4602427,140983282.83131644,22.06,-0.0,22.74,ASK
445,1712699599.2759557,140983998.91510275,22.06,-2.11129876561533e-07,22.74,ASK
446,1712699599.280196,140984905.53341645,22.07,-2.673070055762479e-07,22.74,ASK
447,1712699610.4691243,140984905.53341645,22.07,-0.0,22.74,ASK
448,1712699618.79554,140988244.502796,22.06,-9.844500940907412e-07,22.74,ASK
449,1712699640.3087704,140988244.502796,22.06,-0.0,22.74,ASK
450,1712699670.3181243,140988244.502796,22.06,-0.0,22.74,ASK
451,1712699695.9354963,141038244.502796,22.1,1.4741505587229145e-05,22.74,BID
452,1712699695.939504,141127535.2960134,22.09,2.6325614542045767e-05,22.74,BID
453,1712699695.9418683,141172763.69945076,22.11,1.333469523947065e-05,22.74,BID
454,1712699695.9441829,141222763.69945076,22.13,1.4741505587229145e-05,22.74,BID
455,1712699695.94648,141224593.44773376,22.12,5.39464890740995e-07,22.74,BID
456,1712699695.9490492,141227685.24253112,22.1,9.115542055972332e-07,22.74,BID
457,1712699695.951271,141345426.54817837,22.14,3.471368230093298e-05,22.74,BID
458,1712699695.9531574,141346331.11624712,22.11,2.666939047880072e-07,22.74,BID
459,1712699695.9550543,141346783.6049349,22.1,1.33407290382363e-07,22.74,BID
460,1712699695.9569342,141431762.93759203,22.12,2.50544661432813e-05,22.74,BID
461,1712699695.95887,141434630.23697656,22.13,8.453661979474388e-07,22.74,BID
462,1712699696.575216,141434866.2787378,22.1,6.95922188455204e-08,22.74,BID
463,1712699700.338395,141434866.2787378,22.1,0.0,22.74,BID
464,1712699730.3434982,141434866.2787378,22.1,0.0,22.74,BID
465,1712699753.3246987,141436677.25768244,22.07,-5.33301637663387e-07,22.74,ASK
466,1712699753.3346782,141437129.7463702,22.1,-1.3325000763748333e-07,22.74,ASK
467,1712699760.3854456,141437129.7463702,22.1,-0.0,22.74,ASK
468,1712699790.3175757,141437129.7463702,22.1,-0.0,22.74,ASK
469,1712699820.471338,141437129.7463702,22.1,-0.0,22.74,ASK
470,1712699850.476008,141437129.7463702,22.1,-0.0,22.74,ASK
471,1712699880.3240032,141437129.7463702,22.1,-0.0,22.74,ASK
472,1712699910.3330705,141437129.7463702,22.1,-0.0,22.74,ASK
473,1712699930.594056,141438396.714696,22.1,3.730945314009845e-07,22.74,BID
474,1712699940.468572,141438396.714696,22.1,0.0,22.74,BID
475,1712699956.3271976,141450177.4892629,22.07,-3.4691524926800817e-06,22.74,ASK
476,1712699956.3337035,141457755.8534418,22.07,-2.2316445181355243e-06,22.74,ASK
477,1712699970.487836,141457755.8534418,22.07,-0.0,22.74,ASK
478,1712700000.409758,141457755.8534418,22.07,-0.0,22.74,ASK
479,1712700030.3532383,141457755.8534418,22.07,-0.0,22.74,ASK
480,1712700047.2830024,141459335.70096242,22.06,-4.659839755836298e-07,22.74,ASK
481,1712700060.4719925,141459335.70096242,22.06,-0.0,22.74,ASK
482,1712700090.4735248,141459335.70096242,22.06,-0.0,22.74,ASK
483,1712700112.993538,141475835.70096242,22.06,-4.866707995813647e-06,22.74,ASK
484,1712700120.2997203,141475835.70096242,22.06,-0.0,22.74,ASK
485,1712700150.317984,141475835.70096242,22.06,-0.0,22.74,ASK
486,1712700180.463051,141475835.70096242,22.06,-0.0,22.74,ASK
487,1712700185.0129893,141476288.59951314,22.08,1.3356899330596153e-07,22.74,BID
488,1712700210.4729006,141476288.59951314,22.08,0.0,22.74,BID
489,1712700240.3256984,141476288.59951314,22.08,0.0,22.74,BID
490,1712700270.3063717,141476288.59951314,22.08,0.0,22.74,BID
491,1712700274.0426736,141477415.54848307,22.08,3.323591900503923e-07,22.74,BID
492,1712700300.45553,141477415.54848307,22.08,0.0,22.74,BID
493,1712700330.4632168,141477415.54848307,22.08,0.0,22.74,BID
494,1712700360.3291647,141477415.54848307,22.08,0.0,22.74,BID
495,1712700390.314276,141477415.54848307,22.08,0.0,22.74,BID
496,1712700413.192768,141477715.54848307,22.08,-8.870273574578469e-08,22.74,ASK
497,1712700420.4731731,141477715.54848307,22.08,-0.0,22.74,ASK
498,1712700450.4877186,141477715.54848307,22.08,-0.0,22.74,ASK
499,1712700480.307768,141477715.54848307,22.08,-0.0,22.74,ASK
500,1712700490.7132397,141478588.80529106,22.08,-2.5820038722236616e-07,22.74,ASK
501,1712700510.327243,141478588.80529106,22.08,-0.0,22.74,ASK
502,1712700524.501968,141479495.42360473,22.07,-2.6806302906838865e-07,22.74,ASK
503,1712700524.5120437,141487134.16509104,22.06,-2.2585735917925127e-06,22.74,ASK
504,1712700540.4848735,141487134.16509104,22.06,-0.0,22.74,ASK
505,1712700561.4420855,141487576.66554436,22.06,-1.308283746978009e-07,22.74,ASK
506,1712700561.4460828,141507188.9922219,22.06,-5.798522473806485e-06,22.74,ASK
507,1712700570.4920578,141507188.9922219,22.06,-0.0,22.74,ASK
508,1712700590.4926398,141508548.91969243,22.06,4.020195472447179e-07,22.74,BID
509,1712700590.5720556,141508583.61955744,22.06,1.0257917664267649e-08,22.74,BID
510,1712700600.3263736,141508583.61955744,22.06,0.0,22.74,BID
511,1712700608.792277,141509715.35337365,22.09,3.371619046936904e-07,22.74,BID
512,1712700630.301752,141509715.35337365,22.09,0.0,22.74,BID
513,1712700660.4801044,141509715.35337365,22.09,0.0,22.74,BID
514,1712700690.471564,141509715.35337365,22.09,0.0,22.74,BID
515,1712700720.3229623,141509715.35337365,22.09,0.0,22.74,BID
516,1712700750.3117,141509715.35337365,22.09,0.0,22.74,BID
517,1712700780.4818857,141509715.35337365,22.09,0.0,22.74,BID
518,1712700810.481892,141509715.35337365,22.09,0.0,22.74,BID
519,1712700834.741658,141816788.72902107,22.1,9.148146996206206e-05,22.74,BID
520,1712700834.7463813,141877607.3527509,22.09,1.811872191180176e-05,22.74,BID
521,1712700840.3348768,141877607.3527509,22.09,0.0,22.74,BID
522,1712700870.3055637,141877607.3527509,22.09,0.0,22.74,BID
523,1712700900.3563502,141877607.3527509,22.09,0.0,22.74,BID
524,1712700911.6125054,141961206.93892708,22.1,2.4943692628181915e-05,22.74,BID
525,1712700911.6171756,141962786.7864477,22.1,4.713806940465029e-07,22.74,BID
526,1712700912.39212,141981249.51694772,22.1,-5.508743472709383e-06,22.74,ASK
527,1712700930.3164766,141981249.51694772,22.1,-0.0,22.74,ASK
528,1712700945.4321284,141982605.14279497,22.13,4.042032087152864e-07,22.74,BID
529,1712700945.5321443,141982923.69279498,22.13,9.498117227718105e-08,22.74,BID
530,1712700945.5368176,141983147.91446835,22.13,6.685555606900186e-08,22.74,BID
531,1712700960.472255,141983147.91446835,22.13,0.0,22.74,BID
532,1712700961.5724432,141983147.91446862,22.11,-7.997368241202377e-17,22.74,ASK
533,1712700961.5767677,141994085.2746146,22.11,-3.2611215676495222e-06,22.74,ASK
534,1712700961.5921602,142014085.2746146,22.13,5.963269973964105e-06,22.74,BID
535,1712700961.595821,142025022.63476035,22.11,3.261121567578435e-06,22.74,BID
536,1712700961.5994723,142035959.99490634,22.13,-3.2611215676495222e-06,22.74,ASK
537,1712700990.485198,142035959.99490634,22.13,-0.0,22.74,ASK
538,1712701020.3256197,142035959.99490634,22.13,-0.0,22.74,ASK
539,1712701028.1925783,142040902.7468048,22.08,-1.4732350087595883e-06,22.74,ASK
540,1712701028.197258,142045845.49870324,22.07,-1.4732350087507057e-06,22.74,ASK
541,1712701028.2018409,142169100.78686735,22.06,-3.673743074063971e-05,22.74,ASK
542,1712701041.0997005,142169480.78686735,22.13,1.1326267529272797e-07,22.74,BID
543,1712701050.306117,142169480.78686735,22.13,0.0,22.74,BID
544,1712701065.8225183,142171740.16327944,22.13,6.728382550299638e-07,22.74,BID
545,1712701080.5098906,142171740.16327944,22.13,0.0,22.74,BID
546,1712701110.473864,142171740.16327944,22.13,0.0,22.74,BID
547,1712701140.3338304,142171740.16327944,22.13,0.0,22.74,BID
548,1712701141.0126958,142172276.67480227,22.13,1.5976979308558492e-07,22.74,BID
549,1712701166.5329354,142172759.50354153,22.13,1.437833941754166e-07,22.74,BID
550,1712701170.3160048,142172759.50354153,22.13,0.0,22.74,BID
551,1712701184.3130062,142173845.856908,22.13,3.2350709955815805e-07,22.74,BID
552,1712701200.3536332,142173845.856908,22.13,0.0,22.74,BID
553,1712701205.4930532,142174660.49766713,22.13,2.429452053084913e-07,22.74,BID
554,1712701230.316995,142174660.49766713,22.13,0.0,22.74,BID
555,1712701244.0234003,142175271.3426739,22.13,1.821674965986274e-07,22.74,BID
556,1712701259.9430623,142175729.4086477,22.13,1.3660540857021564e-07,22.74,BID
557,1712701260.4740453,142175729.4086477,22.13,0.0,22.74,BID
558,1712701289.253288,142176416.43982708,22.13,2.0488645361647495e-07,22.74,BID
559,1712701290.4865649,142176416.43982708,22.13,0.0,22.74,BID
560,1712701313.0131483,142177102.79319355,22.13,2.046833881656614e-07,22.74,BID
561,1712701320.3130655,142177102.79319355,22.13,0.0,22.74,BID
562,1712701350.3138793,142177102.79319355,22.13,0.0,22.74,BID
563,1712701380.4998434,142177102.79319355,22.13,0.0,22.74,BID
564,1712701410.4988313,142177102.79319355,22.13,0.0,22.74,BID
565,1712701440.3265443,142177102.79319355,22.13,0.0,22.74,BID
566,1712701470.3164098,142177102.79319355,22.13,0.0,22.74,BID
567,1712701500.467914,142177102.79319355,22.13,0.0,22.74,BID
568,1712701530.4752262,142177102.79319355,22.13,0.0,22.74,BID
569,1712701560.328982,142177102.79319355,22.13,0.0,22.74,BID
570,1712701590.318542,142177102.79319355,22.13,0.0,22.74,BID
571,1712701613.2140963,142177629.8569656,22.11,-1.5774232709319528e-07,22.74,ASK
572,1712701613.2195542,142178629.8569656,22.12,-2.9928508741722984e-07,22.74,ASK
573,1712701613.2244067,142192057.78795713,22.11,-4.018779500632711e-06,22.74,ASK
574,1712701613.2267387,142199129.17514607,22.1,-2.1163607330033584e-06,22.74,ASK
575,1712701615.2034757,142199581.05042848,22.13,1.3523953339680665e-07,22.74,BID
576,1712701620.457008,142199581.05042848,22.13,0.0,22.74,BID
577,1712701650.4970806,142199581.05042848,22.13,0.0,22.74,BID
578,1712701680.3234005,142199581.05042848,22.13,0.0,22.74,BID
579,1712701692.6436386,142238974.5018323,22.13,1.1788119329462655e-05,22.74,BID
580,1712701710.314556,142238974.5018323,22.13,0.0,22.74,BID
581,1712701737.393719,142243491.2136661,22.14,1.351230981291277e-06,22.74,BID
582,1712701737.493577,142274753.1216887,22.14,9.352391786041268e-06,22.74,BID
583,1712701740.4785638,142274753.1216887,22.14,0.0,22.74,BID
584,1712701765.5537202,142275053.1216887,22.15,8.972749831520715e-08,22.74,BID
585,1712701770.4736311,142275053.1216887,22.15,0.0,22.74,BID
586,1712701790.655815,142282183.59708303,22.15,2.132661491185615e-06,22.74,BID
587,1712701800.3944323,142282183.59708303,22.15,0.0,22.74,BID
588,1712701830.3171706,142282183.59708303,22.15,0.0,22.74,BID
589,1712701860.5254583,142282183.59708303,22.15,0.0,22.74,BID
590,1712701890.457205,142282183.59708303,22.15,0.0,22.74,BID
591,1712701920.329167,142282183.59708303,22.15,0.0,22.74,BID
592,1712701950.3173065,142282183.59708303,22.15,0.0,22.74,BID
593,1712701957.7939403,142286239.8437525,22.14,1.2150849253184665e-06,22.74,BID
594,1712701959.7638965,142328809.36835814,22.15,1.2752081379956916e-05,22.74,BID
595,1712701959.7691798,142359427.9837476,22.15,9.172079763757092e-06,22.74,BID
596,1712701980.2970362,142359427.9837476,22.15,0.0,22.74,BID
597,1712702010.3172164,142359427.9837476,22.15,0.0,22.74,BID
598,1712702040.4636853,142359427.9837476,22.15,0.0,22.74,BID
599,1712702070.489606,142359427.9837476,22.15,0.0,22.74,BID
600,1712702086.9942417,142394616.56016102,22.15,-1.053565265775462e-05,22.74,ASK
601,1712702100.3371596,142394616.56016102,22.15,-0.0,22.74,ASK
602,1712702123.3839848,142394962.7938101,22.17,1.037690370818232e-07,22.74,BID
603,1712702130.3137884,142394962.7938101,22.17,0.0,22.74,BID
604,1712702138.233806,142395741.85335,22.17,2.334899352511428e-07,22.74,BID
605,1712702138.573748,142396116.56016102,22.17,1.1230241664292554e-07,22.74,BID
606,1712702138.5788224,142412652.6131257,22.17,4.955977994262004e-06,22.74,BID
607,1712702151.1338494,142413236.81474954,22.17,1.750895693236291e-07,22.74,BID
608,1712702160.4897094,142413236.81474954,22.17,0.0,22.74,BID
609,1712702164.7037663,142414112.976229,22.17,2.6256022776035137e-07,22.74,BID
610,1712702165.7637997,142423142.32160148,22.15,-2.7058333801068265e-06,22.74,ASK
611,1712702177.38415,142423580.1880877,22.17,1.312159083050436e-07,22.74,BID
612,1712702188.2636993,142424017.5877911,22.17,1.3107602700329826e-07,22.74,BID
613,1712702190.463931,142424017.5877911,22.17,0.0,22.74,BID
614,1712702208.1642225,142514708.37132788,22.17,2.71754570894014e-05,22.74,BID
615,1712702208.168481,142529446.8401139,22.18,4.416376289171448e-06,22.74,BID
616,1712702208.1725628,142532062.7905092,22.17,7.838684918436023e-07,22.74,BID
617,1712702208.174885,142582062.7905092,22.18,1.4982480043507811e-05,22.74,BID
618,1712702208.1772132,142582334.89850917,22.17,8.153705358771822e-08,22.74,BID
619,1712702208.179536,142807069.31623545,22.18,6.734157857346625e-05,22.74,BID
620,1712702208.8738725,142813921.54503694,22.19,2.053267625437131e-06,22.74,BID
621,1712702208.879343,142885332.72418812,22.19,2.1398331330317533e-05,22.74,BID
622,1712702209.4335692,142913103.72418812,22.2,8.321569065765109e-06,22.74,BID
623,1712702216.5639534,142914004.62508902,22.2,2.699545953783583e-07,22.74,BID
624,1712702220.3295972,142914004.62508902,22.2,0.0,22.74,BID
625,1712702250.313524,142914004.62508902,22.2,0.0,22.74,BID
626,1712702252.0639665,142921076.01227796,22.18,-2.112060020685226e-06,22.74,ASK
627,1712702280.4774482,142921076.01227796,22.18,-0.0,22.74,ASK
628,1712702310.4745262,142921076.01227796,22.18,-0.0,22.74,ASK
629,1712702340.338385,142921076.01227796,22.18,-0.0,22.74,ASK
630,1712702343.3240223,142971076.01227796,22.2,1.493314556536749e-05,22.74,BID
631,1712702343.3273363,142983984.34144697,22.2,3.855239169728664e-06,22.74,BID
632,1712702343.3304727,142989519.1559773,22.2,1.6530438211784075e-06,22.74,BID
633,1712702344.0038457,143014640.6157773,22.2,-7.502848320160034e-06,22.74,ASK
634,1712702346.274166,143014940.6157773,22.21,8.959887339220494e-08,22.74,BID
635,1712702364.133676,143016220.46329796,22.21,3.822429865466532e-07,22.74,BID
636,1712702368.323836,143018479.83971006,22.21,-6.747919369750409e-07,22.74,ASK
637,1712702370.336367,143018479.83971006,22.21,-0.0,22.74,ASK
638,1712702371.2587378,143018779.83971006,22.22,8.95410451273892e-08,22.74,BID
639,1712702377.8537228,143019054.619188,22.22,8.201347211850524e-08,22.74,BID
640,1712702382.193806,143019672.83475956,22.22,1.8451889463612817e-07,22.74,BID
641,1712702383.0536878,143020316.83475956,22.21,-1.9221477687346213e-07,22.74,ASK
642,1712702388.3737798,143020780.38111418,22.22,1.383547501927127e-07,22.74,BID
643,1712702397.123608,143035239.56419972,22.22,4.315634550555711e-06,22.74,BID
644,1712702400.359843,143035239.56419972,22.22,0.0,22.74,BID
645,1712702402.9638257,143065227.56419972,22.22,-8.977118143618682e-06,22.74,ASK
646,1712702414.3436575,143065575.02258927,22.23,1.0401410607529177e-07,22.74,BID
647,1712702417.5742905,143067154.87010992,22.23,4.7293843676714084e-07,22.74,BID
648,1712702417.5796957,143118156.93938568,22.23,1.5267827179457828e-05,22.74,BID
649,1712702418.7435453,143118677.84765905,22.24,1.559375454189207e-07,22.74,BID
650,1712702423.3337147,143119198.26132813,22.24,1.5578948215556646e-07,22.74,BID
651,1712702430.312023,143119198.26132813,22.24,0.0,22.74,BID
652,1712702443.4237037,143119591.76102313,22.23,-1.1773112521910109e-07,22.74,ASK
653,1712702447.1136231,143119891.76102313,22.24,8.975696300211394e-08,22.74,BID
654,1712702460.4838183,143119891.76102313,22.24,0.0,22.74,BID
655,1712702470.2196453,143128793.4581561,22.23,-2.663285380713188e-06,22.74,ASK
656,1712702470.313819,143128793.45815665,22.23,-1.6049721644468572e-16,22.74,ASK
657,1712702476.863613,143167452.1362142,22.24,1.1566231761242404e-05,22.74,BID
658,1712702476.8679786,143168134.820774,22.24,2.042513669666695e-07,22.74,BID
659,1712702490.4695969,143168134.820774,22.24,0.0,22.74,BID
660,1712702507.5238547,143172626.95560545,22.25,1.3435638082755211e-06,22.74,BID
661,1712702520.3184278,143172626.95560545,22.25,0.0,22.74,BID
662,1712702550.3198595,143172626.95560545,22.25,0.0,22.74,BID
663,1712702580.4834871,143172626.95560545,22.25,0.0,22.74,BID
664,1712702580.559018,143185179.5557099,22.25,3.754276234816198e-06,22.74,BID
665,1712702582.9237103,143201294.76707637,22.24,-4.819794667938302e-06,22.74,ASK
666,1712702582.9877431,143245838.19309255,22.24,-1.3322206102187946e-05,22.74,ASK
667,1712702592.5035057,143246171.19309255,22.25,9.959482304789425e-08,22.74,BID
668,1712702610.4863355,143246171.19309255,22.25,0.0,22.74,BID
669,1712702640.2935605,143246171.19309255,22.25,0.0,22.74,BID
670,1712702670.3380966,143246171.19309255,22.25,0.0,22.74,BID
671,1712702700.3636186,143246171.19309255,22.25,0.0,22.74,BID
672,1712702718.6635869,143246445.75244206,22.24,8.216245609387412e-08,22.74,BID
673,1712702730.3325462,143246445.75244206,22.24,0.0,22.74,BID
674,1712702760.4797533,143246445.75244206,22.24,0.0,22.74,BID
675,1712702762.1972363,143361311.13722023,22.24,3.437364236627133e-05,22.74,BID
676,1712702773.7437792,143361760.5754225,22.25,1.344950705569491e-07,22.74,BID
677,1712702773.7495584,143395083.8784866,22.25,9.972049492548173e-06,22.74,BID
678,1712702774.2034264,143408962.2185866,22.25,-4.1531145362532776e-06,22.74,ASK
679,1712702790.4848764,143408962.2185866,22.25,-0.0,22.74,ASK
680,1712702820.3094342,143408962.2185866,22.25,-0.0,22.74,ASK
681,1712702829.5537615,143519958.47654608,22.25,-3.317990796511625e-05,22.74,ASK
682,1712702850.3071928,143519958.47654608,22.25,-0.0,22.74,ASK
683,1712702880.4785895,143519958.47654608,22.25,-0.0,22.74,ASK
684,1712702886.1838765,143520407.9147483,22.24,1.3425062717033594e-07,22.74,BID
685,1712702910.479771,143520407.9147483,22.24,0.0,22.74,BID
686,1712702940.3447964,143520407.9147483,22.24,0.0,22.74,BID
687,1712702970.338755,143520407.9147483,22.24,0.0,22.74,BID
688,1712703000.4142454,143520407.9147483,22.24,0.0,22.74,BID
689,1712703030.3188088,143520407.9147483,22.24,0.0,22.74,BID
690,1712703051.6770854,143550407.7126628,22.24,8.975040379795981e-06,22.74,BID
691,1712703051.6828756,143560407.9147483,22.24,2.991760737174789e-06,22.74,BID
692,1712703060.4569788,143560407.9147483,22.24,0.0,22.74,BID
693,1712703090.4799263,143560407.9147483,22.24,0.0,22.74,BID
694,1712703120.3306358,143560407.9147483,22.24,0.0,22.74,BID
695,1712703150.3083298,143560407.9147483,22.24,0.0,22.74,BID
696,1712703180.472438,143560407.9147483,22.24,0.0,22.74,BID
697,1712703204.4695325,143561307.15024078,22.23,-2.6895272786750306e-07,22.74,ASK
698,1712703204.4796214,143562307.15024078,22.22,-2.990904275023484e-07,22.74,ASK
699,1712703204.4840436,143562756.15024078,22.23,-1.3429160194855448e-07,22.74,ASK
700,1712703204.488447,143585258.4004658,22.22,-6.730207639562318e-06,22.74,ASK
701,1712703204.4918156,143860407.9147483,22.21,-8.229458585382378e-05,22.74,ASK
702,1712703204.569278,143879241.3460303,22.21,-5.632899013464651e-06,22.74,ASK
703,1712703210.489523,143879241.3460303,22.21,-0.0,22.74,ASK
704,1712703212.0613663,143879691.18858537,22.21,-1.342592377429912e-07,22.74,ASK
705,1712703214.1695592,143929863.3048294,22.24,1.4974283795223212e-05,22.74,BID
706,1712703214.175513,144014583.27491632,22.24,2.5285377021659897e-05,22.74,BID
707,1712703228.7999103,144105634.20819214,22.18,-2.717490544072081e-05,22.74,ASK
708,1712703228.8033674,144297761.8770739,22.21,-5.734209465588119e-05,22.74,ASK
709,1712703228.8067036,144314291.93287006,22.19,-4.933532112508459e-06,22.74,ASK
710,1712703228.810047,144314583.27491632,22.21,-8.695344762761375e-08,22.74,ASK
711,1712703234.6995986,144495277.90961334,22.24,5.392981087477986e-05,22.74,BID
712,1712703240.319643,144495277.90961334,22.24,0.0,22.74,BID
713,1712703270.3425305,144495277.90961334,22.24,0.0,22.74,BID
714,1712703300.460789,144495277.90961334,22.24,0.0,22.74,BID
715,1712703301.840664,144567157.76572844,22.24,2.1396032300450525e-05,22.74,BID
716,1712703301.843468,144582957.76572844,22.23,4.703088300646844e-06,22.74,BID
717,1712703330.4932172,144582957.76572844,22.23,0.0,22.74,BID
718,1712703360.3332262,144582957.76572844,22.23,0.0,22.74,BID
719,1712703390.3273256,144582957.76572844,22.23,0.0,22.74,BID
720,1712703420.3138762,144582957.76572844,22.23,0.0,22.74,BID
721,1712703448.882764,144587456.1912795,22.23,1.33824180567388e-06,22.74,BID
722,1712703450.31327,144587456.1912795,22.23,0.0,22.74,BID
723,1712703480.4720826,144587456.1912795,22.23,0.0,22.74,BID
724,1712703482.7322989,144632440.44679007,22.22,1.338201995348372e-05,22.74,BID
725,1712703510.4840004,144632440.44679007,22.22,0.0,22.74,BID
726,1712703540.3526394,144632440.44679007,22.22,0.0,22.74,BID
727,1712703570.3048222,144632440.44679007,22.22,0.0,22.74,BID
728,1712703598.7530189,144677465.21040905,22.21,-1.339008887626631e-05,22.74,ASK
729,1712703598.7729275,144677465.21041006,22.21,-3.013429556564006e-16,22.74,ASK
730,1712703600.5571294,144677465.21041006,22.21,-0.0,22.74,ASK
731,1712703609.161358,144848901.91505748,22.18,-5.1132493572954607e-05,22.74,ASK
732,1712703612.8277707,144893926.67867747,22.2,-1.3429028755292972e-05,22.74,ASK
733,1712703625.913345,145004467.25514796,22.18,-3.296969180288806e-05,22.74,ASK
734,1712703625.9192133,145005467.25514796,22.19,-2.982587286550691e-07,22.74,ASK
735,1712703625.923953,145006819.8250307,22.18,-4.034157736463033e-07,22.74,ASK
736,1712703630.3246524,145006819.8250307,22.18,-0.0,22.74,ASK
737,1712703632.0737872,145026737.1797705,22.17,-5.927608187996951e-06,22.74,ASK
738,1712703632.0797272,145052099.05904737,22.17,-7.547954295571085e-06,22.74,ASK
739,1712703632.1732135,145075539.24130094,22.17,-6.976037635000574e-06,22.74,ASK
740,1712703660.455287,145075539.24130094,22.17,-0.0,22.74,ASK
741,1712703674.883952,145076077.62794885,22.17,-1.601567480138034e-07,22.74,ASK
742,1712703674.8887675,145113525.19179195,22.17,-1.1139726569062872e-05,22.74,ASK
743,1712703674.9034636,145123157.66425273,22.17,-2.86542296440592e-06,22.74,ASK
744,1712703676.9837332,145123428.17822927,22.18,8.047123557723172e-08,22.74,BID
745,1712703690.4841409,145123428.17822927,22.18,0.0,22.74,BID
746,1712703720.3286576,145123428.17822927,22.18,0.0,22.74,BID
747,1712703750.3256428,145123428.17822927,22.18,0.0,22.74,BID
748,1712703752.9540775,145124448.3596833,22.18,3.0338300161916657e-07,22.74,BID
749,1712703780.4769042,145124448.3596833,22.18,0.0,22.74,BID
750,1712703810.484203,145124448.3596833,22.18,0.0,22.74,BID
751,1712703836.1046877,145169534.02244255,22.18,1.3407547846703794e-05,22.74,BID
752,1712703840.3563929,145169534.02244255,22.18,0.0,22.74,BID
753,1712703870.3323748,145169534.02244255,22.18,0.0,22.74,BID
754,1712703900.4976768,145169534.02244255,22.18,0.0,22.74,BID
755,1712703925.8614342,145169906.09986117,22.15,-1.1116520473375056e-07,22.74,ASK
756,1712703930.4852526,145169906.09986117,22.15,-0.0,22.74,ASK
757,1712703960.3358977,145169906.09986117,22.15,-0.0,22.74,ASK
758,1712703990.3024752,145169906.09986117,22.15,-0.0,22.74,ASK
759,1712704011.846258,145170357.5671298,22.15,-1.348841000751271e-07,22.74,ASK
760,1712704011.849933,145350060.33537936,22.15,-5.368948728146094e-05,22.74,ASK
761,1712704011.996496,145350295.09835902,22.15,7.013973203194292e-08,22.74,BID
762,1712704020.4573407,145350295.09835902,22.15,0.0,22.74,BID
763,1712704050.6374855,145350295.09835902,22.15,0.0,22.74,BID
764,1712704080.3356557,145350295.09835902,22.15,0.0,22.74,BID
765,1712704110.3358805,145350295.09835902,22.15,0.0,22.74,BID
766,1712704140.403117,145350295.09835902,22.15,0.0,22.74,BID
767,1712704162.9927905,145407142.38194644,22.13,-1.6963914334671385e-05,22.74,ASK
768,1712704170.3357923,145407142.38194644,22.13,-0.0,22.74,ASK
769,1712704183.106162,145455939.34097406,22.13,-1.4556135953703334e-05,22.74,ASK
770,1712704200.3578434,145455939.34097406,22.13,-0.0,22.74,ASK
771,1712704205.7497764,145456165.3238028,22.13,-6.774271438444747e-08,22.74,ASK
772,1712704205.7600286,145585032.16661176,22.13,-3.863032326327593e-05,22.74,ASK
773,1712704223.086225,145641879.4501992,22.1,-1.7041070408443844e-05,22.74,ASK
774,1712704227.427541,145642251.5276178,22.1,-1.1153738733066189e-07,22.74,ASK
775,1712704228.836302,145645801.65278742,22.1,-1.0642185370385802e-06,22.74,ASK
776,1712704230.349115,145645801.65278742,22.1,-0.0,22.74,ASK
777,1712704247.176818,145647893.02510783,22.1,-6.261409176183025e-07,22.74,ASK
778,1712704247.4963715,145649522.42697385,22.1,-4.878304879526219e-07,22.74,ASK
779,1712704260.4793684,145649522.42697385,22.1,-0.0,22.74,ASK
780,1712704268.0063272,145650022.42697385,22.1,-1.496925002469046e-07,22.74,ASK
781,1712704283.1557682,145706869.71056128,22.1,-1.7019224024893228e-05,22.74,ASK
782,1712704290.4854712,145706869.71056128,22.1,-0.0,22.74,ASK
783,1712704320.3264077,145706869.71056128,22.1,-0.0,22.74,ASK
784,1712704324.366443,145707322.19924906,22.1,-1.3541694435057858e-07,22.74,ASK
785,1712704327.256858,145707771.19924906,22.11,1.343728797094354e-07,22.74,BID
786,1712704327.2632828,145707781.97721702,22.18,3.2255380671562994e-09,22.74,BID
787,1712704343.206679,145764629.26080444,22.1,-1.7012768818043092e-05,22.74,ASK
788,1712704350.3438685,145764629.26080444,22.1,-0.0,22.74,ASK
789,1712704372.8471506,145769154.14768225,22.1,-1.3536523247117515e-06,22.74,ASK
790,1712704372.8536935,145786867.66869935,22.1,-5.299126707730082e-06,22.74,ASK
791,1712704372.8592408,145791910.90399346,22.1,-1.5087199667725996e-06,22.74,ASK
792,1712704373.0265248,145809898.6134527,22.09,5.381152144417475e-06,22.74,BID
793,1712704380.4905214,145809898.6134527,22.09,0.0,22.74,BID
794,1712704401.0069263,145815351.08624703,22.09,1.6306583404336082e-06,22.74,BID
795,1712704403.2665486,145815577.58081225,22.08,-6.773720214087109e-08,22.74,ASK
796,1712704403.2696056,145860867.4358847,22.08,-1.3544731481801775e-05,22.74,ASK
797,1712704403.2724376,145872198.36983448,22.08,-3.38871602795088e-06,22.74,ASK
798,1712704407.3489082,145892198.36983448,22.09,5.981353422363037e-06,22.74,BID
799,1712704410.4886746,145892198.36983448,22.09,0.0,22.74,BID
800,1712704440.3487058,145892198.36983448,22.09,0.0,22.74,BID
801,1712704446.3468933,145912198.36983448,22.09,5.978104110566538e-06,22.74,BID
802,1712704470.3341289,145912198.36983448,22.09,0.0,22.74,BID
803,1712704487.7672093,145932198.36983448,22.09,5.977314768375926e-06,22.74,BID
804,1712704500.3606248,145932198.36983448,22.09,0.0,22.74,BID
805,1712704526.2173476,145952198.36983448,22.09,-6.010636278909947e-06,22.74,ASK
806,1712704526.222788,146015215.26197165,22.08,-1.89385809031914e-05,22.74,ASK
807,1712704530.3338168,146015215.26197165,22.08,-0.0,22.74,ASK
808,1712704533.6273332,146017479.75472528,22.08,6.801773787896833e-07,22.74,BID
809,1712704560.4890878,146017479.75472528,22.08,0.0,22.74,BID
810,1712704570.5883908,146062746.96487018,22.08,1.3596541604823849e-05,22.74,BID
811,1712704586.487487,146067275.95037743,22.08,1.360334327647856e-06,22.74,BID
812,1712704590.4912293,146067275.95037743,22.08,0.0,22.74,BID
813,1712704620.33029,146067275.95037743,22.08,0.0,22.74,BID
814,1712704628.9776323,146067571.48737743,22.07,-8.873872529221213e-08,22.74,ASK
815,1712704650.3413594,146067571.48737743,22.07,-0.0,22.74,ASK
816,1712704680.4878695,146067571.48737743,22.07,-0.0,22.74,ASK
817,1712704688.420531,146072966.5175634,22.07,1.6199229335280503e-06,22.74,BID
818,1712704688.4236994,146087571.48737743,22.07,4.385318474542001e-06,22.74,BID
819,1712704707.38783,146092102.52498505,22.07,1.3604987331371796e-06,22.74,BID
820,1712704710.4985995,146092102.52498505,22.07,0.0,22.74,BID
821,1712704734.117778,146092329.22489437,22.06,-6.805832044668021e-08,22.74,ASK
822,1712704734.123078,146092517.3960911,22.06,-5.649148975708111e-08,22.74,ASK
823,1712704740.298862,146092517.3960911,22.06,-0.0,22.74,ASK
824,1712704745.6780753,146096862.3164628,22.06,-1.3043991564537687e-06,22.74,ASK
825,1712704745.6846468,146137796.63010773,22.06,-1.2288990273810842e-05,22.74,ASK
826,1712704745.777694,146139527.77430505,22.06,-5.197110274746268e-07,22.74,ASK
827,1712704763.0790937,146144062.92169735,22.05,-1.3615076748997664e-06,22.74,ASK
828,1712704763.0837564,146145770.32559177,22.05,-5.125838931625704e-07,22.74,ASK
829,1712704763.0866165,146167392.5449228,22.01,-6.491259273628665e-06,22.74,ASK
830,1712704763.0895436,146167619.34764388,22.05,-6.808899881996716e-08,22.74,ASK
831,1712704763.0926623,146172608.0097754,22.05,-1.4976584423852694e-06,22.74,ASK
832,1712704763.095573,146173062.55522993,22.0,-1.3646020104801084e-07,22.74,ASK
833,1712704763.0985043,146178503.88129714,22.02,-1.633553788066826e-06,22.74,ASK
834,1712704763.1014469,146217474.03729138,22.01,-1.1699325708409544e-05,22.74,ASK
835,1712704763.1043994,146224762.17505878,22.0,-2.1879896390775144e-06,22.74,ASK
836,1712704763.1073797,146229305.56442723,22.01,-1.3639820186868336e-06,22.74,ASK
837,1712704763.110353,146259467.77430505,22.0,-9.055070693024663e-06,22.74,ASK
838,1712704763.7978585,146303820.0922842,22.0,-1.3315117702835168e-05,22.74,ASK
839,1712704769.3179567,146369880.42984185,22.0,-1.983213527830517e-05,22.74,ASK
840,1712704770.427412,146369880.42984185,22.0,-0.0,22.74,ASK
841,1712704800.3523605,146369880.42984185,22.0,-0.0,22.74,ASK
842,1712704820.6179826,146370285.0867299,22.0,-1.2151286160172525e-07,22.74,ASK
843,1712704824.2179866,146414637.40470904,22.0,-1.3318387095912814e-05,22.74,ASK
844,1712704830.320186,146414637.40470904,22.0,-0.0,22.74,ASK
845,1712704846.278352,146414897.15143037,22.0,-7.797528903785149e-08,22.74,ASK
846,1712704860.50162,146414897.15143037,22.0,-0.0,22.74,ASK
847,1712704863.6983676,146482114.23612002,22.0,-2.0178359091567536e-05,22.74,ASK
848,1712704881.718229,146530143.91797772,22.0,-1.4418360630385897e-05,22.74,ASK
849,1712704881.728812,146536143.91797772,21.99,-1.8011812786646029e-06,22.74,ASK
850,1712704881.734589,146536371.23615953,22.0,-6.824020889687093e-08,22.74,ASK
851,1712704881.739871,146557371.66262066,21.98,-6.3042624976267965e-06,22.74,ASK
852,1712704881.7443545,146561917.1171661,22.0,-1.3645312717107285e-06,22.74,ASK
853,1712704881.7472813,146574913.63932765,21.98,-3.901515400853589e-06,22.74,ASK
854,1712704881.7501998,146579461.16092837,21.99,-1.3651517952576058e-06,22.74,ASK
855,1712704881.753164,146602054.23612002,21.98,-6.7823706771093205e-06,22.74,ASK
856,1712704890.498149,146602054.23612002,21.98,-0.0,22.74,ASK
857,1712704893.528124,146602508.78157455,22.0,1.362847234088217e-07,22.74,BID
858,1712704898.5699224,146662786.62665266,21.98,-1.8072888777668875e-05,22.74,ASK
859,1712704910.1480544,146665516.38097477,21.98,-8.184523881030266e-07,22.74,ASK
860,1712704920.3483045,146665516.38097477,21.98,-0.0,22.74,ASK
861,1712704947.2275846,146709414.15349936,22.0,1.3156208411013096e-05,22.74,BID
862,1712704947.234455,146755516.38097477,22.0,1.3816885869061554e-05,22.74,BID
863,1712704950.3233154,146755516.38097477,22.0,0.0,22.74,BID
864,1712704952.177568,146785516.38097477,22.0,8.98569924021042e-06,22.74,BID
865,1712704957.157168,146790503.9546161,22.0,1.4938945559797512e-06,22.74,BID
866,1712704980.5065398,146790503.9546161,22.0,0.0,22.74,BID
867,1712705005.426187,146795516.38097477,22.0,-1.5009924686804047e-06,22.74,ASK
868,1712705005.4333396,146834856.27259523,22.0,-1.1780498468346114e-05,22.74,ASK
869,1712705010.6537137,146834856.27259523,22.0,-0.0,22.74,ASK
870,1712705040.3379996,146834856.27259523,22.0,-0.0,22.74,ASK
871,1712705052.8752165,146835709.27259523,22.0,-2.553598767188727e-07,22.74,ASK
872,1712705070.3168583,146835709.27259523,22.0,-0.0,22.74,ASK
873,1712705100.4977489,146835709.27259523,22.0,-0.0,22.74,ASK
874,1712705105.763825,146835937.8180498,22.01,-6.84915523480032e-08,22.74,ASK
875,1712705113.6747324,146836187.7836467,22.07,7.491083906738683e-08,22.74,BID
876,1712705130.5055182,146836187.7836467,22.07,0.0,22.74,BID
877,1712705139.4269168,146840731.17301515,22.01,-1.3615795062831724e-06,22.74,ASK
878,1712705139.433279,146845046.01692906,22.01,-1.2930881704302333e-06,22.74,ASK
879,1712705139.436874,146881678.09552646,22.0,-1.0978034996776865e-05,22.74,ASK
880,1712705160.346564,146881678.09552646,22.0,-0.0,22.74,ASK
881,1712705180.812605,146886223.5500719,22.0,-1.3617899426075324e-06,22.74,ASK
882,1712705180.8224158,146927132.640981,22.0,-1.2256109483512436e-05,22.74,ASK
883,1712705190.3538089,146927132.640981,22.0,-0.0,22.74,ASK
884,1712705206.9319258,146936791.181381,22.0,-2.8927720424151555e-06,22.74,ASK
885,1712705207.233493,146972210.76467073,22.0,-1.0608308921561142e-05,22.74,ASK
886,1712705207.240971,146976791.181381,21.98,-1.3718533912273474e-06,22.74,ASK
887,1712705207.272513,146977791.181381,21.98,-2.995040578197123e-07,22.74,ASK
888,1712705207.2791867,146981334.87324944,21.97,-1.0613500942647562e-06,22.74,ASK
889,1712705207.2846076,146981789.60493726,21.98,-1.361939857194988e-07,22.74,ASK
890,1712705207.2900372,147003032.0003697,21.98,-6.362183629827428e-06,22.74,ASK
891,1712705207.2931595,147004032.0003697,21.97,-2.995040578197123e-07,22.74,ASK
892,1712705207.2963026,147004941.46374536,21.98,-2.723879714479235e-07,22.74,ASK
893,1712705207.2994645,147006396.629881,21.97,-4.35828162425696e-07,22.74,ASK
894,1712705214.74853,147007404.59936896,21.97,-3.018909518040072e-07,22.74,ASK
895,1712705214.754377,147009573.326693,21.97,-6.495426338540898e-07,22.74,ASK
896,1712705220.4782453,147009573.326693,21.97,-0.0,22.74,ASK
897,1712705238.6514597,147010573.326693,21.98,-2.993415280166201e-07,22.74,ASK
898,1712705250.4852114,147010573.326693,21.98,-0.0,22.74,ASK
899,1712705280.3107207,147010573.326693,21.98,-0.0,22.74,ASK
900,1712705300.852645,147030573.326693,21.98,-5.986791170079537e-06,22.74,ASK
901,1712705310.3219965,147030573.326693,21.98,-0.0,22.74,ASK
902,1712705340.4700844,147030573.326693,21.98,-0.0,22.74,ASK
903,1712705346.843764,147030912.814693,21.99,-1.0160881736830129e-07,22.74,ASK
904,1712705346.849849,147050573.326693,21.98,-5.8843946564899815e-06,22.74,ASK
905,1712705368.0599668,147050873.326693,22.0,8.979005210787425e-08,22.74,BID
906,1712705370.4742265,147050873.326693,22.0,0.0,22.74,BID
907,1712705400.4214125,147050873.326693,22.0,0.0,22.74,BID
908,1712705427.5191393,147051873.326693,21.99,-3.008316438624135e-07,22.74,ASK
909,1712705427.5990112,147052873.32669252,21.98,-3.0083164371896575e-07,22.74,ASK
910,1712705427.6050854,147059595.901584,21.98,-2.0223632555914595e-06,22.74,ASK
911,1712705427.61873,147059595.90158448,21.98,-1.434477061569278e-16,22.74,ASK
912,1712705427.6789978,147060595.90158448,21.97,-3.008316438624135e-07,22.74,ASK
913,1712705430.3717413,147060595.90158448,21.97,-0.0,22.74,ASK
914,1712705436.0894876,147083786.11825103,21.99,6.975902531830189e-06,22.74,BID
915,1712705442.1094625,147118250.73547304,22.0,1.0367380951829578e-05,22.74,BID
916,1712705442.1169157,147293786.11825103,22.0,5.28032031245767e-05,22.74,BID
917,1712705442.2108586,147294112.58205774,22.0,9.820433023914385e-08,22.74,BID
918,1712705460.4927816,147294112.58205774,22.0,0.0,22.74,BID
919,1712705481.7483582,147320922.3653912,21.99,-8.052269444249268e-06,22.74,ASK
920,1712705481.9083014,147339686.79458043,21.99,5.635862025439538e-06,22.74,BID
921,1712705490.4711747,147339686.79458043,21.99,0.0,22.74,BID
922,1712705519.5400062,147339986.79458043,22.0,9.007733845700322e-08,22.74,BID
923,1712705520.349347,147339986.79458043,22.0,0.0,22.74,BID
924,1712705550.3318484,147339986.79458043,22.0,0.0,22.74,BID
925,1712705565.0578206,147374751.41180244,22.0,1.0438326620470562e-05,22.74,BID
926,1712705565.065336,147409216.02902442,22.0,1.0348249460510649e-05,22.74,BID
927,1712705580.4724195,147409216.02902442,22.0,0.0,22.74,BID
928,1712705604.9073997,147409716.02902442,22.02,-1.500599767895418e-07,22.74,ASK
929,1712705604.9146678,147443980.64624643,22.0,-1.0283495330075032e-05,22.74,ASK
930,1712705610.4772322,147443980.64624643,22.0,-0.0,22.74,ASK
931,1712705635.7170954,147444280.64624643,22.05,9.001532384665507e-08,22.74,BID
932,1712705640.317042,147444280.64624643,22.05,0.0,22.74,BID
933,1712705655.3748057,147447280.64624643,21.97,-9.001514518118417e-07,22.74,ASK
934,1712705655.380672,147499167.27613324,21.96,-1.556860840741071e-05,22.74,ASK
935,1712705655.385358,147504516.56540075,21.97,-1.6050568334369291e-06,22.74,ASK
936,1712705655.3906343,147530219.56985214,22.0,-7.71219892428287e-06,22.74,ASK
937,1712705655.393985,147531219.56985214,21.95,-3.000504839372806e-07,22.74,ASK
938,1712705655.3973973,147551219.56985214,21.97,-6.001009678745611e-06,22.74,ASK
939,1712705655.400738,147551740.2760025,21.95,-1.562381324025225e-07,22.74,ASK
940,1712705655.404108,147556521.74230486,21.96,-1.434681277954437e-06,22.74,ASK
941,1712705655.4074397,147571673.5444438,21.95,-4.546305564306248e-06,22.74,ASK
942,1712705655.410804,147576229.35309982,21.95,-1.36697259196951e-06,22.74,ASK
943,1712705670.318596,147576229.35309982,21.95,-0.0,22.74,ASK
944,1712705677.4672008,147594320.24609575,22.04,5.423464117496714e-06,22.74,BID
945,1712705677.5870926,147604824.47088575,22.04,-3.1490588244349283e-06,22.74,ASK
946,1712705677.593732,147631634.3184937,22.04,-8.037317258467127e-06,22.74,ASK
947,1712705700.471419,147631634.3184937,22.04,-0.0,22.74,ASK
948,1712705730.4905024,147631634.3184937,22.04,-0.0,22.74,ASK
949,1712705760.306002,147631634.3184937,22.04,-0.0,22.74,ASK
950,1712705775.219611,147632504.895798,22.0,2.616484969720526e-07,22.74,BID
951,1712705775.2230935,147914699.35452342,22.0,8.481240622095955e-05,22.74,BID
952,1712705790.3001647,147914699.35452342,22.0,0.0,22.74,BID
953,1712705820.485335,147914699.35452342,22.0,0.0,22.74,BID
954,1712705830.486021,147915029.35452342,22.04,9.899488708576197e-08,22.74,BID
955,1712705838.7358656,147921964.3184934,22.0,-2.080381742883554e-06,22.74,ASK
956,1712705838.8356633,147921964.3184937,22.0,-8.940234968676889e-17,22.74,ASK
957,1712705846.625512,147922294.3184937,22.03,9.899488708576197e-08,22.74,BID
958,1712705850.4878764,147922294.3184937,22.03,0.0,22.74,BID
959,1712705869.027648,147923294.3184937,22.03,2.9996946852016175e-07,22.74,BID
960,1712705880.3143015,147923294.3184937,22.03,0.0,22.74,BID
961,1712705910.3100488,147923294.3184937,22.03,0.0,22.74,BID
962,1712705940.4795046,147923294.3184937,22.03,0.0,22.74,BID
963,1712705963.6655605,147945990.64168933,22.0,-6.8081590158131215e-06,22.74,ASK
964,1712705970.4755373,147945990.64168933,22.0,-0.0,22.74,ASK
965,1712705987.445164,147946990.64168933,21.99,-2.9992256398562885e-07,22.74,ASK
966,1712706000.3775318,147946990.64168933,21.99,-0.0,22.74,ASK
967,1712706002.4466643,147951538.16329005,21.99,1.3726977844180845e-06,22.74,BID
968,1712706021.7850127,147956085.68489078,21.99,1.3726977844180845e-06,22.74,BID
969,1712706030.3137977,147956085.68489078,21.99,0.0,22.74,BID
970,1712706054.9646933,147956317.5030726,22.0,6.997154110399639e-08,22.74,BID
971,1712706060.480056,147956317.5030726,22.0,0.0,22.74,BID
972,1712706067.6851883,147957317.5030726,21.98,-3.018375558148105e-07,22.74,ASK
973,1712706067.6974795,147961867.09360945,21.98,-1.373237287604802e-06,22.74,ASK
974,1712706070.4146972,147963865.10346046,22.0,6.030744099223656e-07,22.74,BID
975,1712706070.4245954,147974381.16741878,21.98,3.1741430419706366e-06,22.74,BID
976,1712706070.428756,148007321.63906398,22.0,9.942671448776112e-06,22.74,BID
977,1712706090.4893508,148007321.63906398,22.0,0.0,22.74,BID
978,1712706120.3038018,148007321.63906398,22.0,0.0,22.74,BID
979,1712706132.4745271,148032247.79029244,22.0,7.5211019760680306e-06,22.74,BID
980,1712706132.4830253,148041193.6089209,22.0,2.699270077734383e-06,22.74,BID
981,1712706141.1277428,148041576.0180987,22.02,1.1538638262008793e-07,22.74,BID
982,1712706141.1313777,148086586.42889783,22.03,1.3581233881722336e-05,22.74,BID
983,1712706144.0943365,148102714.4590409,22.0,-4.866397474180989e-06,22.74,ASK
984,1712706144.1018393,148111512.5801263,22.0,-2.654704501887041e-06,22.74,ASK
985,1712706150.3540018,148111512.5801263,22.0,-0.0,22.74,ASK
986,1712706180.4698353,148111512.5801263,22.0,-0.0,22.74,ASK
987,1712706204.5040812,148111873.1041263,22.0,-1.0870761908109965e-07,22.74,ASK
988,1712706204.5893111,148114607.1041263,22.0,8.243740515255552e-07,22.74,BID
989,1712706204.6843011,148119880.58676964,22.0,1.590095922581068e-06,22.74,BID
990,1712706210.45846,148119880.58676964,22.0,0.0,22.74,BID
991,1712706240.3367271,148119880.58676964,22.0,0.0,22.74,BID
992,1712706260.694199,148129663.28632894,22.0,2.949581576447213e-06,22.74,BID
993,1712706270.3238895,148129663.28632894,22.0,0.0,22.74,BID
994,1712706300.3365242,148129663.28632894,22.0,0.0,22.74,BID
995,1712706309.103804,148136438.73135477,22.0,2.0497243151180207e-06,22.74,BID
996,1712706309.111682,148136761.09372813,22.0,9.7521859068994e-08,22.74,BID
997,1712706314.323777,148137441.98342398,22.0,-2.059844276180116e-07,22.74,ASK
998,1712706314.4237597,148139663.28632894,22.0,-6.71994025217145e-07,22.74,ASK
999,1712706314.431606,148240685.091695,21.99,-3.056136534596727e-05,22.74,ASK
1000,1712706314.484164,148241365.64387086,21.98,-2.0588232023539642e-07,22.74,ASK
1201,1712706320.1446314,148241685.091695,21.98,-9.664014246682076e-08,22.74,ASK
1202,1712706330.3281376,148241685.091695,21.98,-0.0,22.74,ASK
1203,1712706360.491223,148241685.091695,21.98,-0.0,22.74,ASK
1204,1712706381.7790065,148246685.091695,21.97,-1.5114858804581248e-06,22.74,ASK
1205,1712706381.7814624,148252236.7530514,21.97,-1.678251550653553e-06,22.74,ASK
1206,1712706390.4942975,148252236.7530514,21.97,-0.0,22.74,ASK
1207,1712706400.8040233,148253236.7530514,21.96,-3.022759930339673e-07,22.74,ASK
1208,1712706400.807383,148266891.73712057,21.97,-4.127573869370932e-06,22.74,ASK
1209,1712706400.8101258,148272445.4711825,21.96,-1.6787604786154329e-06,22.74,ASK
1210,1712706400.8128486,148281550.86660084,21.96,-2.752342442047451e-06,22.74,ASK
1211,1712706409.183451,148341366.5584947,21.96,1.8080847666226063e-05,22.74,BID
1212,1712706420.3367426,148341366.5584947,21.96,0.0,22.74,BID
1213,1712706450.3331313,148341366.5584947,21.96,0.0,22.74,BID
1214,1712706467.153614,148341666.5584947,21.99,9.062917414918321e-08,22.74,BID
1215,1712706474.4794595,148342122.1393603,21.95,-1.3762972536484208e-07,22.74,ASK
1216,1712706474.483379,148382306.44746643,21.96,-1.2139568858047942e-05,22.74,ASK
1217,1712706474.484705,148387862.25612247,21.95,-1.678394500758345e-06,22.74,ASK
1218,1712706474.4858537,148475362.7681615,21.96,-2.6433663812428185e-05,22.74,ASK
1219,1712706474.4871843,148475590.70799744,21.94,-6.88599969552156e-08,22.74,ASK
1220,1712706474.4883585,148484698.1761213,21.96,-2.751341048849424e-06,22.74,ASK
1221,1712706474.489539,148630251.0602942,21.95,-4.397112562541045e-05,22.74,ASK
1222,1712706474.490747,148731251.0602942,21.94,-3.0511821963558347e-05,22.74,ASK
1223,1712706474.4919655,148737264.73394963,21.94,-1.816714256644878e-06,22.74,ASK
1224,1712706480.48814,148737264.73394963,21.94,-0.0,22.74,ASK
1225,1712706504.4431007,148746380.5042322,21.94,2.746638338224414e-06,22.74,BID
1226,1712706508.6732657,148746680.5042322,21.94,9.03918677111869e-08,22.74,BID
1227,1712706510.4581065,148746680.5042322,21.94,0.0,22.74,BID
1228,1712706529.0431242,148748680.5042322,21.94,6.025749444662983e-07,22.74,BID
1229,1712706529.5030563,148752417.97004807,21.94,1.1260516282218654e-06,22.74,BID
1230,1712706540.3385334,148752417.97004807,21.94,0.0,22.74,BID
1231,1712706561.02313,148756977.93356836,21.93,-1.3738077793771925e-06,22.74,ASK
1232,1712706561.0259404,148758977.93356836,21.93,-6.025520920352819e-07,22.74,ASK
1233,1712706561.0287006,148763371.15855604,21.92,-1.3235734535558413e-06,22.74,ASK
1234,1712706563.7634742,148764539.97736397,21.92,-3.521371089641289e-07,22.74,ASK
1235,1712706563.7730696,148778320.88380253,21.91,-4.151857002348195e-06,22.74,ASK
1236,1712706564.9133406,148804775.92488596,21.91,-7.970270174848619e-06,22.74,ASK
1237,1712706570.2960858,148804775.92488596,21.91,-0.0,22.74,ASK
1238,1712706577.0134976,148805075.92488596,21.91,-9.03515820684298e-08,22.74,ASK
1239,1712706577.0168543,148806765.38175496,21.91,-5.088170031702741e-07,22.74,ASK
1240,1712706577.019226,148896058.44428352,21.91,-2.6892564890632585e-05,22.74,ASK
1241,1712706593.3730292,148992925.56605434,21.91,-2.917365900803212e-05,22.74,ASK
1242,1712706599.6530416,149715824.2020327,21.91,-0.0002177167847858,22.74,ASK
1243,1712706600.3574257,149715824.2020327,21.91,-0.0,22.74,ASK
1244,1712706603.5831492,149716154.2020327,22.04,9.89773185526451e-08,22.74,BID
1245,1712706617.878848,149716693.2020327,22.04,1.61662953635987e-07,22.74,BID
1246,1712706617.8817682,149720265.11062345,22.04,1.0713270740271484e-06,22.74,BID
1247,1712706617.9884226,149720691.40711436,22.04,-1.2785964720740345e-07,22.74,ASK
1248,1712706623.8331769,149735641.13236082,21.9,-4.4838900545252046e-06,22.74,ASK
1249,1712706625.7685156,149766353.50757098,21.9,-9.21160165056048e-06,22.74,ASK
1250,1712706625.7714448,149939116.0053403,21.9,-5.181687507777338e-05,22.74,ASK
1251,1712706625.7730937,149944910.57155037,21.9,-1.737971592871612e-06,22.74,ASK
1252,1712706625.9029727,149949478.86757594,21.89,-1.3701748211092148e-06,22.74,ASK
1253,1712706625.905294,149951392.52678105,21.89,-5.739662325614041e-07,22.74,ASK
1254,1712706625.9075775,149952392.52678105,21.88,-2.999312683413488e-07,22.74,ASK
1255,1712706625.9099977,149956960.82280663,21.89,-1.3701748211092148e-06,22.74,ASK
1256,1712706625.91226,150008377.68752235,21.88,-1.5421525448323e-05,22.74,ASK
1257,1712706626.003049,150008377.68752325,21.88,-2.681594505977769e-16,22.74,ASK
1258,1712706626.0059843,150017522.63493836,21.87,-2.742855677129916e-06,22.74,ASK
1259,1712706626.0128307,150018522.63493836,21.87,-2.999312683413488e-07,22.74,ASK
1260,1712706626.2891235,150018522.6349398,21.87,-4.290551209564429e-16,22.74,ASK
1261,1712706627.0529635,150023097.20035607,21.86,-1.3720552074142675e-06,22.74,ASK
1262,1712706627.0561075,150024097.20035607,21.86,-2.999312683413488e-07,22.74,ASK
1263,1712706630.3300257,150024097.20035607,21.86,-0.0,22.74,ASK
1264,1712706630.8632762,150074097.20035607,21.85,-1.496626289751227e-05,22.74,ASK
1265,1712706630.8656833,150075097.20035607,21.84,-2.9932525795024536e-07,22.74,ASK
1266,1712706630.8680634,150086689.46580228,21.85,-3.469857844916281e-06,22.74,ASK
1267,1712706630.8703897,150091268.22038102,21.84,-1.3705368953720397e-06,22.74,ASK
1268,1712706630.87273,150091725.88628492,21.85,-1.369909647387304e-07,22.74,ASK
1269,1712706630.8750706,150137513.43207246,21.84,-1.3705368953764996e-05,22.74,ASK
1270,1712706631.5399337,150138513.43207246,21.82,-2.9932525795024536e-07,22.74,ASK
1271,1712706631.5413744,150144094.28411093,21.83,-1.6704899759980508e-06,22.74,ASK
1272,1712706631.542733,150148677.23553163,21.82,-1.3717931161728516e-06,22.74,ASK
1273,1712706631.5441177,150158677.23553163,21.83,-2.993252579502454e-06,22.74,ASK
1274,1712706632.0630412,150209112.8155408,21.81,-1.5096642996112784e-05,22.74,ASK
1275,1712706632.0662212,150210352.8155408,21.81,-3.711633198583043e-07,22.74,ASK
1276,1712706633.3526816,150233366.70131338,21.82,6.888637295316747e-06,22.74,BID
1277,1712706641.183241,150233750.36731336,21.95,1.1484092441038741e-07,22.74,BID
1278,1712706641.186648,150233756.70131338,22.06,1.895926190208313e-09,22.74,BID
1279,1712706660.4675891,150233756.70131338,22.06,0.0,22.74,BID
1280,1712706690.488295,150233756.70131338,22.06,0.0,22.74,BID
1281,1712706714.255391,150248706.42655984,22.0,4.468707716198504e-06,22.74,BID
1282,1712706714.372785,150271720.31233257,22.0,-6.879211974593909e-06,22.74,ASK
1283,1712706714.3742983,150283756.70131338,22.0,-3.597865741809068e-06,22.74,ASK
1284,1712706720.3326762,150283756.70131338,22.0,-0.0,22.74,ASK
1285,1712706750.315583,150283756.70131338,22.0,-0.0,22.74,ASK
1286,1712706766.172855,150309856.98252285,21.85,-7.799219613562139e-06,22.74,ASK
1287,1712706766.179178,150314431.54793912,21.86,-1.366959996783592e-06,22.74,ASK
1288,1712706780.4880135,150314431.54793912,21.86,-0.0,22.74,ASK
1289,1712706780.725124,150318842.6639515,21.85,-1.3178545025723262e-06,22.74,ASK
1290,1712706808.802544,150320968.59392363,21.86,-6.351377696908286e-07,22.74,ASK
1291,1712706810.4726915,150320968.59392363,21.86,-0.0,22.74,ASK
1292,1712706840.317515,150320968.59392363,21.86,-0.0,22.74,ASK
1293,1712706870.2984662,150320968.59392363,21.86,-0.0,22.74,ASK
1294,1712706900.4866896,150320968.59392363,21.86,-0.0,22.74,ASK
1295,1712706921.837221,150364587.2207673,21.86,-1.308947081741128e-05,22.74,ASK
1296,1712706921.8398602,150391225.29228935,21.85,-7.993792676459563e-06,22.74,ASK
1297,1712706921.842326,150396032.42848137,21.84,-1.4425687705930353e-06,22.74,ASK
1298,1712706921.8448193,150397032.42848137,21.87,-3.00089016197756e-07,22.74,ASK
1299,1712706921.847331,150402284.00808954,21.86,-1.5759413581005855e-06,22.74,ASK
1300,1712706921.8491292,150439709.59392363,21.85,-1.1231007233575522e-05,22.74,ASK
1301,1712706930.3745017,150454902.4577316,21.84,-4.559211553362084e-06,22.74,ASK
1302,1712706930.3765097,150457225.9581895,21.84,-6.972569665411094e-07,22.74,ASK
1303,1712706930.465946,150478806.84486386,21.84,6.4761870507882575e-06,22.74,BID
1304,1712706930.468491,150569267.84486386,21.84,2.71463524942652e-05,22.74,BID
1305,1712706930.4824362,150569267.84486386,21.84,0.0,22.74,BID
1306,1712706930.4847786,150592708.02712733,21.84,7.026868723506275e-06,22.74,BID
1307,1712706930.5252109,150600893.9140708,21.84,2.4539550200947788e-06,22.74,BID
1308,1712706947.8622074,150602038.6027155,21.85,-3.43153340064849e-07,22.74,ASK
1309,1712706952.7624197,150602272.2107741,22.0,7.003073363919148e-08,22.74,BID
1310,1712706960.3496125,150602272.2107741,22.0,0.0,22.74,BID
1311,1712706990.3373897,150602272.2107741,22.0,0.0,22.74,BID
1312,1712707007.432367,150607899.6106831,21.9,1.6856123679366589e-06,22.74,BID
1313,1712707017.402346,150611258.42843172,21.9,1.006088927431902e-06,22.74,BID
1314,1712707017.4050295,150635296.87095708,21.9,7.200393908691751e-06,22.74,BID
1315,1712707020.5076578,150635296.87095708,21.9,0.0,22.74,BID
1316,1712707024.016689,150635524.5982298,21.98,6.819788417620628e-08,22.74,BID
1317,1712707045.3226087,150665672.3331455,21.86,-9.028394840049708e-06,22.74,ASK
1318,1712707045.3253374,150695868.03837708,21.85,-9.042760594343352e-06,22.74,ASK
1319,1712707045.3280635,150696868.03837708,21.83,-2.994717468922331e-07,22.74,ASK
1320,1712707045.3367355,150697868.03837708,21.84,-2.994717468922331e-07,22.74,ASK
1321,1712707045.3382397,150698868.03837708,21.82,-2.994717468922331e-07,22.74,ASK
1322,1712707045.3397691,150699843.72792652,21.84,-2.921914537971212e-07,22.74,ASK
1323,1712707045.3412838,150704424.579965,21.83,-1.3718357622163236e-06,22.74,ASK
1324,1712707045.3427973,150756064.5982298,21.82,-1.5464726479306572e-05,22.74,ASK
1325,1712707050.482646,150756064.5982298,21.82,-0.0,22.74,ASK
1326,1712707050.9465978,150756293.36535308,21.97,6.84552223679028e-08,22.74,BID
1327,1712707058.8753607,150757340.46899477,21.82,-3.133304803842112e-07,22.74,ASK
1328,1712707058.8782375,150758664.78091976,21.82,-3.9628101280180643e-07,22.74,ASK
1329,1712707062.797108,150758898.60310125,21.97,6.996787474975853e-08,22.74,BID
1330,1712707064.8125513,150759581.60310125,21.82,-2.0437778036685865e-07,22.74,ASK
1331,1712707067.5827577,150759815.42528272,21.97,6.996787474084064e-08,22.74,BID
1332,1712707068.92247,150790511.83676895,21.97,9.185453067035307e-06,22.74,BID
1333,1712707068.9260252,150809815.42528272,21.97,5.776317091592702e-06,22.74,BID
1334,1712707072.6222992,150810049.2474642,21.97,6.996787474975853e-08,22.74,BID
1335,1712707074.0338454,150812056.55938917,21.96,6.006587931597472e-07,22.74,BID
1336,1712707074.0392156,150857573.3889323,21.98,1.362024683947033e-05,22.74,BID
1337,1712707074.0408432,150857983.54914084,21.97,1.2273445537172102e-07,22.74,BID
1338,1712707074.050755,150860049.2474642,21.98,6.181300706262122e-07,22.74,BID
1339,1712707079.2469647,150889248.28025216,21.99,8.737384348550678e-06,22.74,BID
1340,1712707079.249961,150910049.2474642,21.98,6.2243858100773325e-06,22.74,BID
1341,1712707080.315462,150910049.2474642,21.98,0.0,22.74,BID
1342,1712707085.0026622,150917275.80051032,21.99,2.160253123148687e-06,22.74,BID
1343,1712707085.2672875,150960049.2474642,21.99,-1.2786382633661712e-05,22.74,ASK
1344,1712707095.1425667,151051657.13751426,22.0,2.738459530056173e-05,22.74,BID
1345,1712707095.1442735,151051887.13751426,22.0,6.875452448132785e-08,22.74,BID
1346,1712707095.2574265,151060049.24746326,22.0,-2.4399216882926525e-06,22.74,ASK
1347,1712707095.283279,151060049.2474642,22.0,-2.850844527589874e-16,22.74,ASK
1348,1712707095.3425362,151060532.70300958,21.86,-1.4452067882385789e-07,22.74,ASK
1349,1712707097.9225943,151060764.92877197,22.03,6.941987767792634e-08,22.74,BID
1350,1712707099.5944626,151061163.4865444,21.86,-1.1914195705048037e-07,22.74,ASK
1351,1712707102.26247,151061392.67227176,22.03,6.85111117495531e-08,22.74,BID
1352,1712707110.3357768,151061392.67227176,22.03,0.0,22.74,BID
1353,1712707114.2025695,151061875.68509227,21.87,-1.442447914496557e-07,22.74,ASK
1354,1712707120.0058267,151062104.87081963,22.02,6.84430020116777e-08,22.74,BID
1355,1712707124.2226925,151062338.15842822,22.02,6.966796950381892e-08,22.74,BID
1356,1712707130.3645024,151062565.7696907,22.03,6.797281084970349e-08,22.74,BID
1357,1712707131.18623,151063072.36914074,21.9,-1.5128859715102726e-07,22.74,ASK
1358,1712707135.983501,151063299.8895767,22.03,6.794568682600021e-08,22.74,BID
1359,1712707140.4681635,151063299.8895767,22.03,0.0,22.74,BID
1360,1712707140.9252048,151063806.48902676,21.9,-1.5128670556161316e-07,22.74,ASK
1361,1712707146.5224829,151064035.25615004,22.03,6.83171377675138e-08,22.74,BID
1362,1712707155.052568,151064541.1600402,21.91,-1.510789892600485e-07,22.74,ASK
1363,1712707157.526162,151064769.92716348,22.03,6.83171377675138e-08,22.74,BID
1364,1712707159.2027318,151065276.0626946,21.91,-1.51148164618265e-07,22.74,ASK
1365,1712707162.056625,151114262.8637945,21.9,-1.462901658035314e-05,22.74,ASK
1366,1712707162.058406,151163250.82437322,21.91,-1.462936283759805e-05,22.74,ASK
1367,1712707162.0600927,151185816.35269463,21.9,-6.738784336728389e-06,22.74,ASK
1368,1712707164.9525156,151186072.32448196,22.0,7.644131555698068e-08,22.74,BID
1369,1712707170.4472556,151186072.32448196,22.0,0.0,22.74,BID
1370,1712707171.823949,151186305.74951634,21.9,-6.96521996983582e-08,22.74,ASK
1371,1712707172.8528,151191057.28728122,22.0,1.4178216066715693e-06,22.74,BID
1372,1712707172.9844413,151191305.74951634,22.0,-7.413918247754882e-08,22.74,ASK
1373,1712707176.8124678,151191539.0675732,21.9,-6.962027844461798e-08,22.74,ASK
1374,1712707182.7930176,151192449.39984447,21.9,-2.716360107687383e-07,22.74,ASK
1375,1712707185.7377827,151192681.8655979,21.9,-6.936595778933022e-08,22.74,ASK
1376,1712707186.3427663,151192910.63272116,22.03,6.826231554773127e-08,22.74,BID
1377,1712707187.570232,151193143.0984746,21.9,-6.936595778933022e-08,22.74,ASK
1378,1712707189.877886,151193371.86559787,22.03,6.826231555662407e-08,22.74,BID
1379,1712707193.608524,151193604.3313513,21.9,-6.936595778933022e-08,22.74,ASK
1380,1712707195.5937674,151193833.0984746,22.03,6.826231555662407e-08,22.74,BID
1381,1712707200.0525882,232.46575343,21.9,-6.936595778751344e-08,21.9,ASK
1382,1712707200.4496546,232.46575343,21.9,-0.0,21.9,ASK
1383,1712707201.4772844,464.93150686,21.9,-6.985105425514222e-08,21.9,ASK
1384,1712707202.9924598,22045.81818124,22.02,-6.484601123924756e-06,22.02,ASK
1385,1712707202.994317,227720.33196285,22.02,-6.180085199252929e-05,22.02,ASK
1386,1712707203.1647236,228292.99672865,21.9,-1.7207367982462536e-07,22.02,ASK
1387,1712707205.7357967,229213.46376161,21.9,-2.765809230421536e-07,22.02,ASK
1388,1712707217.5016518,232569.01667758,21.91,-1.0082728545217686e-06,22.02,ASK
1389,1712707217.5035367,282569.01667758,21.92,-1.5023945081049493e-05,22.02,ASK
1390,1712707217.8447187,282800.00578828,22.03,6.940735426953657e-08,22.03,BID
1391,1712707230.4561746,282800.00578828,22.03,0.0,22.03,BID
1392,1712707230.7670994,287807.51534048,22.0,1.5018456034189926e-06,22.03,BID
1393,1712707230.8134096,292800.00578828,22.0,-1.4973410936071995e-06,22.03,ASK
1394,1712707239.5821276,297341.33185549,22.02,1.362028472763451e-06,22.03,BID
1395,1712707248.824573,298497.52753653,22.01,3.467646705734309e-07,22.03,BID
1396,1712707257.0145624,348497.52753653,22.0,1.4995933485130962e-05,22.03,BID
1397,1712707260.3221002,348497.52753653,22.0,0.0,22.03,BID
1398,1712707260.7503622,348497.52753653,22.0,0.0,22.03,BID
1399,1712707262.040059,349379.54085433,22.01,2.6441763144875934e-07,22.03,BID
1400,1712707262.0419216,352775.00652968,22.01,1.0179222619688149e-06,22.03,BID
1401,1712707262.043738,353497.52753653,22.01,2.166036378903848e-07,22.03,BID
1402,1712707272.0228035,580030.40698567,22.01,6.791199885577081e-05,22.03,BID
1403,1712707272.0448594,593497.52753653,22.01,4.037290647011235e-06,22.03,BID
1404,1712707277.5111382,612396.38373279,22.02,5.665663648900641e-06,22.03,BID
1405,1712707277.5649607,613497.52753653,22.02,-3.301104763311937e-07,22.03,ASK
1406,1712707285.499343,618038.85360374,21.93,-1.361438266400911e-06,22.03,ASK
1407,1712707285.5051184,624263.157874,21.91,-1.865976124559757e-06,22.03,ASK
1408,1712707285.5124505,628804.48394121,21.94,-1.361438266400911e-06,22.03,ASK
1409,1712707287.3240092,650619.42684466,21.91,-6.539873510195765e-06,22.03,ASK
1410,1712707287.3282764,696281.52730128,21.91,-1.3688982021076942e-05,22.03,ASK
1411,1712707287.443416,725207.32178493,21.91,8.671626505842124e-06,22.03,BID
1412,1712707287.4626942,730470.32178493,21.91,1.5777879610547573e-06,22.03,BID
1413,1712707287.5426483,759396.11626858,21.91,8.671626505842124e-06,22.03,BID
1414,1712707290.50501,759396.11626858,21.91,0.0,22.03,BID
1415,1712707307.1108348,763962.32631424,21.9,-1.3652025896574084e-06,22.03,ASK
1416,1712707307.112825,816680.47075983,21.86,-1.5761637462879697e-05,22.03,ASK
1417,1712707307.1677885,818680.47075983,21.94,5.979587342702158e-07,22.03,BID
1418,1712707311.3587258,823398.40777489,22.0,1.4105658229459348e-06,22.03,BID
1419,1712707311.3717158,823680.47075983,21.94,8.433101272960483e-08,22.03,BID
1420,1712707316.392879,823970.04329697,22.0,8.65762138938216e-08,22.03,BID
1421,1712707316.4267151,873680.47075983,22.02,1.4862392142861576e-05,22.03,BID
1422,1712707320.4101858,873680.47075983,22.02,0.0,22.03,BID
1423,1712707320.5972548,873680.47075983,22.02,0.0,22.03,BID
1424,1712707320.993186,876688.18774256,22.02,8.985717292921789e-07,22.03,BID
1425,1712707321.0142598,877680.47075983,22.02,-2.964499226141146e-07,22.03,ASK
1426,1712707326.7559035,878180.47075983,22.02,1.493777064882867e-07,22.03,BID
1427,1712707330.5092266,878672.75375983,22.02,1.470722109663626e-07,22.03,BID
1428,1712707330.5687883,878680.47075983,22.02,-2.305495521924079e-09,22.03,ASK
1429,1712707339.1601038,889270.78226507,21.86,-3.163912887298544e-06,22.03,ASK
1430,1712707350.407437,889270.78226507,21.86,-0.0,22.03,ASK
1431,1712707371.4969978,889728.23880669,21.86,-1.3665367166881205e-07,22.03,ASK
1432,1712707371.4989767,892010.30179163,21.91,-6.817090969279813e-07,22.03,ASK
1433,1712707371.5836928,901799.60331603,21.86,2.924308376146709e-06,22.03,BID
1434,1712707371.677904,902805.60331603,21.86,3.005172758312699e-07,22.03,BID
1435,1712707372.1818297,915489.17789691,21.86,3.788899881559441e-06,22.03,BID
1436,1712707379.45402,915946.63443853,21.86,1.3665367166881205e-07,22.03,BID
1437,1712707380.449469,915946.63443853,21.86,0.0,22.03,BID
1438,1712707380.6674378,915946.63443853,21.86,0.0,22.03,BID
1439,1712707400.1026545,917378.07143951,21.86,4.275314234475791e-07,22.03,BID
1440,1712707403.4332578,927378.07143951,21.99,2.986728882618474e-06,22.03,BID
1441,1712707408.8337984,976772.74082986,22.01,1.47528485715549e-05,22.03,BID
1442,1712707408.838103,981780.25038206,21.9,1.4956073409543568e-06,22.03,BID
1443,1712707408.8415396,986787.75993427,21.9,1.4956073409573815e-06,22.03,BID
1444,1712707408.843466,987378.07143951,21.99,1.7631004224420636e-07,22.03,BID
1445,1712707410.482079,987378.07143951,21.99,0.0,22.03,BID
1446,1712707414.9527187,990346.77510568,22.01,8.86255539179023e-07,22.03,BID
1447,1712707415.075559,990378.07143951,22.01,-9.342983447252209e-09,22.03,ASK
1448,1712707440.4464092,990378.07143951,22.01,-0.0,22.03,ASK
1449,1712707440.59578,990378.07143951,22.01,-0.0,22.03,ASK
1450,1712707470.5141523,990378.07143951,22.01,-0.0,22.03,ASK
1451,1712707500.4167924,990378.07143951,22.01,-0.0,22.03,ASK
1452,1712707500.8272054,990378.07143951,22.01,-0.0,22.03,ASK
1453,1712707505.7914872,992195.42718689,21.99,5.459450293616014e-07,22.03,BID
1454,1712707516.3030512,995895.42718689,21.87,-1.1115031339075993e-06,22.03,ASK
1455,1712707530.5029807,995895.42718689,21.87,-0.0,22.03,ASK
1456,1712707535.878363,1027195.42718689,21.87,-9.4023742634302e-06,22.03,ASK
1457,1712707541.0325644,1032338.72554723,21.86,-1.545022879629491e-06,22.03,ASK
1458,1712707558.8143556,1059326.49075553,21.86,-8.106999010288106e-06,22.03,ASK
1459,1712707560.470911,1059326.49075553,21.86,-0.0,22.03,ASK
1460,1712707560.611325,1059326.49075553,21.86,-0.0,22.03,ASK
1461,1712707563.9138017,1104477.62239085,21.86,-1.3557541328925623e-05,22.03,ASK
1462,1712707563.9255517,1106766.04874034,21.86,-6.871463391438553e-07,22.03,ASK
1463,1712707564.5373707,1152490.7858231,21.86,1.3729777976790364e-05,22.03,BID
1464,1712707568.3935916,1153490.7858231,21.84,-3.002702443524164e-07,22.03,ASK
1465,1712707568.3971193,1167678.42884369,21.85,-4.2601270365774345e-06,22.03,ASK
1466,1712707568.4005923,1168678.42884369,21.83,-3.002702443524164e-07,22.03,ASK
1467,1712707568.4026096,1234119.14116617,21.83,-1.96498986796672e-05,22.03,ASK
1468,1712707568.4937358,1415737.53747517,21.83,5.453460023859749e-05,22.03,BID
1469,1712707568.4960124,1415737.53747551,21.83,1.020716868235096e-16,22.03,BID
1470,1712707589.723879,1417109.27958799,21.87,4.118933393028309e-07,22.03,BID
1471,1712707590.3345,1417109.27958799,21.87,0.0,22.03,BID
1472,1712707600.105847,1670405.95086826,21.87,-7.587942703141561e-05,22.03,ASK
1473,1712707616.2117012,1670735.95086826,21.99,9.885724432857e-08,22.03,BID
1474,1712707617.3928814,1671193.19823908,21.87,-1.369764092597837e-07,22.03,ASK
1475,1712707620.5534315,1671193.19823908,21.87,-0.0,22.03,ASK
1476,1712707620.5648458,1671193.19823908,21.87,-0.0,22.03,ASK
1477,1712707621.2317984,1671741.89508409,21.87,1.6409852408257405e-07,22.03,BID
1478,1712707627.9401133,1672071.89508409,21.99,9.869295484330177e-08,22.03,BID
1479,1712707635.687524,2029383.13131382,21.88,-0.0001068609142491,22.03,ASK
1480,1712707641.0125396,2329383.13131382,21.9,-8.972086803936522e-05,22.03,ASK
1481,1712707642.0955925,2329713.13131382,21.99,9.869295484330177e-08,22.03,BID
1482,1712707642.873027,2361107.9314035,21.99,9.38922905322814e-06,22.03,BID
1483,1712707642.876679,2362868.8716817,21.99,5.266436344186077e-07,22.03,BID
1484,1712707642.8801997,2372212.50517682,22.0,2.794396359412808e-06,22.03,BID
1485,1712707642.8836713,2372212.50517835,22.0,4.57625172376251e-16,22.03,BID
1486,1712707643.8528094,2383213.28530892,22.03,-3.289998474749753e-06,22.03,ASK
1487,1712707643.857388,2430921.91739363,22.03,-1.4268199612036322e-05,22.03,ASK
1488,1712707643.9529417,2480921.91739363,22.05,1.495347800656087e-05,22.05,BID
1489,1712707644.0526505,2520921.91739363,22.06,1.1962782405248694e-05,22.06,BID
1490,1712707644.0548785,2552074.72198663,22.06,9.316855566482309e-06,22.06,BID
1491,1712707644.0727432,2552074.72198683,22.06,5.974473492069741e-17,22.06,BID
1492,1712707644.0974514,2602074.72198683,22.08,1.495347800656087e-05,22.08,BID
1493,1712707644.0995436,2607666.83133729,22.08,1.6724296836477749e-06,22.08,BID
1494,1712707644.1016295,2649839.85207307,22.1,1.2612666760854506e-05,22.1,BID
1495,1712707644.1037269,2769019.08519268,22.08,3.5642880825857506e-05,22.1,BID
1496,1712707646.1227653,2769999.15573607,22.1,2.931092663092802e-07,22.1,BID
1497,1712707646.8243082,2776846.0644569,22.1,2.047701979397221e-06,22.1,BID
1498,1712707646.828973,2777076.0644569,22.1,6.878599883017999e-08,22.1,BID
1499,1712707646.9450312,2788548.16043161,22.1,-3.430954696939581e-06,22.1,ASK
1500,1712707650.4450755,2788548.16043161,22.1,-0.0,22.1,ASK
1501,1712707651.1887455,2788878.16043161,22.12,9.797398927898137e-08,22.12,BID
1502,1712707651.5539978,2789016.34943161,22.12,4.102705334696135e-08,22.12,BID
1503,1712707651.9298851,2839016.34943161,22.13,1.4844543830148691e-05,22.13,BID
1504,1712707652.0945945,2839271.03943161,22.13,7.561513736199484e-08,22.13,BID
1505,1712707652.1944425,2889271.03943161,22.15,1.4844543830148691e-05,22.15,BID
1506,1712707653.0335865,2992812.96056193,22.1,-3.07406517295367e-05,22.15,ASK
1507,1712707653.035898,3009271.03943161,22.12,-4.886253462820159e-06,22.15,ASK
1508,1712707653.3596473,3049119.34927861,22.15,1.183059964162276e-05,22.15,BID
1509,1712707653.9834993,3141841.33533695,22.16,2.7528311721229265e-05,22.16,BID
1510,1712707653.9857776,3181841.33533695,22.16,1.1875635064118952e-05,22.16,BID
1511,1712707654.0649164,3341854.84544895,22.18,4.750655128547041e-05,22.18,BID
1512,1712707654.077032,3341854.84544947,22.18,1.5442590656016103e-16,22.18,BID
1513,1712707654.1355157,3371119.75555647,22.19,8.688484815374399e-06,22.19,BID
1514,1712707654.1391325,3387294.85675374,22.19,4.802239973599364e-06,22.19,BID
1515,1712707654.2192276,3416362.31828674,22.2,8.629864135155659e-06,22.2,BID
1516,1712707654.2401023,3466362.31828674,22.2,1.4844543830148691e-05,22.2,BID
1517,1712707654.2423117,3466594.13646855,22.2,6.882470321006935e-08,22.2,BID
1518,1712707654.2444875,3538214.13147717,22.2,2.12633231004098e-05,22.2,BID
1519,1712707654.4085407,3547929.20798482,22.22,2.884317580621121e-06,22.22,BID
1520,1712707655.1781774,3548437.78598482,22.21,1.5099216824105028e-07,22.22,BID
1521,1712707655.1819484,3584260.05009647,22.22,1.0635303394010933e-05,22.22,BID
1522,1712707655.189328,3584494.81307615,22.22,6.969898683118268e-08,22.22,BID
1523,1712707655.261443,3584944.65563126,22.23,1.33554150519893e-07,22.23,BID
1524,1712707655.269635,3695073.59125011,22.23,3.269627623523283e-05,22.23,BID
1525,1712707656.831142,3762519.63441557,22.24,2.00241148787955e-05,22.24,BID
1526,1712707656.8334663,4201290.06429264,22.24,0.0001302669375536,22.24,BID
1527,1712707656.8357277,4201523.10856466,22.24,6.918871820717954e-08,22.24,BID
1528,1712707656.932026,4201972.54676691,22.25,1.33434101844813e-07,22.25,BID
1529,1712707656.9343157,4212445.623928,22.25,3.109361059086728e-06,22.25,BID
1530,1712707657.2427485,4251972.54676691,22.25,1.1735182771061964e-05,22.25,BID
1531,1712707657.247598,4300746.98507483,22.26,1.4480685745056176e-05,22.26,BID
1532,1712707657.2528963,4301196.22137313,22.26,1.3337415840398228e-07,22.26,BID
1533,1712707657.256463,4301645.255947,22.27,1.333142682615182e-07,22.27,BID
1534,1712707657.3263102,4351645.255947,22.28,1.4844543830148691e-05,22.28,BID
1535,1712707657.328591,4351645.2559488,22.27,5.342002712161703e-16,22.28,BID
1536,1712707657.3308449,4352094.08898292,22.28,1.3325443294840774e-07,22.28,BID
1537,1712707657.3332984,4443585.47389294,22.28,2.7162957467555946e-05,22.28,BID
1538,1712707657.8801477,4446592.58519294,22.24,-8.927839098997052e-07,22.28,ASK
1539,1712707658.2596047,4447041.21686634,22.29,1.3319465078739478e-07,22.29,BID
1540,1712707658.261994,4447413.40916634,22.3,1.1050049821194473e-07,22.3,BID
1541,1712707658.2643082,4449890.52003377,22.29,7.35431616874181e-07,22.3,BID
1542,1712707658.2665904,4811913.45413715,22.3,0.0001074813062563,22.3,BID
1543,1712707658.268903,4823836.12531869,22.29,3.5397322985364258e-06,22.3,BID
1544,1712707658.2712,4874739.10126651,22.3,1.511262915084827e-05,22.3,BID
1545,1712707658.3450632,4902734.54722721,22.31,8.311592492163557e-06,22.31,BID
1546,1712707658.347366,4903415.97377418,22.31,2.0230932487029784e-07,22.31,BID
1547,1712707658.5145931,4910904.59767418,22.31,-2.2233041142209823e-06,22.31,ASK
1548,1712707659.208758,4940628.8368111,22.31,-8.824855413716693e-06,22.31,ASK
1549,1712707659.2113135,4960904.59767418,22.31,-6.019688416431998e-06,22.31,ASK
1550,1712707659.752854,4980904.59767418,22.32,5.937817532059477e-06,22.32,BID
1551,1712707659.7578506,4981600.97734802,22.32,2.0674877181499253e-07,22.32,BID
1552,1712707659.915656,4982569.50035044,22.33,2.875456431985054e-07,22.33,BID
1553,1712707659.9180226,5527682.71194286,22.33,0.0001618391392375,22.33,BID
1554,1712707659.942098,5592624.51522999,22.33,1.9280628906093867e-05,22.33,BID
1555,1712707661.743009,5638074.94742972,22.34,1.3493818657762028e-05,22.34,BID
1556,1712707661.745403,5638522.57500358,22.34,1.3289654279492158e-07,22.34,BID
1557,1712707662.203117,5638970.00229665,22.35,1.3283708125554726e-07,22.35,BID
1558,1712707662.2082503,5658970.00229665,22.35,5.937817532059477e-06,22.35,BID
1559,1712707663.0258532,5659201.88240564,22.36,6.884308882476747e-08,22.36,BID
1560,1712707663.0328794,5681960.18918762,22.36,6.756733650501509e-06,22.36,BID
1561,1712707663.0367815,5690900.73456089,22.37,2.654366353178878e-06,22.37,BID
1562,1712707663.040498,5713413.11637089,22.36,6.683720769991792e-06,22.37,BID
1563,1712707663.0427797,5713859.74432981,22.39,1.3259976623911214e-07,22.39,BID
1564,1712707663.045298,5714306.97152123,22.36,1.3277767290145053e-07,22.39,BID
1565,1712707663.047602,5714753.9987899,22.37,1.327183176607412e-07,22.39,BID
1566,1712707663.0499082,5716094.48136364,22.38,3.9797704638873386e-07,22.39,BID
1567,1712707663.052243,5717901.89546764,22.39,5.366047577210595e-07,22.39,BID
1568,1712707663.0545547,5767901.89546764,22.38,1.4844543830148691e-05,22.39,BID
1569,1712707663.2471335,5817901.89546764,22.35,-1.4844543830148691e-05,22.39,ASK
1570,1712707664.2530074,5818172.05046764,22.4,8.020655476875382e-08,22.4,BID
1571,1712707664.2573247,5868849.37546638,22.4,1.504563544276975e-05,22.4,BID
1572,1712707664.2602165,5869295.80403781,22.4,1.325405699124764e-07,22.4,BID
1573,1712707664.262561,5871626.80403773,22.42,6.920526333377529e-07,22.42,BID
1574,1712707664.2648847,5871854.74387364,22.4,6.767325769598489e-08,22.42,BID
1575,1712707664.267234,5881854.74387364,22.41,2.9689087660297384e-06,22.42,BID
