,time,acc_trade_volume,trade_price,dev,high,ask_bid
0,1712689619.1613555,1528367.61112265,1852.0,0.0,1909.0,BID
1,1712689620.3843174,1528367.61112265,1852.0,0.0,1909.0,BID
2,1712689650.3936522,1528367.61112265,1852.0,0.0,1909.0,BID
3,1712689650.9320824,1529012.74436533,1850.0,-1.981495457976864e-07,1909.0,ASK
4,1712689650.933571,1529015.70868965,1850.0,-9.1047783425114e-10,1909.0,ASK
5,1712689650.9518275,1529015.70869021,1850.0,-1.7198829045179102e-16,1909.0,ASK
6,1712689651.4724095,1529069.67523021,1849.0,-1.6575560956737506e-08,1909.0,ASK
7,1712689680.401893,1529069.67523021,1849.0,-0.0,1909.0,ASK
8,1712689684.9520435,1529069.67523095,1849.0,-2.2717706389189183e-16,1909.0,ASK
9,1712689710.3923366,1529069.67523095,1849.0,-0.0,1909.0,ASK
10,1712689740.6033363,1529069.67523095,1849.0,-0.0,1909.0,ASK
11,1712689770.5830126,1529069.67523095,1849.0,-0.0,1909.0,ASK
12,1712689800.3859558,1529069.67523095,1849.0,-0.0,1909.0,ASK
13,1712689830.3939135,1529069.67523095,1849.0,-0.0,1909.0,ASK
14,1712689851.8927448,1529085.67523095,1848.0,-4.912435111383746e-09,1909.0,ASK
15,1712689851.8940148,1529089.13595095,1848.0,-1.0625351524444035e-09,1909.0,ASK
16,1712689856.9922235,1529097.19180487,1844.0,-2.473366228066776e-09,1909.0,ASK
17,1712689857.172191,1529105.24765879,1844.0,-2.473366228066776e-09,1909.0,ASK
18,1712689860.5825026,1529105.24765879,1844.0,-0.0,1909.0,ASK
19,1712689890.572345,1529105.24765879,1844.0,-0.0,1909.0,ASK
20,1712689906.02271,1529158.53174969,1848.0,1.6359335076640393e-08,1909.0,BID
21,1712689920.3758712,1529158.53174969,1848.0,0.0,1909.0,BID
22,1712689950.40348,1529158.53174969,1848.0,0.0,1909.0,BID
23,1712689980.5720668,1529158.53174969,1848.0,0.0,1909.0,BID
24,1712689981.1422446,1529161.81637429,1844.0,-1.0084182553946968e-09,1909.0,ASK
25,1712690010.5824833,1529161.81637429,1844.0,-0.0,1909.0,ASK
26,1712690016.1522255,1529196.38658259,1844.0,-1.0613439452526382e-08,1909.0,ASK
27,1712690016.2320163,1529461.21316014,1844.0,8.130471248143387e-08,1909.0,BID
28,1712690016.251979,1530340.604056,1844.0,2.699828114237618e-07,1909.0,BID
29,1712690034.5621336,1530817.78234585,1844.0,-1.4649905616556758e-07,1909.0,ASK
30,1712690040.372076,1530817.78234585,1844.0,-0.0,1909.0,ASK
31,1712690070.3722436,1530817.78234585,1844.0,-0.0,1909.0,ASK
32,1712690081.5221264,1531088.21037615,1848.0,8.29466593059735e-08,1909.0,BID
33,1712690100.4143653,1531088.21037615,1848.0,0.0,1909.0,BID
34,1712690130.372376,1531088.21037615,1848.0,0.0,1909.0,BID
35,1712690160.582298,1531088.21037615,1848.0,0.0,1909.0,BID
36,1712690190.6320734,1531088.21037615,1848.0,0.0,1909.0,BID
37,1712690220.3945382,1531088.21037615,1848.0,0.0,1909.0,BID
38,1712690250.4342017,1531088.21037615,1848.0,0.0,1909.0,BID
39,1712690280.5634508,1531088.21037615,1848.0,0.0,1909.0,BID
40,1712690310.591848,1531088.21037615,1848.0,0.0,1909.0,BID
41,1712690340.3736815,1531088.21037615,1848.0,0.0,1909.0,BID
42,1712690370.3928208,1531088.21037615,1848.0,0.0,1909.0,BID
43,1712690400.4123423,1531088.21037615,1848.0,0.0,1909.0,BID
44,1712690430.3864653,1531088.21037615,1848.0,0.0,1909.0,BID
45,1712690460.5731423,1531088.21037615,1848.0,0.0,1909.0,BID
46,1712690490.5946934,1531088.21037615,1848.0,0.0,1909.0,BID
47,1712690520.384725,1531088.21037615,1848.0,0.0,1909.0,BID
48,1712690544.9224892,1531091.60405397,1853.0,1.0434337713402063e-09,1909.0,BID
49,1712690544.9234235,1531142.23156072,1851.0,1.5566135945650368e-08,1909.0,BID
50,1712690550.3959858,1531142.23156072,1851.0,0.0,1909.0,BID
51,1712690569.1761427,1531144.93718842,1852.0,8.318575497905817e-10,1909.0,BID
52,1712690576.5525515,1531150.1821762,1848.0,-1.612595363071484e-09,1909.0,ASK
53,1712690580.5728784,1531150.1821762,1848.0,-0.0,1909.0,ASK
54,1712690604.9222376,1531152.88007603,1856.0,8.29477831182536e-10,1909.0,BID
55,1712690610.582765,1531152.88007603,1856.0,0.0,1909.0,BID
56,1712690640.3824327,1531152.88007603,1856.0,0.0,1909.0,BID
57,1712690670.3839233,1531152.88007603,1856.0,0.0,1909.0,BID
58,1712690700.5821707,1531152.88007603,1856.0,0.0,1909.0,BID
59,1712690730.6120226,1531152.88007603,1856.0,0.0,1909.0,BID
60,1712690760.3521955,1531152.88007603,1856.0,0.0,1909.0,BID
61,1712690790.3752766,1531152.88007603,1856.0,0.0,1909.0,BID
62,1712690820.5732813,1531152.88007603,1856.0,0.0,1909.0,BID
63,1712690850.5953026,1531152.88007603,1856.0,0.0,1909.0,BID
64,1712690880.3840296,1531152.88007603,1856.0,0.0,1909.0,BID
65,1712690910.3663764,1531152.88007603,1856.0,0.0,1909.0,BID
66,1712690940.5734496,1531152.88007603,1856.0,0.0,1909.0,BID
67,1712690970.5822906,1531152.88007603,1856.0,0.0,1909.0,BID
68,1712691000.4517324,1531152.88007603,1856.0,0.0,1909.0,BID
69,1712691030.3716974,1531152.88007603,1856.0,0.0,1909.0,BID
70,1712691056.7516549,1531691.67317947,1853.0,-1.656740092394374e-07,1909.0,ASK
71,1712691060.5718827,1531691.67317947,1853.0,-0.0,1909.0,ASK
72,1712691090.605134,1531691.67317947,1853.0,-0.0,1909.0,ASK
73,1712691120.40179,1531691.67317947,1853.0,-0.0,1909.0,ASK
74,1712691150.3735545,1531691.67317947,1853.0,-0.0,1909.0,ASK
75,1712691180.553632,1531691.67317947,1853.0,-0.0,1909.0,ASK
76,1712691210.5731556,1531691.67317947,1853.0,-0.0,1909.0,ASK
77,1712691217.031464,1531702.46648761,1853.0,3.317826141477637e-09,1909.0,BID
78,1712691240.363947,1531702.46648761,1853.0,0.0,1909.0,BID
79,1712691270.3802643,1531702.46648761,1853.0,0.0,1909.0,BID
80,1712691271.8519366,1531705.17648761,1850.0,-8.330396435487231e-10,1909.0,ASK
81,1712691271.854212,1531768.22612479,1848.0,-1.9381124458697792e-08,1909.0,ASK
82,1712691300.562431,1531768.22612479,1848.0,-0.0,1909.0,ASK
83,1712691330.5713427,1531768.22612479,1848.0,-0.0,1909.0,ASK
84,1712691357.2819896,1531963.893978,1851.0,6.026209294533292e-08,1909.0,BID
85,1712691360.3938773,1531963.893978,1851.0,0.0,1909.0,BID
86,1712691390.3955748,1531963.893978,1851.0,0.0,1909.0,BID
87,1712691420.561324,1531963.893978,1851.0,0.0,1909.0,BID
88,1712691450.5816965,1531963.893978,1851.0,0.0,1909.0,BID
89,1712691480.3632853,1531963.893978,1851.0,0.0,1909.0,BID
90,1712691510.362725,1531963.893978,1851.0,0.0,1909.0,BID
91,1712691540.5614796,1531963.893978,1851.0,0.0,1909.0,BID
92,1712691570.5714867,1531963.893978,1851.0,0.0,1909.0,BID
93,1712691600.375172,1531963.893978,1851.0,0.0,1909.0,BID
94,1712691630.3818345,1531963.893978,1851.0,0.0,1909.0,BID
95,1712691660.5714824,1531963.893978,1851.0,0.0,1909.0,BID
96,1712691690.581634,1531963.893978,1851.0,0.0,1909.0,BID
97,1712691720.3915591,1531963.893978,1851.0,0.0,1909.0,BID
98,1712691750.373891,1531963.893978,1851.0,0.0,1909.0,BID
99,1712691780.5738044,1531963.893978,1851.0,0.0,1909.0,BID
100,1712691810.621815,1531963.893978,1851.0,0.0,1909.0,BID
101,1712691840.3661127,1531963.893978,1851.0,0.0,1909.0,BID
102,1712691870.3735323,1531963.893978,1851.0,0.0,1909.0,BID
103,1712691900.4065702,1531963.893978,1851.0,0.0,1909.0,BID
104,1712691930.3814752,1531963.893978,1851.0,0.0,1909.0,BID
105,1712691960.561458,1531963.893978,1851.0,0.0,1909.0,BID
106,1712691990.574499,1531963.893978,1851.0,0.0,1909.0,BID
107,1712692020.3657355,1531963.893978,1851.0,0.0,1909.0,BID
108,1712692050.3632424,1531963.893978,1851.0,0.0,1909.0,BID
109,1712692080.5513258,1531963.893978,1851.0,0.0,1909.0,BID
110,1712692110.5814774,1531963.893978,1851.0,0.0,1909.0,BID
111,1712692140.391413,1531963.893978,1851.0,0.0,1909.0,BID
112,1712692170.37362,1531963.893978,1851.0,0.0,1909.0,BID
113,1712692200.4036443,1531963.893978,1851.0,0.0,1909.0,BID
114,1712692230.3838785,1531963.893978,1851.0,0.0,1909.0,BID
115,1712692260.563382,1531963.893978,1851.0,0.0,1909.0,BID
116,1712692290.5712943,1531963.893978,1851.0,0.0,1909.0,BID
117,1712692320.3835902,1531963.893978,1851.0,0.0,1909.0,BID
118,1712692350.3914504,1531963.893978,1851.0,0.0,1909.0,BID
119,1712692380.5613012,1531963.893978,1851.0,0.0,1909.0,BID
120,1712692410.5914023,1531963.893978,1851.0,0.0,1909.0,BID
121,1712692440.3541422,1531963.893978,1851.0,0.0,1909.0,BID
122,1712692459.1843429,1532387.603645,1847.0,-1.3059451885066445e-07,1909.0,ASK
123,1712692470.381685,1532387.603645,1847.0,-0.0,1909.0,ASK
124,1712692500.5614758,1532387.603645,1847.0,-0.0,1909.0,ASK
125,1712692530.5846202,1532387.603645,1847.0,-0.0,1909.0,ASK
126,1712692536.0187595,1532398.42322082,1846.0,-3.337734192622752e-09,1909.0,ASK
127,1712692536.0197072,1532414.67457082,1846.0,-5.013383839922491e-09,1909.0,ASK
128,1712692560.391181,1532414.67457082,1846.0,-0.0,1909.0,ASK
129,1712692575.7317262,1532574.61963492,1851.0,4.934074019237388e-08,1909.0,BID
130,1712692590.3638444,1532574.61963492,1851.0,0.0,1909.0,BID
131,1712692609.5112867,1533558.61963492,1850.0,3.035220552276477e-07,1909.0,BID
132,1712692612.1416335,1534362.67457082,1851.0,2.480166734352757e-07,1909.0,BID
133,1712692612.1438692,1534470.7242737,1851.0,3.3328727525270346e-08,1909.0,BID
134,1712692612.1459,1534524.74912514,1851.0,1.6664363762635173e-08,1909.0,BID
135,1712692612.461652,1534531.62712514,1851.0,-2.121569812869589e-09,1909.0,ASK
136,1712692614.4413488,1534721.55512514,1851.0,-5.8584691976857775e-08,1909.0,ASK
137,1712692614.8512466,1535145.23849781,1851.0,-1.306882602018353e-07,1909.0,ASK
138,1712692615.9113262,1535152.11949781,1851.0,-2.122495184997229e-09,1909.0,ASK
139,1712692618.4213722,1535634.34306738,1851.0,-1.4874541556408685e-07,1909.0,ASK
140,1712692619.641247,1536398.51374538,1851.0,-2.357140800115095e-07,1909.0,ASK
141,1712692619.6817646,1536398.51374621,1851.0,-2.5596052363529487e-16,1909.0,ASK
142,1712692620.573881,1536398.51374621,1851.0,-0.0,1909.0,ASK
143,1712692623.1513634,1536938.75974621,1850.0,-1.662798786527184e-07,1909.0,ASK
144,1712692645.461942,1538031.0829863,1850.0,-3.362012413080741e-07,1909.0,ASK
145,1712692650.581211,1538031.0829863,1850.0,-0.0,1909.0,ASK
146,1712692650.7109468,1538254.4078573,1850.0,-6.867231725866293e-08,1909.0,ASK
147,1712692680.4303768,1538254.4078573,1850.0,-0.0,1909.0,ASK
148,1712692710.3927808,1538254.4078573,1850.0,-0.0,1909.0,ASK
149,1712692740.5531335,1538254.4078573,1850.0,-0.0,1909.0,ASK
150,1712692770.561235,1538254.4078573,1850.0,-0.0,1909.0,ASK
151,1712692800.4681168,1538254.4078573,1850.0,-0.0,1909.0,ASK
152,1712692801.920804,1538254.4078575,1850.0,-6.149473877010474e-17,1909.0,ASK
153,1712692830.3712912,1538254.4078575,1850.0,-0.0,1909.0,ASK
154,1712692860.5670435,1538254.4078575,1850.0,-0.0,1909.0,ASK
155,1712692880.1871362,1538257.4078575,1851.0,9.224140578357383e-10,1909.0,BID
156,1712692890.5599518,1538257.4078575,1851.0,0.0,1909.0,BID
157,1712692905.605055,1538311.43270894,1851.0,1.6611065785368872e-08,1909.0,BID
158,1712692905.6073728,1538473.50726326,1851.0,4.983319735610661e-08,1909.0,BID
159,1712692905.6095417,1538527.5321147,1851.0,1.6611065785368872e-08,1909.0,BID
160,1712692910.9765763,1538604.3609847,1852.0,2.36226362455553e-08,1909.0,BID
161,1712692911.0366354,1538609.7781007,1852.0,1.665605139895006e-09,1909.0,BID
162,1712692911.0388677,1539406.94491105,1852.0,2.451055389452878e-07,1909.0,BID
163,1712692911.041083,1539514.93627175,1852.0,3.3204193052372374e-08,1909.0,BID
164,1712692920.3696358,1539514.93627175,1852.0,0.0,1909.0,BID
165,1712692925.8862405,1539517.93627175,1854.0,9.217525091730692e-10,1909.0,BID
166,1712692950.3757703,1539517.93627175,1854.0,0.0,1909.0,BID
167,1712692969.525342,1540418.93627175,1854.0,2.768325305011302e-07,1909.0,BID
168,1712692969.5274646,1540424.35338775,1854.0,1.6644105774933091e-09,1909.0,BID
169,1712692980.575411,1540424.35338775,1854.0,0.0,1909.0,BID
170,1712692996.0751934,1540623.62656644,1856.0,6.119514909562712e-08,1909.0,BID
171,1712693010.5612311,1540623.62656644,1856.0,0.0,1909.0,BID
172,1712693040.3443542,1540623.62656644,1856.0,0.0,1909.0,BID
173,1712693070.383994,1540623.62656644,1856.0,0.0,1909.0,BID
174,1712693079.5665174,1540634.4024285,1856.0,3.3088025257445163e-09,1909.0,BID
175,1712693100.5637128,1540634.4024285,1856.0,0.0,1909.0,BID
176,1712693130.5906508,1540634.4024285,1856.0,0.0,1909.0,BID
177,1712693152.8631854,1541177.58548118,1855.0,1.670526212765625e-07,1909.0,BID
178,1712693152.963363,1541339.78720242,1855.0,-4.98841460074723e-08,1909.0,ASK
179,1712693160.3786151,1541339.78720242,1855.0,-0.0,1909.0,ASK
180,1712693190.3626437,1541339.78720242,1855.0,-0.0,1909.0,ASK
181,1712693220.5824285,1541339.78720242,1855.0,-0.0,1909.0,ASK
182,1712693250.573401,1541339.78720242,1855.0,-0.0,1909.0,ASK
183,1712693252.6454666,1541342.48116793,1856.0,8.28179320129452e-10,1909.0,BID
184,1712693280.3676224,1541342.48116793,1856.0,0.0,1909.0,BID
185,1712693292.4023428,1542334.48116793,1852.0,-3.049603343880032e-07,1909.0,ASK
186,1712693292.4052284,1543925.48116793,1851.0,-4.891047298501138e-07,1909.0,ASK
187,1712693292.407473,1547104.03670895,1850.0,-9.7715056518179e-07,1909.0,ASK
188,1712693310.377756,1547104.03670895,1850.0,-0.0,1909.0,ASK
189,1712693340.5705218,1547104.03670895,1850.0,-0.0,1909.0,ASK
190,1712693370.5609925,1547104.03670895,1850.0,-0.0,1909.0,ASK
191,1712693374.1411688,1547109.42754452,1855.0,1.651834547651241e-09,1909.0,BID
192,1712693400.4049714,1547109.42754452,1855.0,0.0,1909.0,BID
193,1712693418.3409593,1547378.96932349,1855.0,8.28177272030631e-08,1909.0,BID
194,1712693430.374956,1547378.96932349,1855.0,0.0,1909.0,BID
195,1712693460.563806,1547378.96932349,1855.0,0.0,1909.0,BID
196,1712693490.5703232,1547378.96932349,1855.0,0.0,1909.0,BID
197,1712693520.363271,1547378.96932349,1855.0,0.0,1909.0,BID
198,1712693550.3700807,1547378.96932349,1855.0,0.0,1909.0,BID
199,1712693580.5495298,1547378.96932349,1855.0,0.0,1909.0,BID
200,1712693610.5675352,1547378.96932349,1855.0,0.0,1909.0,BID
201,1712693640.4024966,1547378.96932349,1855.0,0.0,1909.0,BID
202,1712693670.3588767,1547378.96932349,1855.0,0.0,1909.0,BID
203,1712693700.3889112,1547378.96932349,1855.0,0.0,1909.0,BID
204,1712693730.362687,1547378.96932349,1855.0,0.0,1909.0,BID
205,1712693760.5427246,1547378.96932349,1855.0,0.0,1909.0,BID
206,1712693780.459334,1547378.96932382,1856.0,1.0147294999015583e-16,1909.0,BID
207,1712693780.462326,1547384.38644181,1856.0,1.6661288797871347e-09,1909.0,BID
208,1712693780.465218,1548258.15338182,1856.0,2.687422233774056e-07,1909.0,BID
209,1712693790.5719454,1548258.15338182,1856.0,0.0,1909.0,BID
210,1712693820.361688,1548258.15338182,1856.0,0.0,1909.0,BID
211,1712693850.3735294,1548258.15338182,1856.0,0.0,1909.0,BID
212,1712693880.548056,1548258.15338182,1856.0,0.0,1909.0,BID
213,1712693910.571828,1548258.15338182,1856.0,0.0,1909.0,BID
214,1712693940.372496,1548258.15338182,1856.0,0.0,1909.0,BID
215,1712693970.3636386,1548258.15338182,1856.0,0.0,1909.0,BID
216,1712694000.4211245,1548258.15338182,1856.0,0.0,1909.0,BID
217,1712694030.354398,1548258.15338182,1856.0,0.0,1909.0,BID
218,1712694060.5510037,1548258.15338182,1856.0,0.0,1909.0,BID
219,1712694063.8068314,1548516.77407147,1856.0,-7.951740721163097e-08,1909.0,ASK
220,1712694090.5569406,1548516.77407147,1856.0,-0.0,1909.0,ASK
221,1712694120.3543732,1548516.77407147,1856.0,-0.0,1909.0,ASK
222,1712694150.3937705,1548516.77407147,1856.0,-0.0,1909.0,ASK
223,1712694180.5571246,1548516.77407147,1856.0,-0.0,1909.0,ASK
224,1712694210.5761137,1548516.77407147,1856.0,-0.0,1909.0,ASK
225,1712694215.5565176,1549364.77407147,1857.0,2.606938027774132e-07,1909.0,BID
226,1712694215.5591946,1550127.19141126,1857.0,2.3438381558176002e-07,1909.0,BID
227,1712694240.3560176,1550127.19141126,1857.0,0.0,1909.0,BID
228,1712694252.4260125,1550132.57644087,1857.0,1.6539556555471555e-09,1909.0,BID
229,1712694270.3560596,1550132.57644087,1857.0,0.0,1909.0,BID
230,1712694300.548565,1550132.57644087,1857.0,0.0,1909.0,BID
231,1712694330.5496044,1550132.57644087,1857.0,0.0,1909.0,BID
232,1712694360.3754768,1550132.57644087,1857.0,0.0,1909.0,BID
233,1712694365.8757277,1550137.97600754,1858.0,1.658447089895013e-09,1909.0,BID
234,1712694365.878567,1550159.48709749,1858.0,6.607012508386445e-09,1909.0,BID
235,1712694390.3754914,1550159.48709749,1858.0,0.0,1909.0,BID
236,1712694405.1453328,1550265.10194949,1855.0,-3.2438520491854764e-08,1909.0,ASK
237,1712694420.5760572,1550265.10194949,1855.0,-0.0,1909.0,ASK
238,1712694450.575277,1550265.10194949,1855.0,-0.0,1909.0,ASK
239,1712694480.3450787,1550265.10194949,1855.0,-0.0,1909.0,ASK
240,1712694510.339412,1550265.10194949,1855.0,-0.0,1909.0,ASK
241,1712694540.3759043,1550265.10194949,1855.0,-0.0,1909.0,ASK
242,1712694570.3984604,1550265.10194949,1855.0,-0.0,1909.0,ASK
243,1712694590.3646436,1550318.92326273,1858.0,1.6529670684030113e-08,1909.0,BID
244,1712694600.6573443,1550318.92326273,1858.0,0.0,1909.0,BID
245,1712694622.6944883,1551088.92326273,1854.0,-2.365326696310258e-07,1909.0,ASK
246,1712694622.8749294,1551388.69721095,1854.0,-9.208614579003397e-08,1909.0,ASK
247,1712694622.8782332,1551708.92326273,1854.0,-9.836873105572705e-08,1909.0,ASK
248,1712694628.984641,1551711.92326273,1857.0,9.215558557052951e-10,1909.0,BID
249,1712694630.548745,1551711.92326273,1857.0,0.0,1909.0,BID
250,1712694660.3440504,1551711.92326273,1857.0,0.0,1909.0,BID
251,1712694690.4147496,1551711.92326273,1857.0,0.0,1909.0,BID
252,1712694720.5469828,1551711.92326273,1857.0,0.0,1909.0,BID
253,1712694750.54725,1551711.92326273,1857.0,0.0,1909.0,BID
254,1712694766.5751655,1551917.76926273,1855.0,-6.31827364380635e-08,1909.0,ASK
255,1712694766.654917,1552381.38112261,1855.0,-1.423018467805157e-07,1909.0,ASK
256,1712694772.6452749,1552577.82412261,1855.0,-6.029656293591553e-08,1909.0,ASK
257,1712694780.3872302,1552577.82412261,1855.0,-0.0,1909.0,ASK
258,1712694797.6152215,1552577.87679372,1855.0,-1.615899718265682e-11,1909.0,ASK
259,1712694810.335374,1552577.87679372,1855.0,-0.0,1909.0,ASK
260,1712694830.8055604,1552604.78745034,1853.0,-8.255934064585511e-09,1909.0,ASK
261,1712694840.6073656,1552604.78745034,1853.0,-0.0,1909.0,ASK
262,1712694870.5458724,1552604.78745034,1853.0,-0.0,1909.0,ASK
263,1712694900.3661458,1552604.78745034,1853.0,-0.0,1909.0,ASK
264,1712694930.363613,1552604.78745034,1853.0,-0.0,1909.0,ASK
265,1712694960.546456,1552604.78745034,1853.0,-0.0,1909.0,ASK
266,1712694990.5605788,1552604.78745034,1853.0,-0.0,1909.0,ASK
267,1712695020.3440683,1552604.78745034,1853.0,-0.0,1909.0,ASK
268,1712695050.3759778,1552604.78745034,1853.0,-0.0,1909.0,ASK
269,1712695080.5673766,1552604.78745034,1853.0,-0.0,1909.0,ASK
270,1712695110.557368,1552604.78745034,1853.0,-0.0,1909.0,ASK
271,1712695140.3649938,1552604.78745034,1853.0,-0.0,1909.0,ASK
272,1712695160.077304,1552718.04846234,1853.0,-3.477380309737851e-08,1909.0,ASK
273,1712695170.356497,1552718.04846234,1853.0,-0.0,1909.0,ASK
274,1712695199.2976367,1553541.1393949,1853.0,-2.526920548417167e-07,1909.0,ASK
275,1712695199.3009188,1553696.14931573,1853.0,-4.7588636766446736e-08,1909.0,ASK
276,1712695200.3949633,1553696.14931573,1853.0,-0.0,1909.0,ASK
277,1712695230.3681335,1553696.14931573,1853.0,-0.0,1909.0,ASK
278,1712695260.540576,1553696.14931573,1853.0,-0.0,1909.0,ASK
279,1712695290.5516906,1553696.14931573,1853.0,-0.0,1909.0,ASK
280,1712695320.358015,1553696.14931573,1853.0,-0.0,1909.0,ASK
281,1712695350.3552222,1553696.14931573,1853.0,-0.0,1909.0,ASK
282,1712695380.5478046,1553696.14931573,1853.0,-0.0,1909.0,ASK
283,1712695410.5579574,1553696.14931573,1853.0,-0.0,1909.0,ASK
284,1712695440.3593023,1553696.14931573,1853.0,-0.0,1909.0,ASK
285,1712695470.3715627,1553696.14931573,1853.0,-0.0,1909.0,ASK
286,1712695500.3749652,1553696.14931573,1853.0,-0.0,1909.0,ASK
287,1712695500.9580605,1553699.14931573,1855.0,9.208125120774995e-10,1909.0,BID
288,1712695530.3797448,1553699.14931573,1855.0,0.0,1909.0,BID
289,1712695560.558128,1553699.14931573,1855.0,0.0,1909.0,BID
290,1712695590.5582042,1553699.14931573,1855.0,0.0,1909.0,BID
291,1712695620.3566442,1553699.14931573,1855.0,0.0,1909.0,BID
292,1712695650.3587334,1553699.14931573,1855.0,0.0,1909.0,BID
293,1712695680.5883284,1553699.14931573,1855.0,0.0,1909.0,BID
294,1712695710.548277,1553699.14931573,1855.0,0.0,1909.0,BID
295,1712695740.3597443,1553699.14931573,1855.0,0.0,1909.0,BID
296,1712695770.373452,1553699.14931573,1855.0,0.0,1909.0,BID
297,1712695800.4647126,1553699.14931573,1855.0,0.0,1909.0,BID
298,1712695830.361818,1553699.14931573,1855.0,0.0,1909.0,BID
299,1712695860.558173,1553699.14931573,1855.0,0.0,1909.0,BID
300,1712695890.558328,1553699.14931573,1855.0,0.0,1909.0,BID
301,1712695920.3525262,1553699.14931573,1855.0,0.0,1909.0,BID
302,1712695950.3651738,1553699.14931573,1855.0,0.0,1909.0,BID
303,1712695980.578226,1553699.14931573,1855.0,0.0,1909.0,BID
304,1712696010.558188,1553699.14931573,1855.0,0.0,1909.0,BID
305,1712696040.3980663,1553699.14931573,1855.0,0.0,1909.0,BID
306,1712696051.2079318,1553707.63931573,1852.0,-2.6123641752355123e-09,1909.0,ASK
307,1712696070.3760788,1553707.63931573,1852.0,-0.0,1909.0,ASK
308,1712696100.5511098,1553707.63931573,1852.0,-0.0,1909.0,ASK
309,1712696127.2879925,1553734.6371559,1852.0,-8.308515390286039e-09,1909.0,ASK
310,1712696130.547963,1553734.6371559,1852.0,-0.0,1909.0,ASK
311,1712696160.3427992,1553734.6371559,1852.0,-0.0,1909.0,ASK
312,1712696190.3617194,1553734.6371559,1852.0,-0.0,1909.0,ASK
313,1712696220.5502844,1553734.6371559,1852.0,-0.0,1909.0,ASK
314,1712696250.5677326,1553734.6371559,1852.0,-0.0,1909.0,ASK
315,1712696280.3583193,1553734.6371559,1852.0,-0.0,1909.0,ASK
316,1712696310.3431437,1553734.6371559,1852.0,-0.0,1909.0,ASK
317,1712696340.5776927,1553734.6371559,1852.0,-0.0,1909.0,ASK
318,1712696340.857726,1553783.7140529,1852.0,-1.5103055550552325e-08,1909.0,ASK
319,1712696341.7574682,1553988.4749959,1852.0,-6.301368028044664e-08,1909.0,ASK
320,1712696370.567655,1553988.4749959,1852.0,-0.0,1909.0,ASK
321,1712696400.5274742,1553988.4749959,1852.0,-0.0,1909.0,ASK
322,1712696430.3675056,1553988.4749959,1852.0,-0.0,1909.0,ASK
323,1712696433.9227,1554478.95406773,1852.0,-1.510893907484751e-07,1909.0,ASK
324,1712696433.9271104,1554478.9540679,1852.0,-5.23572089939774e-17,1909.0,ASK
325,1712696433.9620214,1554634.9843719,1852.0,-4.8064280259086086e-08,1909.0,ASK
326,1712696446.1077306,1554638.4380519,1851.0,-1.0638872012688054e-09,1909.0,ASK
327,1712696446.111713,1554692.46290333,1851.0,-1.6642059481578273e-08,1909.0,ASK
328,1712696446.1155944,1554733.20209902,1851.0,-1.2549486022687772e-08,1909.0,ASK
329,1712696460.5601385,1554733.20209902,1851.0,-0.0,1909.0,ASK
330,1712696488.4371762,1556352.19832136,1851.0,-4.985111306534805e-07,1909.0,ASK
331,1712696488.526118,1556682.69887241,1851.0,-1.0176565029128365e-07,1909.0,ASK
332,1712696488.527734,1557106.89663635,1851.0,-1.306163065759375e-07,1909.0,ASK
333,1712696490.562638,1557106.89663635,1851.0,-0.0,1909.0,ASK
334,1712696520.3472853,1557106.89663635,1851.0,-0.0,1909.0,ASK
335,1712696550.36984,1557106.89663635,1851.0,-0.0,1909.0,ASK
336,1712696580.5370412,1557106.89663635,1851.0,-0.0,1909.0,ASK
337,1712696610.587305,1557106.89663635,1851.0,-0.0,1909.0,ASK
338,1712696640.337017,1557106.89663635,1851.0,-0.0,1909.0,ASK
339,1712696645.5969653,1557647.43717689,1850.0,-1.662149729318623e-07,1909.0,ASK
340,1712696670.3579876,1557647.43717689,1850.0,-0.0,1909.0,ASK
341,1712696700.5570304,1557647.43717689,1850.0,-0.0,1909.0,ASK
342,1712696730.567174,1557647.43717689,1850.0,-0.0,1909.0,ASK
343,1712696760.366005,1557647.43717689,1850.0,-0.0,1909.0,ASK
344,1712696790.3741288,1557647.43717689,1850.0,-0.0,1909.0,ASK
345,1712696820.2111688,1557701.57902854,1847.0,-1.6668014225205244e-08,1909.0,ASK
346,1712696820.213837,1557809.70038745,1847.0,-3.3286049394941834e-08,1909.0,ASK
347,1712696820.2159204,1557880.08479889,1847.0,-2.1668419814983163e-08,1909.0,ASK
348,1712696820.231562,1557880.0847991,1847.0,-6.465430299691663e-17,1909.0,ASK
349,1712696820.5496228,1557880.0847991,1847.0,-0.0,1909.0,ASK
350,1712696823.339424,1557934.25598003,1846.0,-1.6674837625497584e-08,1909.0,ASK
351,1712696823.3421378,1558049.52008117,1846.0,-3.548030774964878e-08,1909.0,ASK
352,1712696823.3445728,1558103.6912621,1846.0,-1.6674837625497584e-08,1909.0,ASK
353,1712696823.3592482,1558103.69126282,1846.0,-2.216732910530676e-16,1909.0,ASK
354,1712696831.3197558,1558157.89180482,1845.0,-1.668387547670746e-08,1909.0,ASK
355,1712696835.4099157,1558366.21395356,1843.0,-6.412520355656876e-08,1909.0,ASK
356,1712696835.4121983,1558420.03945535,1843.0,-1.6568431535944942e-08,1909.0,ASK
357,1712696850.5448318,1558420.03945535,1843.0,-0.0,1909.0,ASK
358,1712696880.366203,1558420.03945535,1843.0,-0.0,1909.0,ASK
359,1712696910.3848162,1558420.03945535,1843.0,-0.0,1909.0,ASK
360,1712696940.5455866,1558420.03945535,1843.0,-0.0,1909.0,ASK
361,1712696970.567268,1558420.03945535,1843.0,-0.0,1909.0,ASK
362,1712697000.3969038,1558420.03945535,1843.0,-0.0,1909.0,ASK
363,1712697030.381195,1558420.03945535,1843.0,-0.0,1909.0,ASK
364,1712697060.5810297,1558420.03945535,1843.0,-0.0,1909.0,ASK
365,1712697075.7745662,1558832.68263883,1842.0,-1.27197079072346e-07,1909.0,ASK
366,1712697075.776656,1558915.11347983,1843.0,-2.5409270334381687e-08,1909.0,ASK
367,1712697090.5696654,1558915.11347983,1843.0,-0.0,1909.0,ASK
368,1712697105.265048,1558918.74201519,1844.0,1.118180072378506e-09,1909.0,BID
369,1712697120.379405,1558918.74201519,1844.0,0.0,1909.0,BID
370,1712697150.3779778,1558918.74201519,1844.0,0.0,1909.0,BID
371,1712697180.5903196,1558918.74201519,1844.0,0.0,1909.0,BID
372,1712697210.5894446,1558918.74201519,1844.0,0.0,1909.0,BID
373,1712697240.3506749,1558918.74201519,1844.0,0.0,1909.0,BID
374,1712697270.3774366,1558918.74201519,1844.0,0.0,1909.0,BID
375,1712697300.3764594,1558918.74201519,1844.0,0.0,1909.0,BID
376,1712697327.557679,1558972.97194919,1844.0,-1.684742817546686e-08,1909.0,ASK
377,1712697327.6978164,1558972.97195011,1844.0,-2.8585883032482984e-16,1909.0,ASK
378,1712697330.3746977,1558972.97195011,1844.0,-0.0,1909.0,ASK
379,1712697340.188798,1559001.77849753,1845.0,8.948953578933236e-09,1909.0,BID
380,1712697360.577891,1559001.77849753,1845.0,0.0,1909.0,BID
381,1712697385.6506724,1559051.75489666,1844.0,1.552525838036094e-08,1909.0,BID
382,1712697390.576896,1559051.75489666,1844.0,0.0,1909.0,BID
383,1712697394.678743,1559099.73123071,1844.0,1.490350789549339e-08,1909.0,BID
384,1712697403.5083408,1559145.78754307,1844.0,1.4307066775530282e-08,1909.0,BID
385,1712697420.3888023,1559145.78754307,1844.0,0.0,1909.0,BID
386,1712697450.0753305,1559175.23014893,1842.0,-9.145644062004476e-09,1909.0,ASK
387,1712697450.080666,1559283.80778193,1842.0,-3.3727054909213264e-08,1909.0,ASK
388,1712697450.0835602,1559286.81599107,1842.0,-9.344285009113487e-10,1909.0,ASK
389,1712697450.387071,1559286.81599107,1842.0,-0.0,1909.0,ASK
390,1712697480.5637105,1559286.81599107,1842.0,-0.0,1909.0,ASK
391,1712697482.5129583,1559286.81599193,1842.0,-2.6714068593389507e-16,1909.0,ASK
392,1712697482.514807,1560635.56436417,1841.0,-4.189227448791604e-07,1909.0,ASK
393,1712697482.5165844,1560642.56436417,1841.0,-2.1742077873902563e-09,1909.0,ASK
394,1712697482.549194,1561058.94323256,1841.0,-1.293277397369306e-07,1909.0,ASK
395,1712697482.5529475,1561089.00334119,1841.0,-9.336703181873433e-09,1909.0,ASK
396,1712697510.5693438,1561089.00334119,1841.0,-0.0,1909.0,ASK
397,1712697540.376526,1561089.00334119,1841.0,-0.0,1909.0,ASK
398,1712697570.375527,1561089.00334119,1841.0,-0.0,1909.0,ASK
399,1712697600.4136722,1561089.00334119,1841.0,-0.0,1909.0,ASK
400,1712697624.9211226,1561096.00334119,1840.0,-2.2086242476785047e-09,1909.0,ASK
401,1712697624.925131,1561141.7463803,1840.0,-1.4432740762971612e-08,1909.0,ASK
402,1712697624.9289591,1561226.13439551,1840.0,-2.6625916658016284e-08,1909.0,ASK
403,1712697628.8402102,1561334.83004768,1840.0,3.429540757144664e-08,1909.0,BID
404,1712697630.3754747,1561334.83004768,1840.0,0.0,1909.0,BID
405,1712697631.3521953,1561384.81379768,1840.0,1.5768509911570802e-08,1909.0,BID
406,1712697639.0503511,1561438.78033842,1839.0,-1.7024971766929646e-08,1909.0,ASK
407,1712697639.0542543,1561839.13499968,1839.0,-1.2630097670213502e-07,1909.0,ASK
408,1712697639.110213,1561893.51255269,1839.0,-1.715463492845642e-08,1909.0,ASK
409,1712697639.1139967,1562365.87061573,1839.0,-1.4901608620547617e-07,1909.0,ASK
410,1712697660.424431,1562365.87061573,1839.0,-0.0,1909.0,ASK
411,1712697680.3813517,1562418.10038722,1838.0,-1.646721810092066e-08,1909.0,ASK
412,1712697680.3853424,1563027.03629573,1838.0,-1.9198782856706584e-07,1909.0,ASK
413,1712697690.3766654,1563027.03629573,1838.0,-0.0,1909.0,ASK
414,1712697702.1007376,1563055.13498965,1838.0,-8.855679318115514e-09,1909.0,ASK
415,1712697702.104652,1563055.13498973,1838.0,-2.524261417253548e-17,1909.0,ASK
416,1712697720.5880864,1563055.13498973,1838.0,-0.0,1909.0,ASK
417,1712697720.636056,1563081.82805242,1838.0,-8.412538901437851e-09,1909.0,ASK
418,1712697720.6445596,1563081.82805273,1838.0,-9.774015933518552e-17,1909.0,ASK
419,1712697720.6590838,1563081.82805315,1838.0,-1.3237481039089691e-16,1909.0,ASK
420,1712697726.9413528,1563084.82805315,1837.0,-9.454747474109254e-10,1909.0,ASK
421,1712697726.944798,1563719.43880915,1837.0,-2.0000281474439085e-07,1909.0,ASK
422,1712697726.9706128,1563719.4388098,1837.0,-2.048727664142928e-16,1909.0,ASK
423,1712697727.0713162,1564953.74014422,1836.0,-3.890002474632349e-07,1909.0,ASK
424,1712697727.0752733,1565009.25169124,1836.0,-1.7494921965688532e-08,1909.0,ASK
425,1712697727.081177,1565047.42154399,1836.0,-1.2029543962551237e-08,1909.0,ASK
426,1712697727.331229,1565102.95903717,1835.0,-1.7503099112071147e-08,1909.0,ASK
427,1712697727.3370402,1565975.7625623,1835.0,-2.750712308205607e-07,1909.0,ASK
428,1712697727.3388293,1566008.59166311,1835.0,-1.0346361932018132e-08,1909.0,ASK
429,1712697740.6275575,1566066.27109059,1834.0,-1.8178147375775635e-08,1909.0,ASK
430,1712697740.6295657,1566100.84780811,1834.0,-1.0897137754548784e-08,1909.0,ASK
431,1712697750.63993,1566100.84780811,1834.0,-0.0,1909.0,ASK
432,1712697752.041433,1566117.21441811,1833.0,-5.148998590829127e-09,1909.0,ASK
433,1712697752.0455122,1566124.21441811,1833.0,-2.2022269813970087e-09,1909.0,ASK
434,1712697752.0494835,1566124.21441814,1834.0,-9.449174913717904e-18,1909.0,ASK
435,1712697752.0518937,1566228.14434611,1833.0,-3.269675593575593e-08,1909.0,ASK
436,1712697752.060863,1566228.14434692,1833.0,-2.5483472499864023e-16,1909.0,ASK
437,1712697765.0610828,1566232.14434692,1834.0,1.258415417941147e-09,1909.0,BID
438,1712697780.404593,1566232.14434692,1834.0,0.0,1909.0,BID
439,1712697810.3837764,1566232.14434692,1834.0,0.0,1909.0,BID
440,1712697840.5656347,1566232.14434692,1834.0,0.0,1909.0,BID
441,1712697870.5715432,1566232.14434692,1834.0,0.0,1909.0,BID
442,1712697900.3746345,1566232.14434692,1834.0,0.0,1909.0,BID
443,1712697930.381699,1566232.14434692,1834.0,0.0,1909.0,BID
444,1712697960.5619807,1566232.14434692,1834.0,0.0,1909.0,BID
445,1712697964.2718573,1566237.5939382,1835.0,1.719117548139128e-09,1909.0,BID
446,1712697990.5778117,1566237.5939382,1835.0,0.0,1909.0,BID
447,1712698007.651933,1566314.2032025,1835.0,2.4166934433115524e-08,1909.0,BID
448,1712698020.4076085,1566314.2032025,1835.0,0.0,1909.0,BID
449,1712698050.3715496,1566314.2032025,1835.0,0.0,1909.0,BID
450,1712698060.7429233,1566337.97858459,1832.0,-7.499779903145264e-09,1909.0,ASK
451,1712698060.7470555,1567326.94512533,1832.0,-3.119626578063845e-07,1909.0,ASK
452,1712698060.7510386,1568305.2935688,1831.0,-3.086132524334173e-07,1909.0,ASK
453,1712698060.7537072,1568316.38518455,1832.0,-3.4987735036457078e-09,1909.0,ASK
454,1712698060.7556183,1568354.57868536,1831.0,-1.20478757701176e-08,1909.0,ASK
455,1712698060.8621414,1568868.55766671,1831.0,1.621311161433187e-07,1909.0,BID
456,1712698066.022255,1568882.59721671,1835.0,4.428678981482525e-09,1909.0,BID
457,1712698080.6024468,1568882.59721671,1835.0,0.0,1909.0,BID
458,1712698110.568412,1568882.59721671,1835.0,0.0,1909.0,BID
459,1712698140.3867786,1568882.59721671,1835.0,0.0,1909.0,BID
460,1712698170.3965826,1568882.59721671,1835.0,0.0,1909.0,BID
461,1712698200.4862106,1568882.59721671,1835.0,0.0,1909.0,BID
462,1712698230.3730934,1568882.59721671,1835.0,0.0,1909.0,BID
463,1712698260.556345,1568882.59721671,1835.0,0.0,1909.0,BID
464,1712698286.0129852,1568893.9231257,1835.0,3.5815848444072712e-09,1909.0,BID
465,1712698290.5527165,1568893.9231257,1835.0,0.0,1909.0,BID
466,1712698320.3768294,1568893.9231257,1835.0,0.0,1909.0,BID
467,1712698350.3833385,1568893.9231257,1835.0,0.0,1909.0,BID
468,1712698358.8604472,1568949.3513077,1835.0,1.752790279931863e-08,1909.0,BID
469,1712698358.973287,1568949.35130858,1835.0,2.783115694967597e-16,1909.0,BID
470,1712698380.4207473,1568949.35130858,1835.0,0.0,1909.0,BID
471,1712698401.7733278,1569000.46252958,1834.0,-1.6162242160438195e-08,1909.0,ASK
472,1712698410.3957336,1569000.46252958,1834.0,-0.0,1909.0,ASK
473,1712698440.5785854,1569000.46252958,1834.0,-0.0,1909.0,ASK
474,1712698449.5935109,1572189.73775278,1833.0,-1.0084734743508964e-06,1909.0,ASK
475,1712698449.6035242,1573122.62653178,1834.0,-2.94986641885694e-07,1909.0,ASK
476,1712698449.606884,1573962.62653178,1833.0,-2.6561449206155145e-07,1909.0,ASK
477,1712698470.5632985,1573962.62653178,1833.0,-0.0,1909.0,ASK
478,1712698476.16335,1574153.26155809,1838.0,6.01073752898001e-08,1909.0,BID
479,1712698500.411908,1574153.26155809,1838.0,0.0,1909.0,BID
480,1712698530.385475,1574153.26155809,1838.0,0.0,1909.0,BID
481,1712698531.2036283,1574588.51727082,1838.0,1.3750531246195706e-07,1909.0,BID
482,1712698542.3234434,1574593.89650696,1834.0,-1.6993999725031495e-09,1909.0,ASK
483,1712698560.561304,1574593.89650696,1834.0,-0.0,1909.0,ASK
484,1712698581.073856,1574599.33424486,1839.0,1.7174423480237259e-09,1909.0,BID
485,1712698590.569422,1574599.33424486,1839.0,0.0,1909.0,BID
486,1712698620.394038,1574599.33424486,1839.0,0.0,1909.0,BID
487,1712698650.4002025,1574599.33424486,1839.0,0.0,1909.0,BID
488,1712698652.803965,1574609.33424486,1838.0,3.158366503267347e-09,1909.0,BID
489,1712698652.8085566,1574629.33424486,1838.0,6.316733006534694e-09,1909.0,BID
490,1712698679.3138118,1574683.74120895,1838.0,1.7183713292618098e-08,1909.0,BID
491,1712698680.5799005,1574683.74120895,1838.0,0.0,1909.0,BID
492,1712698710.5637138,1574683.74120895,1838.0,0.0,1909.0,BID
493,1712698720.6538825,1574738.14817304,1838.0,1.7182871350858617e-08,1909.0,BID
494,1712698740.3571885,1574738.14817304,1838.0,0.0,1909.0,BID
495,1712698770.377698,1574738.14817304,1838.0,0.0,1909.0,BID
496,1712698800.3883748,1574738.14817304,1838.0,0.0,1909.0,BID
497,1712698830.3904514,1574738.14817304,1838.0,0.0,1909.0,BID
498,1712698850.17268,1574738.16597181,1839.0,5.643392098559332e-12,1909.0,BID
499,1712698850.1778576,1574751.74251779,1839.0,4.304666691505085e-09,1909.0,BID
500,1712698860.5778284,1574751.74251779,1839.0,0.0,1909.0,BID
501,1712698890.5688405,1574751.74251779,1839.0,0.0,1909.0,BID
502,1712698920.396772,1574751.74251779,1839.0,0.0,1909.0,BID
503,1712698948.7702615,1574778.9312073,1840.0,8.62055183812231e-09,1909.0,BID
504,1712698950.3783495,1574778.9312073,1840.0,0.0,1909.0,BID
505,1712698967.58032,1574800.67033773,1839.0,-6.8925840729252295e-09,1909.0,ASK
506,1712698980.5855298,1574800.67033773,1839.0,-0.0,1909.0,ASK
507,1712699010.5629418,1574800.67033773,1839.0,-0.0,1909.0,ASK
508,1712699035.7387471,1574803.67033773,1840.0,9.51164545815938e-10,1909.0,BID
509,1712699040.3587615,1574803.67033773,1840.0,0.0,1909.0,BID
510,1712699040.396722,1574814.54581353,1839.0,-3.448116298551512e-09,1909.0,ASK
511,1712699040.9484887,1574825.43311053,1839.0,-3.451864260812707e-09,1909.0,ASK
512,1712699042.5650012,1574836.30858553,1839.0,-3.448116044906144e-09,1909.0,ASK
513,1712699070.3931289,1574836.30858553,1839.0,-0.0,1909.0,ASK
514,1712699100.392406,1574836.30858553,1839.0,-0.0,1909.0,ASK
515,1712699123.4373558,1574841.74336813,1840.0,1.725153643112636e-09,1909.0,BID
516,1712699130.3760114,1574841.74336813,1840.0,0.0,1909.0,BID
517,1712699160.566841,1574841.74336813,1840.0,0.0,1909.0,BID
518,1712699190.5814126,1574841.74336813,1840.0,0.0,1909.0,BID
519,1712699220.3873222,1574841.74336813,1840.0,0.0,1909.0,BID
520,1712699232.2358284,1574973.91728117,1840.0,4.1955603487333065e-08,1909.0,BID
521,1712699238.355789,1575105.95941227,1840.0,4.191377230681228e-08,1909.0,BID
522,1712699250.3658674,1575105.95941227,1840.0,0.0,1909.0,BID
523,1712699280.566717,1575105.95941227,1840.0,0.0,1909.0,BID
524,1712699298.5855362,1575111.39419487,1840.0,1.724881983818094e-09,1909.0,BID
525,1712699310.591968,1575111.39419487,1840.0,0.0,1909.0,BID
526,1712699340.3809383,1575111.39419487,1840.0,0.0,1909.0,BID
527,1712699370.3859794,1575111.39419487,1840.0,0.0,1909.0,BID
528,1712699400.438389,1575111.39419487,1840.0,0.0,1909.0,BID
529,1712699419.8541088,1575111.39419565,1839.0,-2.479668249779718e-16,1909.0,ASK
530,1712699419.8582132,1575442.83775193,1839.0,-1.053702997786254e-07,1909.0,ASK
531,1712699430.3741324,1575442.83775193,1839.0,-0.0,1909.0,ASK
532,1712699460.5653095,1575442.83775193,1839.0,-0.0,1909.0,ASK
533,1712699490.5672133,1575442.83775193,1839.0,-0.0,1909.0,ASK
534,1712699494.313407,1576390.83775193,1839.0,3.0132337637203335e-07,1909.0,BID
535,1712699520.39333,1576390.83775193,1839.0,0.0,1909.0,BID
536,1712699550.3629937,1576390.83775193,1839.0,0.0,1909.0,BID
537,1712699579.3628254,1576608.34781174,1839.0,6.909764486204113e-08,1909.0,BID
538,1712699580.5442617,1576608.34781174,1839.0,0.0,1909.0,BID
539,1712699601.9626017,1577398.34781174,1836.0,-2.509318601226285e-07,1909.0,ASK
540,1712699610.5526602,1577398.34781174,1836.0,-0.0,1909.0,ASK
541,1712699640.362301,1577398.34781174,1836.0,-0.0,1909.0,ASK
542,1712699648.082651,1577401.06668069,1839.0,8.632109714405601e-10,1909.0,BID
543,1712699653.582335,1577620.88618669,1836.0,-6.9790274115811e-08,1909.0,ASK
544,1712699663.802104,1577689.90107869,1836.0,-2.1911468724494868e-08,1909.0,ASK
545,1712699670.3724413,1577689.90107869,1836.0,-0.0,1909.0,ASK
546,1712699700.3838272,1577689.90107869,1836.0,-0.0,1909.0,ASK
547,1712699730.4061902,1577689.90107869,1836.0,-0.0,1909.0,ASK
548,1712699760.4459634,1577689.90107869,1836.0,-0.0,1909.0,ASK
549,1712699778.4413302,1577717.13419415,1836.0,-8.653203613247799e-09,1909.0,ASK
550,1712699790.3715527,1577717.13419415,1836.0,-0.0,1909.0,ASK
551,1712699820.551223,1577717.13419415,1836.0,-0.0,1909.0,ASK
552,1712699850.5528898,1577717.13419415,1836.0,-0.0,1909.0,ASK
553,1712699880.382519,1577717.13419415,1836.0,-0.0,1909.0,ASK
554,1712699897.551018,1578388.13419415,1839.0,2.132039350458835e-07,1909.0,BID
555,1712699910.3846853,1578388.13419415,1839.0,0.0,1909.0,BID
556,1712699929.6014173,1578396.24265538,1837.0,-2.575377485708123e-09,1909.0,ASK
557,1712699940.5598,1578396.24265538,1837.0,-0.0,1909.0,ASK
558,1712699970.5733502,1578396.24265538,1837.0,-0.0,1909.0,ASK
559,1712699977.161367,1578449.49079169,1837.0,-1.6912383095669168e-08,1909.0,ASK
560,1712700000.453887,1578449.49079169,1837.0,-0.0,1909.0,ASK
561,1712700014.2611284,1578454.94632836,1841.0,1.735752077090246e-09,1909.0,BID
562,1712700014.266155,1578649.03081604,1841.0,6.175057982571468e-08,1909.0,BID
563,1712700030.402146,1578649.03081604,1841.0,0.0,1909.0,BID
564,1712700060.5531476,1578649.03081604,1841.0,0.0,1909.0,BID
565,1712700090.5650165,1578649.03081604,1841.0,0.0,1909.0,BID
566,1712700120.3505988,1578649.03081604,1841.0,0.0,1909.0,BID
567,1712700150.362457,1578649.03081604,1841.0,0.0,1909.0,BID
568,1712700180.5497277,1578649.03081604,1841.0,0.0,1909.0,BID
569,1712700200.0398166,1578654.28015987,1838.0,-1.6699538813655223e-09,1909.0,ASK
570,1712700210.566969,1578654.28015987,1838.0,-0.0,1909.0,ASK
571,1712700240.3789136,1578654.28015987,1838.0,-0.0,1909.0,ASK
572,1712700270.360423,1578654.28015987,1838.0,-0.0,1909.0,ASK
573,1712700300.5395932,1578654.28015987,1838.0,-0.0,1909.0,ASK
574,1712700313.8601077,1578659.28015987,1841.0,1.5929038660355335e-09,1909.0,BID
575,1712700330.541547,1578659.28015987,1841.0,0.0,1909.0,BID
576,1712700360.3816674,1578659.28015987,1841.0,0.0,1909.0,BID
577,1712700390.3699489,1578659.28015987,1841.0,0.0,1909.0,BID
578,1712700420.549201,1578659.28015987,1841.0,0.0,1909.0,BID
579,1712700450.5792658,1578659.28015987,1841.0,0.0,1909.0,BID
580,1712700480.3595786,1578659.28015987,1841.0,0.0,1909.0,BID
581,1712700510.3869376,1578659.28015987,1841.0,0.0,1909.0,BID
582,1712700536.1088998,1578713.59846513,1842.0,1.730471694233626e-08,1909.0,BID
583,1712700540.5717838,1578713.59846513,1842.0,0.0,1909.0,BID
584,1712700570.588834,1578713.59846513,1842.0,0.0,1909.0,BID
585,1712700600.3751078,1578713.59846513,1842.0,0.0,1909.0,BID
586,1712700621.219164,1578807.82110356,1842.0,3.0415056846675006e-08,1909.0,BID
587,1712700630.212683,1578907.82110356,1840.0,-3.2279988496869737e-08,1909.0,ASK
588,1712700630.3321311,1579672.21513572,1840.0,2.467463056520239e-07,1909.0,BID
589,1712700630.3605256,1579672.21513572,1840.0,0.0,1909.0,BID
590,1712700650.8386517,1579699.37428835,1841.0,8.761981983866593e-09,1909.0,BID
591,1712700652.4693384,1579721.68263981,1838.0,-7.197035056442822e-09,1909.0,ASK
592,1712700652.474566,1579924.18828003,1838.0,-6.533159540761886e-08,1909.0,ASK
593,1712700660.5586622,1579924.18828003,1838.0,-0.0,1909.0,ASK
594,1712700690.5585728,1579924.18828003,1838.0,-0.0,1909.0,ASK
595,1712700720.3787837,1579924.18828003,1838.0,-0.0,1909.0,ASK
596,1712700750.369825,1579924.18828003,1838.0,-0.0,1909.0,ASK
597,1712700765.568774,1579940.49262785,1840.0,5.259260421658382e-09,1909.0,BID
598,1712700780.5717928,1579940.49262785,1840.0,0.0,1909.0,BID
599,1712700810.5684788,1579940.49262785,1840.0,0.0,1909.0,BID
600,1712700827.8285885,1579975.63827985,1840.0,-1.133675200674282e-08,1909.0,ASK
601,1712700840.390854,1579975.63827985,1840.0,-0.0,1909.0,ASK
602,1712700870.358652,1579975.63827985,1840.0,-0.0,1909.0,ASK
603,1712700900.4181943,1579975.63827985,1840.0,-0.0,1909.0,ASK
604,1712700909.4388614,1579975.63828002,1840.0,-5.499085904606377e-17,1909.0,ASK
605,1712700930.3708675,1579975.63828002,1840.0,-0.0,1909.0,ASK
606,1712700960.5521605,1579975.63828002,1840.0,-0.0,1909.0,ASK
607,1712700990.5692832,1579975.63828002,1840.0,-0.0,1909.0,ASK
608,1712701007.2796943,1580002.85657071,1837.0,-8.794149339758892e-09,1909.0,ASK
609,1712701007.2850444,1580143.97562866,1837.0,-4.5595150865269726e-08,1909.0,ASK
610,1712701015.469523,1580956.98798266,1837.0,2.626818905570265e-07,1909.0,BID
611,1712701015.489216,1581610.57693616,1837.0,2.1117266067096565e-07,1909.0,BID
612,1712701020.3832555,1581610.57693616,1837.0,0.0,1909.0,BID
613,1712701050.3673236,1581610.57693616,1837.0,0.0,1909.0,BID
614,1712701058.5611017,1582154.94274999,1837.0,-1.7571247823612146e-07,1909.0,ASK
615,1712701075.6699922,1582187.60469881,1837.0,-1.0542748691040884e-08,1909.0,ASK
616,1712701075.6753504,1582881.3296171,1836.0,-2.2392318090161202e-07,1909.0,ASK
617,1712701075.6804442,1587985.10118353,1836.0,-1.6474148954706596e-06,1909.0,ASK
618,1712701080.5917354,1587985.10118353,1836.0,-0.0,1909.0,ASK
619,1712701080.695331,1589734.14871359,1836.0,-5.624393922375884e-07,1909.0,ASK
620,1712701110.5595956,1589734.14871359,1836.0,-0.0,1909.0,ASK
621,1712701113.539579,1589761.30786622,1837.0,-8.724531130448576e-09,1909.0,ASK
622,1712701140.389881,1589761.30786622,1837.0,-0.0,1909.0,ASK
623,1712701170.3779297,1589761.30786622,1837.0,-0.0,1909.0,ASK
624,1712701200.399968,1589761.30786622,1837.0,-0.0,1909.0,ASK
625,1712701230.3759258,1589761.30786622,1837.0,-0.0,1909.0,ASK
626,1712701260.5570908,1589761.30786622,1837.0,-0.0,1909.0,ASK
627,1712701290.5806298,1589761.30786622,1837.0,-0.0,1909.0,ASK
628,1712701320.372342,1589761.30786622,1837.0,-0.0,1909.0,ASK
629,1712701333.0903015,1589766.73964582,1843.0,1.759301809323368e-09,1909.0,BID
630,1712701333.0956798,1589772.19518249,1843.0,1.7669964984704975e-09,1909.0,BID
631,1712701350.3846896,1589772.19518249,1843.0,0.0,1909.0,BID
632,1712701380.587629,1589772.19518249,1843.0,0.0,1909.0,BID
633,1712701410.5848317,1589772.19518249,1843.0,0.0,1909.0,BID
634,1712701410.9647784,1590893.58765199,1839.0,-3.632060069142216e-07,1909.0,ASK
635,1712701440.3973274,1590893.58765199,1839.0,-0.0,1909.0,ASK
636,1712701470.3755393,1590893.58765199,1839.0,-0.0,1909.0,ASK
637,1712701500.5542722,1590893.58765199,1839.0,-0.0,1909.0,ASK
638,1712701530.5604436,1590893.58765199,1839.0,-0.0,1909.0,ASK
639,1712701555.3304648,1590929.86059369,1839.0,-1.1752651001418802e-08,1909.0,ASK
640,1712701560.38332,1590929.86059369,1839.0,-0.0,1909.0,ASK
641,1712701566.0105672,1590935.28652966,1843.0,1.757997851874289e-09,1909.0,BID
642,1712701590.3764198,1590935.28652966,1843.0,0.0,1909.0,BID
643,1712701620.54574,1590935.28652966,1843.0,0.0,1909.0,BID
644,1712701650.5834658,1590935.28652966,1843.0,0.0,1909.0,BID
645,1712701680.3878472,1590935.28652966,1843.0,0.0,1909.0,BID
646,1712701710.396345,1590935.28652966,1843.0,0.0,1909.0,BID
647,1712701715.5405135,1591032.99952966,1843.0,3.1658812136967106e-08,1909.0,BID
648,1712701722.4105575,1591072.05752966,1843.0,1.2654712110410735e-08,1909.0,BID
649,1712701723.810521,1591346.48001966,1843.0,8.891232545383482e-08,1909.0,BID
650,1712701740.5720234,1591346.48001966,1843.0,0.0,1909.0,BID
651,1712701770.5634868,1591346.48001966,1843.0,0.0,1909.0,BID
652,1712701800.4486852,1591346.48001966,1843.0,0.0,1909.0,BID
653,1712701830.3732984,1591346.48001966,1843.0,0.0,1909.0,BID
654,1712701860.6112494,1591346.48001966,1843.0,0.0,1909.0,BID
655,1712701890.551049,1591346.48001966,1843.0,0.0,1909.0,BID
656,1712701920.3831325,1591346.48001966,1843.0,0.0,1909.0,BID
657,1712701950.3809056,1591346.48001966,1843.0,0.0,1909.0,BID
658,1712701980.3544972,1591346.48001966,1843.0,0.0,1909.0,BID
659,1712702010.3716574,1591346.48001966,1843.0,0.0,1909.0,BID
660,1712702040.5460265,1591346.48001966,1843.0,0.0,1909.0,BID
661,1712702070.5765538,1591346.48001966,1843.0,0.0,1909.0,BID
662,1712702100.392836,1591346.48001966,1843.0,0.0,1909.0,BID
663,1712702130.374988,1591346.48001966,1843.0,0.0,1909.0,BID
664,1712702160.5826504,1591346.48001966,1843.0,0.0,1909.0,BID
665,1712702190.5506306,1591346.48001966,1843.0,0.0,1909.0,BID
666,1712702212.640735,1591889.07361706,1845.0,1.7632614800558033e-07,1909.0,BID
667,1712702220.3843148,1591889.07361706,1845.0,0.0,1909.0,BID
668,1712702250.3732717,1591889.07361706,1845.0,0.0,1909.0,BID
669,1712702280.599646,1591889.07361706,1845.0,0.0,1909.0,BID
670,1712702310.5614274,1591889.07361706,1845.0,0.0,1909.0,BID
671,1712702340.3860197,1591889.07361706,1845.0,0.0,1909.0,BID
672,1712702370.3860395,1591889.07361706,1845.0,0.0,1909.0,BID
673,1712702400.4203415,1591889.07361706,1845.0,0.0,1909.0,BID
674,1712702430.3504958,1591889.07361706,1845.0,0.0,1909.0,BID
675,1712702460.5705626,1591889.07361706,1845.0,0.0,1909.0,BID
676,1712702490.5558088,1591889.07361706,1845.0,0.0,1909.0,BID
677,1712702520.3761404,1591889.07361706,1845.0,0.0,1909.0,BID
678,1712702550.3705928,1591889.07361706,1845.0,0.0,1909.0,BID
679,1712702580.5806985,1591889.07361706,1845.0,0.0,1909.0,BID
680,1712702610.5604124,1591889.07361706,1845.0,0.0,1909.0,BID
681,1712702640.3506205,1591889.07361706,1845.0,0.0,1909.0,BID
682,1712702670.3987513,1591889.07361706,1845.0,0.0,1909.0,BID
683,1712702700.4247856,1591889.07361706,1845.0,0.0,1909.0,BID
684,1712702730.4304984,1591889.07361706,1845.0,0.0,1909.0,BID
685,1712702760.5632124,1591889.07361706,1845.0,0.0,1909.0,BID
686,1712702790.566405,1591889.07361706,1845.0,0.0,1909.0,BID
687,1712702820.3607728,1591889.07361706,1845.0,0.0,1909.0,BID
688,1712702826.5505164,1592253.94611299,1847.0,-1.1879799378274009e-07,1909.0,ASK
689,1712702829.9005089,1592292.97356012,1847.0,1.270685643130505e-08,1909.0,BID
690,1712702850.374515,1592292.97356012,1847.0,0.0,1909.0,BID
691,1712702864.3206632,1592446.7439876,1848.0,5.0053601071614334e-08,1909.0,BID
692,1712702867.7405596,1592677.36114127,1848.0,7.506787357770517e-08,1909.0,BID
693,1712702870.9708245,1592792.61195295,1848.0,3.7515133732434414e-08,1909.0,BID
694,1712702875.4005609,1592850.20854385,1848.0,1.8748187354628323e-08,1909.0,BID
695,1712702878.9006157,1592907.7474151,1848.0,1.8729399110405527e-08,1909.0,BID
696,1712702880.5729682,1592907.7474151,1848.0,0.0,1909.0,BID
697,1712702910.5629785,1592907.7474151,1848.0,0.0,1909.0,BID
698,1712702928.2418108,1593372.02176574,1848.0,1.510694403372802e-07,1909.0,BID
699,1712702931.25185,1593604.04286963,1848.0,7.549695188375598e-08,1909.0,BID
700,1712702935.8519206,1593835.83227795,1848.0,7.54215608566978e-08,1909.0,BID
701,1712702940.408959,1593835.83227795,1848.0,0.0,1909.0,BID
702,1712702970.3978007,1593835.83227795,1848.0,0.0,1909.0,BID
703,1712703000.4653032,1593835.83227795,1848.0,0.0,1909.0,BID
704,1712703022.9738026,1594070.41352058,1847.0,-7.633113707670155e-08,1909.0,ASK
705,1712703022.9781606,1594121.28783159,1847.0,-1.6554153963285403e-08,1909.0,ASK
706,1712703030.3841062,1594121.28783159,1847.0,-0.0,1909.0,ASK
707,1712703060.5339797,1594121.28783159,1847.0,-0.0,1909.0,ASK
708,1712703074.5444193,1594125.85044459,1850.0,1.484388503818599e-09,1909.0,BID
709,1712703074.5501852,1594134.23918294,1850.0,2.7291700541975822e-09,1909.0,BID
710,1712703090.5645325,1594134.23918294,1850.0,0.0,1909.0,BID
711,1712703120.38809,1594134.23918294,1850.0,0.0,1909.0,BID
712,1712703150.361598,1594134.23918294,1850.0,0.0,1909.0,BID
713,1712703180.557124,1594134.23918294,1850.0,0.0,1909.0,BID
714,1712703196.6359503,1594288.53717794,1847.0,-5.019851225295365e-08,1909.0,ASK
715,1712703196.6761131,1594288.53717837,1847.0,-1.3990640509069854e-16,1909.0,ASK
716,1712703210.5767264,1594288.53717837,1847.0,-0.0,1909.0,ASK
717,1712703240.3802545,1594288.53717837,1847.0,-0.0,1909.0,ASK
718,1712703243.3272762,1594288.5371788,1846.0,-1.3989343463974743e-16,1909.0,ASK
719,1712703243.333098,1594775.3784568,1846.0,-1.5837174160186341e-07,1909.0,ASK
720,1712703267.000164,1594937.89199959,1846.0,5.2866414514534926e-08,1909.0,BID
721,1712703270.413929,1594937.89199959,1846.0,0.0,1909.0,BID
722,1712703275.8477128,1595587.4737069,1845.0,-2.112295953020635e-07,1909.0,ASK
723,1712703275.8538692,1595592.8937611,1845.0,-1.7624816744681787e-09,1909.0,ASK
724,1712703300.5473895,1595592.8937611,1845.0,-0.0,1909.0,ASK
725,1712703301.688301,1595647.12369602,1844.0,-1.7655044833867526e-08,1909.0,ASK
726,1712703301.6929052,1595667.7254856,1844.0,-6.707098565175261e-09,1909.0,ASK
727,1712703301.6973815,1595684.29483484,1844.0,-5.394301212643406e-09,1909.0,ASK
728,1712703330.5926254,1595684.29483484,1844.0,-0.0,1909.0,ASK
729,1712703331.8788033,1595696.48995679,1845.0,3.970014195080571e-09,1909.0,BID
730,1712703337.2785404,1595723.61963665,1843.0,-8.831827561310551e-09,1909.0,ASK
731,1712703337.284559,1596058.33590901,1843.0,-1.0896392492352077e-07,1909.0,ASK
732,1712703356.4899251,1596077.51568099,1842.0,-6.2438052961932515e-09,1909.0,ASK
733,1712703356.4961164,1596105.10533878,1841.0,-8.981569312128649e-09,1909.0,ASK
734,1712703356.5007691,1596128.95287949,1842.0,-7.763356162003016e-09,1909.0,ASK
735,1712703356.5055912,1597913.12690315,1840.0,-5.808220884926331e-07,1909.0,ASK
736,1712703356.5094886,1597938.78431759,1841.0,-8.352544562794654e-09,1909.0,ASK
737,1712703356.5121338,1597984.77220563,1840.0,-1.4970950603785972e-08,1909.0,ASK
738,1712703360.41108,1597984.77220563,1840.0,-0.0,1909.0,ASK
739,1712703360.9281518,1598186.86630325,1840.0,-6.56993880919354e-08,1909.0,ASK
740,1712703360.933658,1599718.56487259,1840.0,-4.979445710295162e-07,1909.0,ASK
741,1712703390.3887992,1599718.56487259,1840.0,-0.0,1909.0,ASK
742,1712703420.3804178,1599718.56487259,1840.0,-0.0,1909.0,ASK
743,1712703450.3725977,1599718.56487259,1840.0,-0.0,1909.0,ASK
744,1712703480.5589662,1599718.56487259,1840.0,-0.0,1909.0,ASK
745,1712703492.7591124,1599733.45690459,1840.0,4.836280484710924e-09,1909.0,BID
746,1712703510.5692413,1599733.45690459,1840.0,0.0,1909.0,BID
747,1712703540.4102664,1599733.45690459,1840.0,0.0,1909.0,BID
748,1712703569.959844,1600374.43597991,1840.0,2.0816010921702538e-07,1909.0,BID
749,1712703569.969697,1600374.43598067,1840.0,2.467993114146065e-16,1909.0,BID
750,1712703570.3601396,1600374.43598067,1840.0,0.0,1909.0,BID
751,1712703577.950001,1600534.60065458,1840.0,5.199410170962131e-08,1909.0,BID
752,1712703578.029663,1600564.79560339,1840.0,9.802156750457841e-09,1909.0,BID
753,1712703600.5962713,1600564.79560339,1840.0,0.0,1909.0,BID
754,1712703630.3875473,1600564.79560339,1840.0,0.0,1909.0,BID
755,1712703646.0105898,1600720.83694341,1840.0,-5.077265852524455e-08,1909.0,ASK
756,1712703649.4811518,1600875.31787003,1840.0,-5.026493193999967e-08,1909.0,ASK
757,1712703654.0004256,1600993.15587977,1840.0,-3.834207671541093e-08,1909.0,ASK
758,1712703654.0605533,1601542.85516597,1840.0,1.788608976712706e-07,1909.0,BID
759,1712703654.0806704,1602404.67904363,1840.0,2.804198518399821e-07,1909.0,BID
760,1712703659.1005597,1603137.95894472,1840.0,-2.3859427262477416e-07,1909.0,ASK
761,1712703659.1482852,1603781.10409987,1840.0,2.0926627097925346e-07,1909.0,BID
762,1712703660.5364015,1603781.10409987,1840.0,0.0,1909.0,BID
763,1712703672.8313093,1605019.88665049,1840.0,4.022998212856085e-07,1909.0,BID
764,1712703690.5726583,1605019.88665049,1840.0,0.0,1909.0,BID
765,1712703720.3844972,1605019.88665049,1840.0,0.0,1909.0,BID
766,1712703723.9610207,1605175.69171278,1842.0,5.056091968990156e-08,1909.0,BID
767,1712703723.9673066,1605291.330733,1842.0,3.7526477820687474e-08,1909.0,BID
768,1712703724.6416154,1605962.330733,1842.0,2.1774887550711905e-07,1909.0,BID
769,1712703724.6449802,1606922.330733,1843.0,3.1153341354222695e-07,1909.0,BID
770,1712703724.6477315,1607670.69171278,1842.0,2.428535943673168e-07,1909.0,BID
771,1712703724.6505668,1607921.09200104,1843.0,8.12583922433533e-08,1909.0,BID
772,1712703724.7479508,1608594.55414591,1843.0,-2.1854787591963045e-07,1909.0,ASK
773,1712703724.7822576,1608960.15414591,1841.0,-1.1864230832395277e-07,1909.0,ASK
774,1712703724.7856262,1609052.0052631,1841.0,-2.980697091235374e-08,1909.0,ASK
775,1712703724.8043818,1609143.87223215,1841.0,-2.9812115062467247e-08,1909.0,ASK
776,1712703746.100997,1609705.04764015,1841.0,1.821092608855821e-07,1909.0,BID
777,1712703746.2410128,1610135.82758215,1841.0,-1.39794110225832e-07,1909.0,ASK
778,1712703746.247471,1610135.8275825,1841.0,-1.135618660079895e-16,1909.0,ASK
779,1712703750.3889446,1610135.8275825,1841.0,-0.0,1909.0,ASK
780,1712703780.5668616,1610135.8275825,1841.0,-0.0,1909.0,ASK
781,1712703786.651259,1610737.94604069,1842.0,1.9480011715115213e-07,1909.0,BID
782,1712703789.6312804,1611202.37408392,1842.0,1.5025388442905074e-07,1909.0,BID
783,1712703789.6375394,1611279.82253363,1842.0,2.5056476630968523e-08,1909.0,BID
784,1712703793.182417,1611582.1917989,1842.0,9.78238874698442e-08,1909.0,BID
785,1712703793.2612646,1611767.4842599,1842.0,-5.99466643466014e-08,1909.0,ASK
786,1712703793.341153,1611767.48426001,1842.0,-3.562940356411103e-17,1909.0,ASK
787,1712703796.47122,1611905.32186429,1842.0,4.4593852083967363e-08,1909.0,BID
788,1712703796.5711284,1611980.78741107,1842.0,-2.441495880697168e-08,1909.0,ASK
789,1712703796.771483,1612206.35541107,1842.0,-7.297679090860819e-08,1909.0,ASK
790,1712703800.04132,1612206.35543264,1842.0,-6.978466880316994e-15,1909.0,ASK
791,1712703800.047324,1613378.19968307,1842.0,-3.791204108787057e-07,1909.0,ASK
792,1712703800.0612087,1613461.93867218,1840.0,-2.709162070500753e-08,1909.0,ASK
793,1712703800.0654738,1613746.79007392,1842.0,-9.215642814940817e-08,1909.0,ASK
794,1712703810.571122,1613746.79007392,1842.0,-0.0,1909.0,ASK
795,1712703835.777264,1614003.43040387,1842.0,8.285117115244899e-08,1909.0,BID
796,1712703835.78029,1614141.75218032,1842.0,4.4654404773381554e-08,1909.0,BID
797,1712703839.931622,1614497.19832581,1842.0,1.1474864235566061e-07,1909.0,BID
798,1712703840.4137418,1614497.19832581,1842.0,0.0,1909.0,BID
799,1712703870.3716855,1614497.19832581,1842.0,0.0,1909.0,BID
800,1712703900.5954854,1614497.19832581,1842.0,0.0,1909.0,BID
801,1712703912.5120015,1616131.26088015,1840.0,-5.273117414089279e-07,1909.0,ASK
802,1712703912.517126,1617601.83549898,1840.0,-4.74554209119822e-07,1909.0,ASK
803,1712703912.5223083,1617957.45857881,1840.0,-1.1475951456837713e-07,1909.0,ASK
804,1712703912.5921538,1617957.45857954,1840.0,-2.355463873121645e-16,1909.0,ASK
805,1712703913.0422018,1618528.11075286,1840.0,1.841493708138692e-07,1909.0,BID
806,1712703913.0481987,1619404.11075286,1841.0,2.826850687248184e-07,1909.0,BID
807,1712703913.054543,1619482.43591395,1842.0,2.5275517746092943e-08,1909.0,BID
808,1712703930.5777,1619482.43591395,1842.0,0.0,1909.0,BID
809,1712703931.1826727,1620252.11075286,1842.0,2.4764083765065575e-07,1909.0,BID
810,1712703931.189087,1620626.2521463,1842.0,1.203790008290075e-07,1909.0,BID
811,1712703960.4070342,1620626.2521463,1842.0,0.0,1909.0,BID
812,1712703975.252951,1620658.18847582,1839.0,-1.026846838527454e-08,1909.0,ASK
813,1712703975.2582903,1620692.52988963,1839.0,-1.104177365752418e-08,1909.0,ASK
814,1712703975.2635424,1621917.1100753,1839.0,-3.9373851381022453e-07,1909.0,ASK
815,1712703990.3508573,1621917.1100753,1839.0,-0.0,1909.0,ASK
816,1712704020.5471437,1621917.1100753,1839.0,-0.0,1909.0,ASK
817,1712704041.1953254,1621949.9468544,1838.0,-1.0549936885259324e-08,1909.0,ASK
818,1712704041.200523,1621997.15614166,1838.0,-1.5167596050623097e-08,1909.0,ASK
819,1712704041.2055726,1622000.1737013,1838.0,-9.694941045776624e-10,1909.0,ASK
820,1712704041.252303,1622000.17370166,1838.0,-1.156482161997396e-16,1909.0,ASK
821,1712704044.499107,1622058.90427324,1837.0,-1.8869202168646963e-08,1909.0,ASK
822,1712704044.5054393,1622099.82321966,1837.0,-1.3146609197872308e-08,1909.0,ASK
823,1712704044.553488,1622099.82322019,1837.0,-1.7025571802755972e-16,1909.0,ASK
824,1712704050.6236863,1622099.82322019,1837.0,-0.0,1909.0,ASK
825,1712704080.3926177,1622099.82322019,1837.0,-0.0,1909.0,ASK
826,1712704110.3959813,1622099.82322019,1837.0,-0.0,1909.0,ASK
827,1712704140.456364,1622099.82322019,1837.0,-0.0,1909.0,ASK
828,1712704144.1529267,1622340.42202719,1837.0,-7.72922477993252e-08,1909.0,ASK
829,1712704170.393061,1622340.42202719,1837.0,-0.0,1909.0,ASK
830,1712704200.4254606,1622340.42202719,1837.0,-0.0,1909.0,ASK
831,1712704225.523291,1622340.42202802,1837.0,-2.668335600563317e-16,1909.0,ASK
832,1712704225.530042,1622454.79038857,1836.0,-3.676602458120914e-08,1909.0,ASK
833,1712704230.4172084,1622454.79038857,1836.0,-0.0,1909.0,ASK
834,1712704260.5663128,1622454.79038857,1836.0,-0.0,1909.0,ASK
835,1712704281.6434622,1622495.68538039,1835.0,-1.3145635568340882e-08,1909.0,ASK
836,1712704281.648678,1622499.86895039,1835.0,-1.344802484328259e-09,1909.0,ASK
837,1712704281.653834,1622593.06904303,1835.0,-2.9959034059094e-08,1909.0,ASK
838,1712704290.5632582,1622593.06904303,1835.0,-0.0,1909.0,ASK
839,1712704320.384663,1622593.06904303,1835.0,-0.0,1909.0,ASK
840,1712704350.3938782,1622593.06904303,1835.0,-0.0,1909.0,ASK
841,1712704353.6437278,1622666.2122873,1834.0,-2.3509871780231534e-08,1909.0,ASK
842,1712704353.647719,1622737.47384103,1834.0,-2.290505442806501e-08,1909.0,ASK
843,1712704353.6528077,1622737.47384127,1834.0,-7.715691327447612e-17,1909.0,ASK
844,1712704380.5836794,1622737.47384127,1834.0,-0.0,1909.0,ASK
845,1712704410.7291126,1622737.47384127,1834.0,-0.0,1909.0,ASK
846,1712704440.4228413,1622737.47384127,1834.0,-0.0,1909.0,ASK
847,1712704463.467409,1622764.75152812,1833.0,-8.76691130036359e-09,1909.0,ASK
848,1712704463.474751,1623592.75152812,1834.0,-2.66115033750318e-07,1909.0,ASK
849,1712704463.4800534,1624317.25267223,1833.0,-2.3285102224272298e-07,1909.0,ASK
850,1712704464.0342298,1624572.77614384,1832.0,-8.21239580574092e-08,1909.0,ASK
851,1712704464.0410433,1624617.6961737,1832.0,-1.4437071572773552e-08,1909.0,ASK
852,1712704464.047261,1625108.28040014,1833.0,-1.5767130190391093e-07,1909.0,ASK
853,1712704464.0501788,1625135.57297656,1832.0,-8.771696733301456e-09,1909.0,ASK
854,1712704470.3842592,1625135.57297656,1832.0,-0.0,1909.0,ASK
855,1712704500.423983,1625135.57297656,1832.0,-0.0,1909.0,ASK
856,1712704501.6841908,1625140.6134205,1832.0,-1.618984822220614e-09,1909.0,ASK
857,1712704530.3982422,1625140.6134205,1832.0,-0.0,1909.0,ASK
858,1712704545.616332,1625195.19857333,1832.0,-1.7532636588055514e-08,1909.0,ASK
859,1712704545.6196666,1625205.24857333,1830.0,-3.228038918559958e-09,1909.0,ASK
860,1712704545.6227162,1625210.97291962,1832.0,-1.8386480206669391e-09,1909.0,ASK
861,1712704545.6257634,1625254.66489122,1831.0,-1.4033769627083693e-08,1909.0,ASK
862,1712704545.6288297,1625345.19349658,1830.0,-2.9077598143673072e-08,1909.0,ASK
1063,1712704552.994536,1625347.92225474,1834.0,8.764713970007524e-10,1909.0,BID
863,1712704552.994536,1625347.92225474,1834.0,8.764713970007523e-10,1909.0,BID
864,1712704560.5641906,1625347.92225474,1834.0,0.0,1909.0,BID
865,1712704590.5802796,1625347.92225474,1834.0,0.0,1909.0,BID
866,1712704620.3879795,1625347.92225474,1834.0,0.0,1909.0,BID
867,1712704650.4008343,1625347.92225474,1834.0,0.0,1909.0,BID
868,1712704680.574876,1625347.92225474,1834.0,0.0,1909.0,BID
869,1712704710.5848773,1625347.92225474,1834.0,0.0,1909.0,BID
870,1712704740.3634038,1625347.92225474,1834.0,0.0,1909.0,BID
871,1712704755.5953293,1625350.76223289,1831.0,-9.120838315737195e-10,1909.0,ASK
872,1712704755.6023335,1625353.55861289,1831.0,-8.980819043396063e-10,1909.0,ASK
873,1712704755.609135,1625485.71473592,1830.0,-4.24430952277236e-08,1909.0,ASK
874,1712704755.613053,1626441.71473592,1831.0,-3.070277646423776e-07,1909.0,ASK
875,1712704755.6161065,1626988.16282335,1830.0,-1.754965844944483e-07,1909.0,ASK
876,1712704758.825166,1627288.16282335,1830.0,-9.634762488777537e-08,1909.0,ASK
877,1712704758.8322518,1628507.77026809,1830.0,-3.916876019872021e-07,1909.0,ASK
878,1712704758.8389857,1628540.55715333,1830.0,-1.0529795067769094e-08,1909.0,ASK
879,1712704770.4449098,1628540.55715333,1830.0,-0.0,1909.0,ASK
880,1712704800.40509,1628540.55715333,1830.0,-0.0,1909.0,ASK
881,1712704818.4348154,1628595.23183833,1829.0,-1.7539873566781333e-08,1909.0,ASK
882,1712704825.0656202,1628602.23183833,1828.0,-2.245630038243888e-09,1909.0,ASK
883,1712704825.0713527,1628602.23183895,1829.0,-1.9890764434966503e-16,1909.0,ASK
884,1712704825.0763977,1628608.07647789,1828.0,-1.874985252319236e-09,1909.0,ASK
885,1712704825.079533,1629863.29652914,1827.0,-4.026799788133506e-07,1909.0,ASK
886,1712704825.0827303,1630410.342481,1828.0,-1.7549468882808474e-07,1909.0,ASK
887,1712704825.0860746,1630413.13722648,1827.0,-8.965663427152642e-10,1909.0,ASK
888,1712704825.185672,1630724.74682248,1827.0,9.996569556896593e-08,1909.0,BID
889,1712704825.2082796,1631140.74182248,1827.0,1.3345298110842777e-07,1909.0,BID
890,1712704825.2250814,1631166.90515644,1827.0,8.393309805918594e-09,1909.0,BID
891,1712704825.229015,1631330.5049055,1829.0,5.2483501534004767e-08,1909.0,BID
892,1712704830.3869238,1631330.5049055,1829.0,0.0,1909.0,BID
893,1712704830.4855,1631385.1795905,1829.0,-1.751123334267173e-08,1909.0,ASK
894,1712704860.590757,1631385.1795905,1829.0,-0.0,1909.0,ASK
895,1712704881.455083,1631385.17959112,1829.0,-1.9857649524618592e-16,1909.0,ASK
896,1712704890.591793,1631385.17959112,1829.0,-0.0,1909.0,ASK
897,1712704891.4953167,1631480.89960275,1826.0,-3.0656267636713074e-08,1909.0,ASK
898,1712704904.2459435,1631719.49326157,1830.0,7.641443974615687e-08,1909.0,BID
899,1712704904.2517974,1632647.49326157,1830.0,2.972107491671575e-07,1909.0,BID
900,1712704904.385739,1633375.23150066,1830.0,-2.3307287417835619e-07,1909.0,ASK
901,1712704904.391641,1634213.1400399,1830.0,-2.683571386649609e-07,1909.0,ASK
902,1712704919.6453931,1634627.02642094,1831.0,1.325554756238587e-07,1909.0,BID
903,1712704919.6501906,1635716.71068076,1831.0,3.4899340001807214e-07,1909.0,BID
904,1712704919.7450323,1636803.22842776,1831.0,-3.479792603117561e-07,1909.0,ASK
905,1712704919.7485435,1636943.88826491,1831.0,-4.504915471668784e-08,1909.0,ASK
906,1712704920.4271145,1636943.88826491,1831.0,-0.0,1909.0,ASK
907,1712704950.3767152,1636943.88826491,1831.0,-0.0,1909.0,ASK
908,1712704952.6644158,1637875.88826491,1829.0,2.975222999003024e-07,1909.0,BID
909,1712704952.7643042,1638722.77573447,1829.0,-2.703518322963639e-07,1909.0,ASK
910,1712704952.7945166,1639677.62254593,1829.0,-3.048156860494408e-07,1909.0,ASK
911,1712704980.5937958,1639677.62254593,1829.0,-0.0,1909.0,ASK
912,1712705010.688823,1639677.62254593,1829.0,-0.0,1909.0,ASK
913,1712705040.402203,1639677.62254593,1829.0,-0.0,1909.0,ASK
914,1712705054.3318443,1639704.95988874,1828.0,8.7129909446737e-09,1909.0,BID
915,1712705070.37538,1639704.95988874,1828.0,0.0,1909.0,BID
916,1712705100.591281,1639704.95988874,1828.0,0.0,1909.0,BID
917,1712705130.590701,1639704.95988874,1828.0,0.0,1909.0,BID
918,1712705137.6302507,1639759.66448392,1828.0,1.7471926347926293e-08,1909.0,BID
919,1712705151.9165237,1640707.66448392,1828.0,3.027786993640172e-07,1909.0,BID
920,1712705151.919887,1641009.80226412,1829.0,9.649882290895017e-08,1909.0,BID
921,1712705155.240074,1641209.80226412,1826.0,-6.387736273502471e-08,1909.0,ASK
922,1712705155.66011,1641212.65015412,1825.0,-9.095785128265883e-10,1909.0,ASK
923,1712705155.6673677,1641353.90847512,1825.0,-4.5116045049297466e-08,1909.0,ASK
924,1712705155.680843,1641353.90847567,1825.0,-1.756454943447937e-16,1909.0,ASK
925,1712705160.401093,1641353.90847567,1825.0,-0.0,1909.0,ASK
926,1712705190.4018974,1641353.90847567,1825.0,-0.0,1909.0,ASK
927,1712705220.559631,1641353.90847567,1825.0,-0.0,1909.0,ASK
928,1712705250.577645,1641353.90847567,1825.0,-0.0,1909.0,ASK
929,1712705280.363423,1641353.90847567,1825.0,-0.0,1909.0,ASK
930,1712705303.0112295,1641573.20672128,1824.0,-6.997361471480384e-08,1909.0,ASK
931,1712705303.0147016,1641578.94651373,1825.0,-1.831451156068249e-09,1909.0,ASK
1132,1712705303.0180426,1641584.42896987,1824.0,-1.7493403677865181e-09,1909.0,ASK
932,1712705303.0180426,1641584.42896987,1824.0,-1.749340367786518e-09,1909.0,ASK
933,1712705303.0213726,1641656.65703867,1824.0,-2.304650930400273e-08,1909.0,ASK
1133,1712705303.0213726,1641656.65703867,1824.0,-2.3046509304002732e-08,1909.0,ASK
934,1712705310.3778603,1641656.65703867,1824.0,-0.0,1909.0,ASK
935,1712705317.387428,1641656.65704004,1824.0,-4.3705434091262084e-16,1909.0,ASK
1135,1712705317.387428,1641656.65704004,1824.0,-4.370543409126208e-16,1909.0,ASK
936,1712705317.3975718,1642722.15868568,1823.0,-3.39920032882997e-07,1909.0,ASK
937,1712705317.4063218,1642729.15868568,1823.0,-2.2331642939432006e-09,1909.0,ASK
938,1712705317.471347,1642895.31542066,1823.0,5.3007898250770696e-08,1909.0,BID
939,1712705328.027763,1642901.34943053,1823.0,1.924990770185913e-09,1909.0,BID
940,1712705340.5571463,1642901.34943053,1823.0,0.0,1909.0,BID
941,1712705363.936825,1642946.46943053,1823.0,1.4383926640811448e-08,1909.0,BID
942,1712705364.016691,1642946.46947972,1823.0,1.5681454401439683e-14,1909.0,BID
943,1712705364.146417,1642991.58952872,1826.0,1.438394226162426e-08,1909.0,BID
944,1712705370.5631385,1642991.58952872,1826.0,0.0,1909.0,BID
945,1712705400.4782703,1642991.58952872,1826.0,0.0,1909.0,BID
946,1712705430.426021,1642991.58952872,1826.0,0.0,1909.0,BID
947,1712705456.7055175,1643046.35404131,1826.0,1.746783856819907e-08,1909.0,BID
948,1712705460.5781913,1643046.35404131,1826.0,0.0,1909.0,BID
949,1712705490.5675385,1643046.35404131,1826.0,0.0,1909.0,BID
950,1712705510.8753135,1643058.49069131,1824.0,-3.871015573859471e-09,1909.0,ASK
951,1712705520.442158,1643058.49069131,1824.0,-0.0,1909.0,ASK
952,1712705535.413456,1643061.23041733,1825.0,8.738364548201361e-10,1909.0,BID
953,1712705550.385032,1643061.23041733,1825.0,0.0,1909.0,BID
954,1712705556.6448443,1643061.23041754,1824.0,-6.69836807056246e-17,1909.0,ASK
955,1712705565.3347435,1643065.20842754,1823.0,-1.2687854868136741e-09,1909.0,ASK
1155,1712705565.3347435,1643065.20842754,1823.0,-1.268785486813674e-09,1909.0,ASK
956,1712705573.8653183,1643090.72926484,1822.0,-8.13986590729214e-09,1909.0,ASK
957,1712705573.8713186,1643125.41499422,1822.0,-1.1063006386938036e-08,1909.0,ASK
958,1712705573.8846202,1644223.71263289,1822.0,-3.503018102416657e-07,1909.0,ASK
959,1712705575.277792,1644226.60905887,1822.0,-9.238144818577715e-10,1909.0,ASK
960,1712705575.2815528,1644801.04244489,1822.0,-1.8321541256310266e-07,1909.0,ASK
961,1712705576.4623945,1644801.04244581,1822.0,-2.934806054862843e-16,1909.0,ASK
962,1712705576.5946186,1644846.1973699,1822.0,1.4402153927247725e-08,1909.0,BID
963,1712705580.554556,1644846.1973699,1822.0,0.0,1909.0,BID
964,1712705582.5947146,1644857.16228218,1824.0,3.493632638804932e-09,1909.0,BID
965,1712705610.5659077,1644857.16228218,1824.0,0.0,1909.0,BID
966,1712705640.366597,1644857.16228218,1824.0,0.0,1909.0,BID
967,1712705641.7143514,1644862.64173423,1825.0,1.745848033164625e-09,1909.0,BID
968,1712705670.3742044,1644862.64173423,1825.0,0.0,1909.0,BID
969,1712705700.5728314,1644862.64173423,1825.0,0.0,1909.0,BID
970,1712705726.5138123,1644865.38243444,1825.0,8.750383421523895e-10,1909.0,BID
971,1712705730.573884,1644865.38243444,1825.0,0.0,1909.0,BID
972,1712705760.36312,1644865.38243444,1825.0,0.0,1909.0,BID
973,1712705767.783712,1645301.93593044,1823.0,-1.3938059915346508e-07,1909.0,ASK
974,1712705781.5569904,1646511.02149094,1823.0,-3.860307416947691e-07,1909.0,ASK
975,1712705781.5629337,1646560.46358244,1823.0,-1.5785621693185547e-08,1909.0,ASK
976,1712705781.7533596,1646560.46358283,1823.0,-1.2451446495360791e-16,1909.0,ASK
977,1712705790.3476963,1646560.46358283,1823.0,-0.0,1909.0,ASK
978,1712705804.0932257,1646590.46358283,1823.0,9.568808137817334e-09,1909.0,BID
979,1712705820.5628057,1646590.46358283,1823.0,0.0,1909.0,BID
980,1712705821.8028553,1646593.46358283,1822.0,-9.568641223040414e-10,1909.0,ASK
981,1712705821.8065462,1648498.74898283,1822.0,-6.076997473365474e-07,1909.0,ASK
982,1712705821.844629,1648498.74898348,1822.0,-2.073407040810277e-16,1909.0,ASK
983,1712705850.5772958,1648498.74898348,1822.0,-0.0,1909.0,ASK
984,1712705854.4428337,1648596.04226522,1823.0,3.0997774537991155e-08,1909.0,BID
985,1712705854.4506412,1648653.7698553,1823.0,1.8392090285318938e-08,1909.0,BID
986,1712705854.609057,1649202.91867463,1821.0,-1.7495957567637497e-07,1909.0,ASK
987,1712705854.6136143,1649208.77424849,1821.0,-1.8655939552714243e-09,1909.0,ASK
988,1712705854.6170857,1649879.4728553,1821.0,-2.13685506594227e-07,1909.0,ASK
989,1712705861.6729004,1650208.77424849,1821.0,-1.0491588071238797e-07,1909.0,ASK
990,1712705861.6809542,1650633.99528088,1821.0,-1.3547601083137488e-07,1909.0,ASK
991,1712705863.2846732,1650637.25084246,1820.0,-1.0372264358342343e-09,1909.0,ASK
992,1712705863.290828,1650653.4951086,1820.0,-5.175445727995212e-09,1909.0,ASK
993,1712705863.296163,1652238.08697741,1820.0,-5.048531677176125e-07,1909.0,ASK
994,1712705880.37813,1652238.08697741,1820.0,-0.0,1909.0,ASK
995,1712705882.0161903,1652241.08697741,1819.0,-9.537354609424115e-10,1909.0,ASK
996,1712705882.0224154,1652506.89049141,1819.0,-8.450207898164328e-08,1909.0,ASK
997,1712705882.0929198,1653383.44610241,1819.0,-2.786673898996327e-07,1909.0,ASK
998,1712705883.0826948,1653443.88566284,1820.0,1.9214450675253124e-08,1909.0,BID
999,1712705889.3835433,1653465.804019,1820.0,6.968104505098445e-09,1909.0,BID
1000,1712705910.3656783,1653465.804019,1820.0,0.0,1909.0,BID
1201,1712705913.2124114,1653475.46567169,1820.0,3.069374361587185e-09,1909.0,BID
1202,1712705940.576809,1653475.46567169,1820.0,0.0,1909.0,BID
1203,1712705943.165696,1653475.46567258,1819.0,-2.8277463475751403e-16,1909.0,ASK
1204,1712705943.1817288,1653484.14620769,1819.0,-2.7576713764871062e-09,1909.0,ASK
1205,1712705970.5636652,1653484.14620769,1819.0,-0.0,1909.0,ASK
1206,1712706000.354687,1653676.77352296,1820.0,6.119440360677768e-08,1909.0,BID
1207,1712706000.366034,1653840.29621091,1820.0,5.194836127600501e-08,1909.0,BID
1208,1712706000.446458,1653840.29621091,1820.0,0.0,1909.0,BID
1209,1712706004.231889,1654378.46205353,1821.0,1.7137317730456813e-07,1909.0,BID
1210,1712706004.351884,1654676.44186592,1821.0,9.488849566022048e-08,1909.0,BID
1211,1712706030.371583,1654676.44186592,1821.0,0.0,1909.0,BID
1212,1712706060.5652685,1654676.44186592,1821.0,0.0,1909.0,BID
1213,1712706090.5756776,1654676.44186592,1821.0,0.0,1909.0,BID
1214,1712706120.354138,1654676.44186592,1821.0,0.0,1909.0,BID
1215,1712706150.4229152,1654676.44186592,1821.0,0.0,1909.0,BID
1216,1712706155.9006376,1654677.35211196,1821.0,-2.8971767762314424e-10,1909.0,ASK
1217,1712706155.9028473,1655493.35211196,1822.0,-2.597205750517186e-07,1909.0,ASK
1218,1712706180.5557745,1655493.35211196,1822.0,-0.0,1909.0,ASK
1219,1712706210.5412457,1655493.35211196,1822.0,-0.0,1909.0,ASK
1220,1712706240.4054203,1655493.35211196,1822.0,-0.0,1909.0,ASK
1221,1712706251.461199,1655496.09033758,1826.0,8.71123507260587e-10,1909.0,BID
1222,1712706254.0713036,1655814.94525059,1823.0,-1.0143868646143249e-07,1909.0,ASK
1223,1712706265.251093,1656485.94525059,1824.0,-2.1346811931820645e-07,1909.0,ASK
1224,1712706265.2540417,1657341.94525059,1824.0,-2.723229659260576e-07,1909.0,ASK
1225,1712706270.3809586,1657341.94525059,1824.0,-0.0,1909.0,ASK
1226,1712706283.1508863,1658023.27206218,1824.0,2.165211925186089e-07,1909.0,BID
1227,1712706292.0511632,1658050.69937978,1823.0,-8.716221662376065e-09,1909.0,ASK
1228,1712706292.053938,1658595.98305274,1823.0,-1.732875752455731e-07,1909.0,ASK
1229,1712706300.4024975,1658595.98305274,1823.0,-0.0,1909.0,ASK
1230,1712706330.3944414,1658595.98305274,1823.0,-0.0,1909.0,ASK
1231,1712706360.580959,1658595.98305274,1823.0,-0.0,1909.0,ASK
1232,1712706390.5649529,1658595.98305274,1823.0,-0.0,1909.0,ASK
1233,1712706420.3882985,1658595.98305274,1823.0,-0.0,1909.0,ASK
1234,1712706450.398053,1658595.98305274,1823.0,-0.0,1909.0,ASK
1235,1712706452.140311,1658861.6779347,1824.0,-8.48490392681659e-08,1909.0,ASK
1236,1712706480.5713537,1658861.6779347,1824.0,-0.0,1909.0,ASK
1237,1712706510.543809,1658861.6779347,1824.0,-0.0,1909.0,ASK
1238,1712706540.401966,1658861.6779347,1824.0,-0.0,1909.0,ASK
1239,1712706570.3604405,1658861.6779347,1824.0,-0.0,1909.0,ASK
1240,1712706600.4200473,1658861.6779347,1824.0,-0.0,1909.0,ASK
1241,1712706600.553061,1658916.5325697,1823.0,-1.7553277712371028e-08,1909.0,ASK
1242,1712706630.3885586,1658916.5325697,1823.0,-0.0,1909.0,ASK
1243,1712706633.85002,1658916.53256991,1823.0,-6.720129984995211e-17,1909.0,ASK
1244,1712706633.8525436,1659159.6577467,1823.0,-7.779665635249611e-08,1909.0,ASK
1245,1712706633.8701773,1659190.66867793,1823.0,-9.923064291062381e-09,1909.0,ASK
1246,1712706660.565842,1659190.66867793,1823.0,-0.0,1909.0,ASK
1247,1712706673.7499704,1659193.66867793,1823.0,-9.598045583087827e-10,1909.0,ASK
1248,1712706690.580194,1659193.66867793,1823.0,-0.0,1909.0,ASK
1249,1712706720.392182,1659193.66867793,1823.0,-0.0,1909.0,ASK
1250,1712706750.3667014,1659193.66867793,1823.0,-0.0,1909.0,ASK
1251,1712706760.6304595,1659206.69509556,1822.0,-4.1675977144331185e-09,1909.0,ASK
1252,1712706760.633541,1659225.57587711,1822.0,-6.040609495963787e-09,1909.0,ASK
1253,1712706760.6364772,1659246.49487972,1822.0,-6.6927063097384914e-09,1909.0,ASK
1254,1712706780.5799215,1659246.49487972,1822.0,-0.0,1909.0,ASK
1255,1712706810.5696256,1659246.49487972,1822.0,-0.0,1909.0,ASK
1256,1712706822.2077866,1659261.49487972,1822.0,-4.7988666208660315e-09,1909.0,ASK
1257,1712706822.210072,1659660.9954226,1822.0,-1.2780998801632422e-07,1909.0,ASK
1258,1712706840.371101,1659660.9954226,1822.0,-0.0,1909.0,ASK
1259,1712706870.3527353,1659660.9954226,1822.0,-0.0,1909.0,ASK
1260,1712706900.573682,1659660.9954226,1822.0,-0.0,1909.0,ASK
1261,1712706930.574706,1659660.9954226,1822.0,-0.0,1909.0,ASK
1262,1712706941.528961,1660441.45519838,1822.0,-2.514368162517288e-07,1909.0,ASK
1263,1712706941.5303707,1660457.91158894,1823.0,-5.301672908513155e-09,1909.0,ASK
1264,1712706960.409583,1660457.91158894,1823.0,-0.0,1909.0,ASK
1265,1712706966.149715,1660463.40006252,1822.0,-1.7673672946967441e-09,1909.0,ASK
1266,1712706966.1532617,1662027.67684594,1822.0,-5.03719583701992e-07,1909.0,ASK
1267,1712706984.3598812,1662027.67684656,1822.0,-1.9965791948975942e-16,1909.0,ASK
1268,1712706990.3945444,1662027.67684656,1822.0,-0.0,1909.0,ASK
1269,1712707020.579623,1662027.67684656,1822.0,-0.0,1909.0,ASK
1270,1712707050.5694842,1662027.67684656,1822.0,-0.0,1909.0,ASK
1271,1712707080.3666666,1662027.67684656,1822.0,-0.0,1909.0,ASK
1272,1712707098.2696612,1662038.02787302,1822.0,3.330112113141074e-09,1909.0,BID
1273,1712707106.9794445,1662042.79250822,1820.0,-1.5328691754660303e-09,1909.0,ASK
1274,1712707110.400483,1662042.79250822,1820.0,-0.0,1909.0,ASK
1275,1712707118.8919702,1662088.02787302,1820.0,-1.4552904739203973e-08,1909.0,ASK
1276,1712707118.895183,1662106.83496847,1819.0,-6.050528601187409e-09,1909.0,ASK
1277,1712707118.898203,1662109.83496847,1820.0,-9.651456202637584e-10,1909.0,ASK
1278,1712707118.9012516,1662114.05560847,1820.0,-1.357844070222486e-09,1909.0,ASK
1279,1712707118.9043057,1662124.05560847,1819.0,-3.2171520675458607e-09,1909.0,ASK
1280,1712707118.9057298,1662946.86418933,1818.0,-2.647100327108321e-07,1909.0,ASK
1281,1712707118.9071274,1663001.83945046,1819.0,-1.7686377500794603e-08,1909.0,ASK
1282,1712707118.9085374,1663007.83945046,1818.0,-1.9302912405275168e-09,1909.0,ASK
1283,1712707118.9099412,1663231.10376764,1816.0,-7.182752596249486e-08,1909.0,ASK
1284,1712707118.911374,1663288.46405366,1818.0,-1.8453676276418562e-08,1909.0,ASK
1285,1712707118.912958,1663291.46405366,1815.0,-9.651456202637584e-10,1909.0,ASK
1286,1712707118.9143453,1663307.96570382,1818.0,-5.308831793073689e-09,1909.0,ASK
1287,1712707118.9157891,1663366.00147707,1817.0,-1.8670990790224485e-08,1909.0,ASK
1288,1712707118.917205,1668962.62295459,1815.0,-1.8005182357675342e-06,1909.0,ASK
1289,1712707118.9298615,1669513.58714192,1815.0,-1.7725355744127588e-07,1909.0,ASK
1290,1712707118.9896326,1670064.24793488,1816.0,1.771559508587238e-07,1909.0,BID
1291,1712707119.049506,1670647.81361028,1817.0,1.8774195191617934e-07,1909.0,BID
1292,1712707140.55453,1670647.81361028,1817.0,0.0,1909.0,BID
1293,1712707170.5387802,1670647.81361028,1817.0,0.0,1909.0,BID
1294,1712707200.519441,1670647.81361028,1817.0,0.0,1909.0,BID
1295,1712707208.8402994,75.52851647,1823.0,2.437210846890456e-08,1823.0,BID
1296,1712707230.5172956,75.52851647,1823.0,0.0,1823.0,BID
1297,1712707231.0200808,130.4433984,1821.0,1.7719558902267258e-08,1823.0,BID
1298,1712707231.2932372,154.44405244,1816.0,-7.744367064229042e-09,1823.0,ASK
1299,1712707231.2947805,159.95066036,1816.0,-1.7768346204314831e-09,1823.0,ASK
1300,1712707231.99049,162.75131933,1821.0,9.036975012954956e-10,1823.0,BID
1301,1712707248.8697093,173.74033032,1820.0,3.54585898524151e-09,1823.0,BID
1302,1712707259.2047706,187.00292978,1820.0,-4.279484978738763e-09,1823.0,ASK
1303,1712707260.6894312,187.00292978,1820.0,-0.0,1823.0,ASK
1304,1712707260.9878764,187.00292978,1820.0,-0.0,1823.0,ASK
1305,1712707262.4328108,195.71890175,1820.0,-2.8122262367441597e-09,1823.0,ASK
1306,1712707290.587854,195.71890175,1820.0,-0.0,1823.0,ASK
1307,1712707300.3300812,215.71890175,1815.0,-6.453008001438009e-09,1823.0,ASK
1308,1712707300.3326545,218.71890175,1814.0,-9.679512002157011e-10,1823.0,ASK
1309,1712707300.3406324,273.84569337,1814.0,-1.778668137087329e-08,1823.0,ASK
1310,1712707300.343852,287.77245548,1816.0,-4.493475366497693e-09,1823.0,ASK
1311,1712707300.3465247,371.17917229,1814.0,-2.69112105474302e-08,1823.0,ASK
1312,1712707300.3490498,378.24169142,1813.0,-2.2787246228099496e-09,1823.0,ASK
1313,1712707300.4853563,929.50960763,1814.0,1.778668137119594e-07,1823.0,BID
1314,1712707300.8244853,1480.70960763,1816.0,1.778449005196315e-07,1823.0,BID
1315,1712707320.6389475,1480.70960763,1816.0,0.0,1823.0,BID
1316,1712707320.8140008,1480.70960763,1816.0,0.0,1823.0,BID
1317,1712707335.9603014,1483.70960763,1818.0,9.67223404968245e-10,1823.0,BID
1318,1712707345.340026,1494.71070774,1818.0,3.546840502263629e-09,1823.0,BID
1319,1712707350.4682465,1494.71070774,1818.0,0.0,1823.0,BID
1320,1712707368.4949224,1669.15012774,1815.0,-5.624016838558543e-08,1823.0,ASK
1321,1712707374.8733451,2045.97770774,1815.0,-1.21491154645737e-07,1823.0,ASK
1322,1712707374.8749292,2233.74209007,1815.0,-6.053620494183394e-08,1823.0,ASK
1323,1712707380.681934,2233.74209007,1815.0,-0.0,1823.0,ASK
1324,1712707380.869574,2233.74209007,1815.0,-0.0,1823.0,ASK
1325,1712707393.8297231,2551.06009007,1815.0,-1.0226073600908985e-07,1823.0,ASK
1326,1712707410.5583491,2551.06009007,1815.0,-0.0,1823.0,ASK
1327,1712707440.674574,2551.06009007,1815.0,-0.0,1823.0,ASK
1328,1712707440.775996,2551.06009007,1815.0,-0.0,1823.0,ASK
1329,1712707447.5035915,2815.33070317,1815.0,-8.514957391620064e-08,1823.0,ASK
1330,1712707470.5672274,2815.33070317,1815.0,-0.0,1823.0,ASK
1331,1712707470.7367482,2836.00550057,1815.0,-6.6605141579430555e-09,1823.0,ASK
1332,1712707472.0948586,2926.97214001,1815.0,-2.9305466852633932e-08,1823.0,ASK
1333,1712707472.0985494,2942.21962415,1815.0,-4.9120715440472155e-09,1823.0,ASK
1334,1712707473.0402017,3679.39923224,1815.0,-2.3748698096699893e-07,1823.0,ASK
1335,1712707473.041919,4322.09096777,1815.0,-2.0704712703451026e-07,1823.0,ASK
1336,1712707473.140772,4721.09107103,1815.0,1.2854035690738977e-07,1823.0,BID
1337,1712707473.2722578,10733.42424455,1815.0,1.9369104059273965e-06,1823.0,BID
1338,1712707497.5139697,10776.27850976,1815.0,-1.3805767216826736e-08,1823.0,ASK
1339,1712707497.5286558,10939.98087299,1815.0,-5.2737731204183124e-08,1823.0,ASK
1340,1712707500.9142222,10939.98087299,1815.0,-0.0,1823.0,ASK
1341,1712707501.2280133,10939.98087299,1815.0,-0.0,1823.0,ASK
1342,1712707526.331283,11049.36646637,1817.0,3.543018648295622e-08,1823.0,BID
1343,1712707526.430568,11054.8700437,1817.0,1.7826183969939627e-09,1823.0,BID
1344,1712707530.601722,11054.8700437,1817.0,0.0,1823.0,BID
1345,1712707536.2402298,11164.9415902,1817.0,3.5649957411855385e-08,1823.0,BID
1346,1712707545.8432271,11250.03451228,1815.0,-2.7559883954227656e-08,1823.0,ASK
1347,1712707551.0891166,11312.43451228,1817.0,2.021010345757044e-08,1823.0,BID
1348,1712707560.7169814,11312.43451228,1817.0,0.0,1823.0,BID
1349,1712707560.8127537,11312.43451228,1817.0,0.0,1823.0,BID
1350,1712707570.8140302,11539.24017928,1820.0,7.344665982016645e-08,1823.0,BID
1351,1712707571.8636148,11539.24018,1820.0,2.331586530416991e-16,1823.0,BID
1352,1712707579.1300917,11550.19908411,1820.0,3.548830647908452e-09,1823.0,BID
1353,1712707580.234216,11769.29908411,1820.0,7.095132753714919e-08,1823.0,BID
1354,1712707587.7499082,11788.03546531,1820.0,6.067417249576016e-09,1823.0,BID
1355,1712707590.3926766,11788.03546531,1820.0,0.0,1823.0,BID
1356,1712707620.644347,11788.03546531,1820.0,0.0,1823.0,BID
1357,1712707620.822506,11788.03546531,1820.0,0.0,1823.0,BID
1358,1712707631.7566626,12025.8790171,1820.0,-7.699948343443186e-08,1823.0,ASK
1359,1712707650.4956057,12025.8790171,1820.0,-0.0,1823.0,ASK
1360,1712707655.2165337,12029.72517095,1820.0,-1.2449795708267926e-09,1823.0,ASK
1361,1712707680.662461,12029.72517095,1820.0,-0.0,1823.0,ASK
1362,1712707680.8179295,12029.72517095,1820.0,-0.0,1823.0,ASK
1363,1712707710.5718436,12029.72517095,1820.0,-0.0,1823.0,ASK
1364,1712707724.4632916,12056.64599646,1823.0,8.714108471645561e-09,1823.0,BID
1365,1712707724.465073,12084.6702259,1823.0,9.07127365331811e-09,1823.0,BID
1366,1712707733.700415,12139.52486112,1821.0,-1.7756113804982423e-08,1823.0,ASK
1367,1712707740.8475912,12139.52486112,1821.0,-0.0,1823.0,ASK
1368,1712707740.8975914,12139.52486112,1821.0,-0.0,1823.0,ASK
1369,1712707758.7321796,12142.52486112,1824.0,9.710189840138404e-10,1824.0,BID
1370,1712707765.4712696,12148.00731726,1824.0,1.774522996987769e-09,1824.0,BID
1371,1712707770.4930048,12148.00731726,1824.0,0.0,1824.0,BID
1372,1712707773.060267,13076.00731726,1825.0,3.003670348563137e-07,1825.0,BID
1373,1712707773.0621386,14718.52486112,1824.0,5.316359098585165e-07,1825.0,BID
1374,1712707773.0640287,14744.32610626,1825.0,8.351124459377585e-09,1825.0,BID
1375,1712707773.1624904,15893.04861991,1825.0,-3.7180859407084253e-07,1825.0,ASK
1376,1712707773.164246,16119.85428691,1825.0,-7.341050181616234e-08,1825.0,ASK
1377,1712707773.1811953,16274.6985997,1825.0,-5.0118671440835774e-08,1825.0,ASK
1378,1712707773.1829157,16843.7985997,1825.0,-1.8420137881112962e-07,1825.0,ASK
1379,1712707773.20346,17220.56579243,1823.0,1.219487548614734e-07,1825.0,BID
1380,1712707773.2803714,17382.3959979,1823.0,-5.237980492156448e-08,1825.0,ASK
1381,1712707788.1204276,17385.3959979,1825.0,9.710141213027382e-10,1825.0,BID
1382,1712707800.5345137,17385.3959979,1825.0,0.0,1825.0,BID
1383,1712707801.0016878,17385.3959979,1825.0,0.0,1825.0,BID
1384,1712707830.4249687,17385.3959979,1825.0,0.0,1825.0,BID
1385,1712707839.055779,17656.65863828,1826.0,8.941895648031428e-08,1826.0,BID
1386,1712707839.074706,17659.41491933,1826.0,9.085798726727311e-10,1826.0,BID
1387,1712707839.6126304,17662.41491933,1826.0,9.889193331789118e-10,1826.0,BID
1388,1712707860.6396608,17662.41491933,1826.0,0.0,1826.0,BID
1389,1712707860.8563244,17662.41491933,1826.0,0.0,1826.0,BID
1390,1712707890.586782,17662.41491933,1826.0,0.0,1826.0,BID
1391,1712707916.0115576,18209.46087119,1826.0,1.802980423878152e-07,1826.0,BID
1392,1712707920.6746707,18209.46087119,1826.0,0.0,1826.0,BID
1393,1712707920.6948707,18209.46087119,1826.0,0.0,1826.0,BID
1394,1712707933.7199771,18212.46087119,1827.0,9.8842904966646e-10,1827.0,BID
1395,1712707950.4179077,18212.46087119,1827.0,0.0,1827.0,BID
1396,1712707952.32948,18215.19708091,1827.0,9.015147630660607e-10,1827.0,BID
1397,1712707959.2605944,18479.92295552,1827.0,8.722075737916285e-08,1827.0,BID
1398,1712707961.876315,19463.60221113,1827.0,3.24098465323321e-07,1827.0,BID
1399,1712707980.633582,19463.60221113,1827.0,0.0,1827.0,BID
1400,1712707980.8947306,19463.60221113,1827.0,0.0,1827.0,BID
1401,1712708003.5310097,19470.17035562,1827.0,2.162415789808823e-09,1827.0,BID
1402,1712708010.5902743,19470.17035562,1827.0,0.0,1827.0,BID
1403,1712708011.3594904,19476.20747119,1827.0,1.987578451979396e-09,1827.0,BID
1404,1712708040.7018433,19476.20747119,1827.0,0.0,1827.0,BID
1405,1712708040.7796988,19476.20747119,1827.0,0.0,1827.0,BID
1406,1712708051.419613,19479.20747119,1828.0,9.876759247634247e-10,1828.0,BID
1407,1712708066.86423,19613.11620559,1828.0,4.40861443608066e-08,1828.0,BID
1408,1712708066.8748052,19615.61071226,1828.0,8.212547273742557e-10,1828.0,BID
1409,1712708070.4204216,19615.61071226,1828.0,0.0,1828.0,BID
1410,1712708100.517971,19615.61071226,1828.0,0.0,1828.0,BID
1411,1712708100.8232565,19615.61071226,1828.0,0.0,1828.0,BID
1412,1712708103.52019,20481.70197786,1828.0,2.8769292833757226e-07,1828.0,BID
1413,1712708118.5994174,21028.44883406,1829.0,1.81615044934751e-07,1829.0,BID
1414,1712708127.350848,21033.91630262,1829.0,1.816150448683254e-09,1829.0,BID
1415,1712708130.392407,21033.91630262,1829.0,0.0,1829.0,BID
1416,1712708131.6294837,21580.66315882,1829.0,1.814587366821257e-07,1829.0,BID
1417,1712708132.7795382,21635.33784444,1829.0,1.8145873668212813e-08,1829.0,BID
1418,1712708136.469793,21847.69549581,1829.0,7.047896244013805e-08,1829.0,BID
1419,1712708138.500967,21875.03283862,1829.0,9.07293683410701e-09,1829.0,BID
1420,1712708160.601228,21875.03283862,1829.0,0.0,1829.0,BID
1421,1712708176.75019,21902.37018143,1829.0,9.068306762921286e-09,1829.0,BID
1422,1712708185.5395412,21980.68218143,1829.0,2.5977551810856225e-08,1829.0,BID
1423,1712708188.519676,22015.40258055,1829.0,1.1517404319049934e-08,1829.0,BID
1424,1712708190.5788574,22015.40258055,1829.0,0.0,1829.0,BID
1425,1712708190.7697444,22092.35495258,1829.0,2.55243640784122e-08,1829.0,BID
1426,1712708193.539641,22126.72797609,1829.0,1.14012023723315e-08,1829.0,BID
1427,1712708196.6693664,22160.75709582,1829.0,1.1287132785430426e-08,1829.0,BID
1428,1712708213.6098394,22430.26633584,1829.0,8.939363119417024e-08,1829.0,BID
1429,1712708218.3985004,22481.70197786,1829.0,1.7060709356867514e-08,1829.0,BID
1430,1712708220.4031005,22481.70197786,1829.0,0.0,1829.0,BID
1431,1712708233.81964,23461.70197786,1829.0,-3.249646770122318e-07,1829.0,ASK
1432,1712708233.8228369,23658.20409417,1829.0,-6.515943546826415e-08,1829.0,ASK
1433,1712708234.0394394,23988.90809417,1829.0,1.096603250476057e-07,1829.0,BID
1434,1712708234.5997648,24077.38064731,1830.0,2.9337198628150604e-08,1830.0,BID
1435,1712708234.6030123,24215.8135875,1829.0,4.590389356805794e-08,1830.0,BID
1436,1712708234.6061954,24221.30809417,1830.0,1.8219597809771166e-09,1830.0,BID
1437,1712708234.705069,24665.30421132,1830.0,1.4722760694319874e-07,1830.0,BID
1438,1712708242.2694428,24668.49085132,1832.0,1.056679018728801e-09,1832.0,BID
1439,1712708242.272768,24671.30421132,1831.0,9.32900636448128e-10,1832.0,BID
1440,1712708250.3930824,24671.30421132,1831.0,0.0,1832.0,BID
1441,1712708251.419509,24674.30421132,1832.0,9.934703442728395e-10,1832.0,BID
1442,1712708280.5718892,24674.30421132,1832.0,0.0,1832.0,BID
1443,1712708310.605097,24674.30421132,1832.0,0.0,1832.0,BID
1444,1712708340.3994255,24674.30421132,1832.0,0.0,1832.0,BID
1445,1712708368.699487,24697.21672359,1832.0,7.587620007924097e-09,1832.0,BID
1446,1712708368.7034166,24894.10421132,1832.0,6.520050807199729e-08,1832.0,BID
1447,1712708370.354261,24937.16234274,1832.0,1.4258966263335977e-08,1832.0,BID
1448,1712708370.3562949,25116.30421132,1832.0,5.9323936645484047e-08,1832.0,BID
1449,1712708370.376484,25116.30421132,1832.0,0.0,1832.0,BID
1450,1712708373.8993042,25182.36867276,1832.0,2.1874166319485043e-08,1832.0,BID
1451,1712708400.4507408,25182.36867276,1832.0,0.0,1832.0,BID
1452,1712708408.1759875,25280.05966983,1832.0,-3.3053342156908924e-08,1832.0,ASK
1453,1712708410.3992412,25542.65966983,1832.0,8.884961675828626e-08,1832.0,BID
1454,1712708412.8601525,25581.85966983,1832.0,1.3263156804739276e-08,1832.0,BID
1455,1712708428.5393178,25587.31818511,1832.0,1.8468659204017158e-09,1832.0,BID
1456,1712708430.38652,25587.31818511,1832.0,0.0,1832.0,BID
1457,1712708450.1695948,25619.04989547,1832.0,1.0733597880013602e-08,1832.0,BID
1458,1712708460.5921068,25619.04989547,1832.0,0.0,1832.0,BID
1459,1712708462.613277,26119.42542528,1834.0,1.692541642221688e-07,1834.0,BID
1460,1712708462.619136,27019.42542528,1835.0,3.044288513824693e-07,1835.0,BID
1461,1712708463.042255,27033.28112528,1835.0,-4.686749817889001e-09,1835.0,ASK
1462,1712708466.909946,27168.69912528,1835.0,-4.580571799612409e-08,1835.0,ASK
1463,1712708476.849908,27296.33655159,1836.0,4.31739056499645e-08,1836.0,BID
1464,1712708476.8542657,27301.80103159,1836.0,1.8483837442245438e-09,1836.0,BID
1465,1712708481.809231,27471.23803159,1835.0,-5.73127903241022e-08,1836.0,ASK
1466,1712708485.4392078,27579.03857559,1836.0,-3.646399532036078e-08,1836.0,ASK
1467,1712708490.5406256,27579.03857559,1836.0,-0.0,1836.0,ASK
1468,1712708491.0194645,27579.03857625,1836.0,-2.2297729450531205e-16,1836.0,ASK
1469,1712708491.6191864,27666.34734531,1836.0,2.9496682910179072e-08,1836.0,BID
1470,1712708491.9198272,27669.94912639,1835.0,-1.216837616341174e-09,1836.0,ASK
1471,1712708491.92184,27683.81334531,1835.0,-4.683933511873322e-09,1836.0,ASK
1472,1712708493.389649,27817.9289629,1835.0,-4.53100632152588e-08,1836.0,ASK
1473,1712708493.3930223,27914.9969193,1835.0,-3.279375899461138e-08,1836.0,ASK
1474,1712708520.3825805,27914.9969193,1835.0,-0.0,1836.0,ASK
1475,1712708532.405284,28122.5639803,1835.0,-7.011053712957526e-08,1836.0,ASK
1476,1712708532.5185416,28122.56398045,1835.0,-5.0665098482176805e-17,1836.0,ASK
1477,1712708540.8793814,28205.21226145,1834.0,-2.7916353133439307e-08,1836.0,ASK
1478,1712708549.2815154,28242.47968383,1834.0,-1.2587926947120173e-08,1836.0,ASK
1479,1712708550.391307,28242.47968383,1834.0,-0.0,1836.0,ASK
1480,1712708580.5420694,28242.47968383,1834.0,-0.0,1836.0,ASK
1481,1712708596.3701484,28278.42168383,1834.0,1.2137771917352353e-08,1836.0,BID
1482,1712708596.3746452,28296.33662602,1834.0,6.049954989002112e-09,1836.0,BID
1483,1712708604.6823015,28340.28083777,1834.0,-1.4840154118003942e-08,1836.0,ASK
1484,1712708610.5604446,28340.28083777,1834.0,-0.0,1836.0,ASK
1485,1712708640.4019773,28340.28083777,1834.0,-0.0,1836.0,ASK
1486,1712708669.6911252,28343.55237539,1833.0,1.1047457650381607e-09,1836.0,BID
1487,1712708670.4047475,28343.55237539,1833.0,0.0,1836.0,BID
1488,1712708700.5506127,28343.55237539,1833.0,0.0,1836.0,BID
1489,1712708730.563562,28343.55237539,1833.0,0.0,1836.0,BID
1490,1712708759.289622,30787.05546695,1833.0,8.346096637745775e-07,1836.0,BID
1491,1712708759.2931626,30817.65966996,1833.0,1.0453256094698752e-08,1836.0,BID
1492,1712708760.379848,30817.65966996,1833.0,0.0,1836.0,BID
1493,1712708790.411663,30817.65966996,1833.0,0.0,1836.0,BID
1494,1712708820.592512,30817.65966996,1833.0,0.0,1836.0,BID
1495,1712708850.5797884,30817.65966996,1833.0,0.0,1836.0,BID
1496,1712708863.4266498,30820.38694268,1836.0,9.300940856568683e-10,1836.0,BID
1497,1712708879.205721,30822.81308996,1836.0,8.273999220949802e-10,1836.0,BID
1498,1712708879.207827,31409.73592946,1836.0,2.001609365109389e-07,1836.0,BID
1499,1712708880.4876523,31409.73592946,1836.0,0.0,1836.0,BID
1500,1712708881.829522,31412.45875554,1838.0,9.282335112074108e-10,1838.0,BID
1501,1712708888.7833102,31632.27084354,1836.0,-7.493572496193267e-08,1838.0,ASK
1502,1712708889.364029,31635.01249746,1838.0,9.346520746839443e-10,1838.0,BID
1503,1712708889.3662071,31811.01859172,1838.0,6.000190613307474e-08,1838.0,BID
1504,1712708889.368354,32176.34048445,1838.0,1.2454119846306032e-07,1838.0,BID
1505,1712708892.590701,32179.06183154,1839.0,9.277293115112915e-10,1839.0,BID
1506,1712708906.6670055,32436.77444709,1838.0,8.785632243334566e-08,1839.0,BID
1507,1712708908.4992273,32637.05899551,1838.0,6.827862821868964e-08,1839.0,BID
1508,1712708910.3964796,32637.05899551,1838.0,0.0,1839.0,BID
1509,1712708940.573885,32637.05899551,1838.0,0.0,1839.0,BID
1510,1712708952.050411,32662.23574337,1836.0,8.576363519083926e-09,1839.0,BID
1511,1712708970.5973053,32662.23574337,1836.0,0.0,1839.0,BID
1512,1712708970.62881,33558.85039478,1836.0,3.054235657528582e-07,1839.0,BID
1513,1712708985.0902853,33575.19916862,1835.0,5.5690600126235605e-09,1839.0,BID
1514,1712708985.0945964,34231.56578987,1835.0,2.2358527555631305e-07,1839.0,BID
1515,1712709000.498782,34231.56578987,1835.0,0.0,1839.0,BID
1516,1712709001.6892323,34977.07042202,1835.0,2.5554280501414453e-07,1839.0,BID
1517,1712709005.2989984,35214.66671629,1835.0,8.144285210357409e-08,1839.0,BID
1518,1712709007.493636,35296.07100329,1835.0,2.790362251695872e-08,1839.0,BID
1519,1712709007.5086918,35296.07100352,1835.0,7.883910883383048e-17,1839.0,BID
1520,1712709014.9405255,35321.24775138,1835.0,-8.630042647383925e-09,1839.0,ASK
1521,1712709028.440536,36290.52640429,1839.0,3.322476818026232e-07,1839.0,BID
1522,1712709028.4442186,36609.07621187,1837.0,1.0919195918467528e-07,1839.0,BID
1523,1712709028.4463022,37236.79166345,1838.0,2.151672307989079e-07,1839.0,BID
1524,1712709028.4484096,39675.86809671,1839.0,8.360624555767323e-07,1839.0,BID
1525,1712709030.3845336,39675.86809671,1839.0,0.0,1839.0,BID
1526,1712709054.721256,39709.18148082,1838.0,1.1380071361041374e-08,1839.0,BID
1527,1712709060.5809789,39709.18148082,1838.0,0.0,1839.0,BID
1528,1712709078.871354,40226.89265248,1838.0,1.7684984597062378e-07,1839.0,BID
1529,1712709090.5737326,40226.89265248,1838.0,0.0,1839.0,BID
1530,1712709106.5717137,40236.74898655,1837.0,3.3658241309095122e-09,1839.0,BID
1531,1712709114.9716694,40409.36160655,1837.0,-5.894521406935005e-08,1839.0,ASK
1532,1712709116.6907997,40825.42960655,1837.0,-1.4208241163019436e-07,1839.0,ASK
1533,1712709120.4138424,40825.42960655,1837.0,-0.0,1839.0,ASK
1534,1712709123.0514214,40998.04222555,1837.0,-5.892308983010903e-08,1839.0,ASK
1535,1712709131.692059,41003.38822555,1837.0,-1.824911991119432e-09,1839.0,ASK
1536,1712709132.07416,41353.38822555,1837.0,-1.194760936947386e-07,1839.0,ASK
1537,1712709146.372229,43735.77354976,1837.0,-8.132516920350979e-07,1839.0,ASK
1538,1712709150.4065175,43735.77354976,1837.0,-0.0,1839.0,ASK
1539,1712709164.4026165,43738.58093976,1838.0,9.565856188129011e-10,1839.0,BID
1540,1712709164.4075046,43741.21424616,1838.0,8.97268648875133e-10,1839.0,BID
1541,1712709169.728388,43841.21424616,1838.0,3.4073841497344564e-08,1839.0,BID
1542,1712709180.553497,43841.21424616,1838.0,0.0,1839.0,BID
1543,1712709184.8746338,43901.66314416,1837.0,-2.0595901638886323e-08,1839.0,ASK
1544,1712709186.7737775,43901.66314511,1837.0,-3.2368010559969004e-16,1839.0,ASK
1545,1712709188.967991,44511.86314511,1836.0,-2.0790485179811774e-07,1839.0,ASK
1546,1712709189.0128968,44676.25042724,1836.0,-5.600936337058647e-08,1839.0,ASK
1547,1712709190.663436,44697.20581624,1835.0,-7.139834553289724e-09,1839.0,ASK
1548,1712709191.4927728,45020.71816565,1835.0,-1.1022580638962205e-07,1839.0,ASK
1549,1712709201.1551037,45023.71816565,1835.0,-1.0221477472867071e-09,1839.0,ASK
1550,1712709205.2484078,45196.32916565,1834.0,-5.881131493563433e-08,1839.0,ASK
1551,1712709210.599546,45196.32916565,1834.0,-0.0,1839.0,ASK
1552,1712709210.6474688,46108.69853642,1834.0,-3.1059554132275255e-07,1839.0,ASK
1553,1712709223.0579844,48192.63171839,1833.0,-7.094279745364086e-07,1839.0,ASK
1554,1712709233.453713,48302.22822875,1834.0,3.730965610300907e-08,1839.0,BID
1555,1712709239.324859,48338.7059284,1833.0,-1.2418008793345172e-08,1839.0,ASK
1556,1712709240.4091427,48338.7059284,1833.0,-0.0,1839.0,ASK
1557,1712709242.5542548,48349.64923829,1833.0,-3.7181106708899516e-09,1839.0,ASK
1558,1712709245.5043445,48366.15088845,1833.0,-5.606618305053904e-09,1839.0,ASK
1559,1712709258.274488,48648.65499192,1834.0,9.598389630192292e-08,1839.0,BID
1560,1712709270.4205155,48648.65499192,1834.0,0.0,1839.0,BID
1561,1712709279.9849205,48748.65499192,1835.0,-3.3969546512746584e-08,1839.0,ASK
1562,1712709300.5857146,48748.65499192,1835.0,-0.0,1839.0,ASK
1563,1712709329.0359108,48751.45718972,1840.0,9.557919774062298e-10,1840.0,BID
1564,1712709329.0409565,49559.60159518,1840.0,2.756471864061395e-07,1840.0,BID
1565,1712709329.9556255,50357.80453954,1840.0,2.7225628774685585e-07,1840.0,BID
1566,1712709330.5843554,50357.80453954,1840.0,0.0,1840.0,BID
1567,1712709335.2187128,50360.80453954,1840.0,1.0222272987788987e-09,1840.0,BID
1568,1712709343.0101583,50397.80353954,1840.0,1.2607129275841328e-08,1840.0,BID
1569,1712709360.3953426,50397.80353954,1840.0,0.0,1840.0,BID
1570,1712709377.586517,50493.27543749,1840.0,3.2530510982897354e-08,1840.0,BID
1571,1712709390.611514,50493.27543749,1840.0,0.0,1840.0,BID
1572,1712709399.1816332,51036.75369835,1840.0,1.851703772802691e-07,1840.0,BID
1573,1712709402.2177722,51924.75369835,1837.0,-3.025535828511022e-07,1840.0,ASK
1574,1712709402.220964,52881.68374995,1837.0,-3.260389815872412e-07,1840.0,ASK
1575,1712709402.379883,52918.08530291,1837.0,1.2402500303369573e-08,1840.0,BID
1576,1712709402.397235,53372.31542351,1837.0,1.54762331561281e-07,1840.0,BID
1577,1712709402.4388487,53661.79762274,1837.0,9.863049160884309e-08,1840.0,BID
1578,1712709402.4968207,54009.76862274,1837.0,1.1855841529085608e-07,1840.0,BID
1579,1712709403.6974964,54335.22013574,1837.0,1.1088572218745729e-07,1840.0,BID
1580,1712709403.741375,54335.22013585,1837.0,3.748025715202222e-17,1840.0,BID
