,time,acc_trade_volume,trade_price,dev,high,ask_bid
0,1712689619.109504,18560205.02966559,1572.0,0.0,1627.0,BID
1,1712689620.1633797,18560205.02966559,1572.0,0.0,1627.0,BID
2,1712689650.1721497,18560205.02966559,1572.0,0.0,1627.0,BID
3,1712689664.742695,18563395.84013059,1568.0,-9.69327289095059e-08,1627.0,ASK
4,1712689664.7619035,18563395.84013144,1568.0,-2.5802655267106282e-17,1627.0,ASK
5,1712689680.192429,18563395.84013144,1568.0,-0.0,1627.0,ASK
6,1712689684.7327302,18563868.81065294,1566.0,-1.4366054235507365e-08,1627.0,ASK
7,1712689684.733984,18563878.81065294,1565.0,-3.0374100673081035e-10,1627.0,ASK
8,1712689684.7442026,18563977.60702518,1564.0,-3.000850956508803e-09,1627.0,ASK
9,1712689684.7555192,18563980.85423518,1566.0,-9.863108343783674e-11,1627.0,ASK
10,1712689684.7600267,18564031.97244696,1565.0,-1.5526697108258041e-09,1627.0,ASK
11,1712689689.872211,18564699.25457854,1568.0,-2.0268094641921765e-08,1627.0,ASK
12,1712689689.9724455,18565078.54355665,1568.0,-1.1520561605333509e-08,1627.0,ASK
13,1712689694.2420905,18565081.76216722,1569.0,9.776240147560218e-11,1627.0,BID
14,1712689697.661984,18565084.97872772,1570.0,9.770013249681456e-11,1627.0,BID
15,1712689710.1639514,18565084.97872772,1570.0,0.0,1627.0,BID
16,1712689740.2438557,18565084.97872772,1570.0,0.0,1627.0,BID
17,1712689770.2437294,18565084.97872772,1570.0,0.0,1627.0,BID
18,1712689800.1735864,18565084.97872772,1570.0,0.0,1627.0,BID
19,1712689823.101966,18565603.6410526,1570.0,1.5754588164590915e-08,1627.0,BID
20,1712689830.173776,18565603.6410526,1570.0,0.0,1627.0,BID
21,1712689860.2521944,18565603.6410526,1570.0,0.0,1627.0,BID
22,1712689890.252462,18565603.6410526,1570.0,0.0,1627.0,BID
23,1712689920.1636312,18565603.6410526,1570.0,0.0,1627.0,BID
24,1712689950.1727483,18565603.6410526,1570.0,0.0,1627.0,BID
25,1712689980.2526278,18565603.6410526,1570.0,0.0,1627.0,BID
26,1712689998.4076889,18565667.33532011,1568.0,1.9346925443822435e-09,1627.0,BID
27,1712690010.2539153,18565667.33532011,1568.0,0.0,1627.0,BID
28,1712690031.302197,18565677.66322556,1568.0,3.137057986349129e-10,1627.0,BID
29,1712690040.1637356,18565677.66322556,1568.0,0.0,1627.0,BID
30,1712690048.8324494,18565741.43873576,1568.0,1.9371534350445e-09,1627.0,BID
31,1712690070.1636057,18565741.43873576,1568.0,0.0,1627.0,BID
32,1712690100.2034438,18565741.43873576,1568.0,0.0,1627.0,BID
33,1712690109.1528647,18566060.31628678,1568.0,9.69094894916175e-09,1627.0,BID
34,1712690130.1534634,18566060.31628678,1568.0,0.0,1627.0,BID
35,1712690137.5927444,18566365.33328678,1568.0,9.269574639859851e-09,1627.0,BID
36,1712690156.4522228,18566655.71228678,1568.0,8.824720636376951e-09,1627.0,BID
37,1712690160.253506,18566655.71228678,1568.0,0.0,1627.0,BID
38,1712690190.2942498,18566655.71228678,1568.0,0.0,1627.0,BID
39,1712690190.7329266,18566660.12397678,1565.0,-1.3406901744091232e-10,1627.0,ASK
40,1712690190.7344134,18567543.90956297,1565.0,-2.6857794917021442e-08,1627.0,ASK
41,1712690220.1722145,18567543.90956297,1565.0,-0.0,1627.0,ASK
42,1712690224.7725356,18568183.29575222,1564.0,-1.9429800663249848e-08,1627.0,ASK
43,1712690224.7738743,18569362.1835655,1564.0,-3.5824288358987885e-08,1627.0,ASK
44,1712690250.17352,18569362.1835655,1564.0,-0.0,1627.0,ASK
45,1712690270.1927626,18569394.3137684,1568.0,9.762949276019174e-10,1627.0,BID
46,1712690270.1952367,18569425.9590757,1568.0,9.615610923384086e-10,1627.0,BID
47,1712690280.243781,18569425.9590757,1568.0,0.0,1627.0,BID
48,1712690310.2639253,18569425.9590757,1568.0,0.0,1627.0,BID
49,1712690340.163639,18569425.9590757,1568.0,0.0,1627.0,BID
50,1712690357.142504,18569430.2420139,1568.0,1.3013917616273278e-10,1627.0,BID
51,1712690370.172336,18569430.2420139,1568.0,0.0,1627.0,BID
52,1712690400.1925292,18569430.2420139,1568.0,0.0,1627.0,BID
53,1712690414.7322364,18569538.66038124,1565.0,-3.296264561177525e-09,1627.0,ASK
54,1712690414.872408,18570209.12635505,1565.0,2.0384306489921482e-08,1627.0,BID
55,1712690414.972225,18570841.71421469,1565.0,1.9232690869421472e-08,1627.0,BID
56,1712690415.292244,18571095.67821469,1565.0,7.721316540531839e-09,1627.0,BID
57,1712690417.8860528,18571263.66321469,1565.0,5.107280398201019e-09,1627.0,BID
58,1712690424.5022345,18571263.66389519,1565.0,2.06893357983132e-14,1627.0,BID
59,1712690430.17215,18571263.66389519,1565.0,0.0,1627.0,BID
60,1712690444.7328532,18571973.56325663,1565.0,-2.1581324720523035e-08,1627.0,ASK
61,1712690444.7351646,18575042.33563514,1564.0,-9.329234084642805e-08,1627.0,ASK
62,1712690444.8524354,18575585.10928954,1564.0,1.650061279338843e-08,1627.0,BID
63,1712690444.8542364,18577491.65502336,1564.0,5.7960021956666553e-08,1627.0,BID
64,1712690444.8724957,18579530.51652336,1564.0,6.198249284592899e-08,1627.0,BID
65,1712690444.873989,18579644.2203967,1564.0,3.456659275701181e-09,1627.0,BID
66,1712690444.8968103,18579757.04910599,1564.0,3.430053815003721e-09,1627.0,BID
67,1712690444.8977022,18580395.37342799,1564.0,1.940540479169825e-08,1627.0,BID
68,1712690444.952619,18580486.28199135,1564.0,2.7636695175830103e-09,1627.0,BID
69,1712690444.972088,18580576.54015262,1564.0,2.743896942064845e-09,1627.0,BID
70,1712690444.9921012,18582495.92594916,1564.0,5.8350366811303146e-08,1627.0,BID
71,1712690445.0520778,18582552.77340416,1564.0,1.728193392615627e-09,1627.0,BID
72,1712690445.112121,18584472.1592007,1564.0,5.83503668114164e-08,1627.0,BID
73,1712690445.2320757,18585110.1922007,1564.0,1.9396548445251488e-08,1627.0,BID
74,1712690445.2720785,18587029.57799724,1564.0,5.8350366811303146e-08,1627.0,BID
75,1712690446.3623648,18587389.57799724,1564.0,1.0944194799160062e-08,1627.0,BID
76,1712690446.8621087,18587742.27299724,1564.0,1.07221188463695e-08,1627.0,BID
77,1712690458.2623334,18587781.37852265,1563.0,-1.188829132744445e-09,1627.0,ASK
78,1712690460.254025,18587781.37852265,1563.0,-0.0,1627.0,ASK
79,1712690484.9233763,18588421.17378816,1563.0,-1.9434858540128386e-08,1627.0,ASK
80,1712690484.9251251,18590885.50093687,1562.0,-7.485808681866003e-08,1627.0,ASK
81,1712690484.9268122,18591523.25603891,1563.0,-1.9372885139342525e-08,1627.0,ASK
82,1712690485.0522735,18592455.30896108,1562.0,2.8312676993269105e-08,1627.0,BID
83,1712690485.076304,18594506.52660752,1562.0,6.230919005285584e-08,1627.0,BID
84,1712690485.0780697,18594676.0737386,1562.0,5.150279606707896e-09,1627.0,BID
85,1712690485.0926976,18594809.6523386,1562.0,4.057674907812415e-09,1627.0,BID
86,1712690485.1122184,18594885.58575646,1562.0,2.306605431559983e-09,1627.0,BID
87,1712690485.1326375,18596807.43072763,1562.0,5.837927719108993e-08,1627.0,BID
88,1712690485.1586237,18597781.37852265,1562.0,2.9585304302849087e-08,1627.0,BID
89,1712690490.2538602,18597781.37852265,1562.0,0.0,1627.0,BID
90,1712690498.842793,18597784.60124122,1567.0,9.784907170915142e-11,1627.0,BID
91,1712690520.1644423,18597784.60124122,1567.0,0.0,1627.0,BID
92,1712690548.184579,18597938.26818922,1567.0,4.6656776198395895e-09,1627.0,BID
93,1712690550.1751225,18597938.26818922,1567.0,0.0,1627.0,BID
94,1712690552.9921513,18597944.67023922,1567.0,1.9437936011797283e-10,1627.0,BID
95,1712690580.2447782,18597944.67023922,1567.0,0.0,1627.0,BID
96,1712690583.562452,18599220.1804433,1568.0,3.872709238242279e-08,1627.0,BID
97,1712690592.212495,18599238.17209854,1568.0,5.462633636992062e-10,1627.0,BID
98,1712690592.21466,18599395.8372433,1568.0,4.7870354992703165e-09,1627.0,BID
99,1712690593.7055366,18599395.83728616,1568.0,1.3013008055179392e-15,1627.0,BID
100,1712690593.7077746,18599460.88878616,1568.0,1.975096272893874e-09,1627.0,BID
101,1712690610.2524254,18599460.88878616,1568.0,0.0,1627.0,BID
102,1712690626.444198,18599467.29078616,1569.0,1.9436375289935877e-10,1627.0,BID
103,1712690640.154225,18599467.29078616,1569.0,0.0,1627.0,BID
104,1712690666.4224508,18599467.29083616,1569.0,1.518017680382243e-15,1627.0,BID
105,1712690666.424699,18599470.5073467,1570.0,9.765274439162706e-11,1627.0,BID
106,1712690670.1620908,18599470.5073467,1570.0,0.0,1627.0,BID
107,1712690688.5024517,18599473.68061283,1570.0,9.633983614381416e-11,1627.0,BID
108,1712690688.504709,18599480.08266283,1570.0,1.9436518184499948e-10,1627.0,BID
109,1712690688.5068474,18599511.57026168,1570.0,9.55958306620818e-10,1627.0,BID
110,1712690688.5622132,18599594.44078619,1570.0,-2.515935453005756e-09,1627.0,ASK
111,1712690700.2502704,18599594.44078619,1570.0,-0.0,1627.0,ASK
112,1712690730.092692,18599597.65325438,1572.0,9.76406991581597e-11,1627.0,BID
113,1712690730.2537434,18599597.65325438,1572.0,0.0,1627.0,BID
114,1712690730.552311,18599607.26516949,1570.0,-2.9214731872432917e-10,1627.0,ASK
115,1712690760.1542938,18599607.26516949,1570.0,-0.0,1627.0,ASK
116,1712690775.9020147,18599636.63965422,1570.0,8.92816147119399e-10,1627.0,BID
117,1712690790.164124,18599636.63965422,1570.0,0.0,1627.0,BID
118,1712690820.2640014,18599636.63965422,1570.0,0.0,1627.0,BID
119,1712690827.6851368,18599847.68560622,1569.0,6.414579569597474e-09,1627.0,BID
120,1712690827.8051093,18600019.04860622,1569.0,5.208446731059068e-09,1627.0,BID
121,1712690827.8832674,18600019.04883205,1569.0,6.863954370360676e-15,1627.0,BID
122,1712690850.2638607,18600019.04883205,1569.0,0.0,1627.0,BID
123,1712690867.7418752,18600073.34878919,1568.0,-1.650375382734212e-09,1627.0,ASK
124,1712690867.8618798,18600156.21908787,1568.0,2.518733128181008e-09,1627.0,BID
125,1712690867.8824835,18600427.46868787,1568.0,8.244272850595141e-09,1627.0,BID
126,1712690868.2218306,18600572.05708369,1568.0,4.394573065395339e-09,1627.0,BID
127,1712690868.542086,18600879.15708369,1568.0,9.333898344637965e-09,1627.0,BID
128,1712690868.8820002,18601516.06108369,1568.0,1.935785474196244e-08,1627.0,BID
129,1712690870.392174,18601755.39185132,1568.0,7.274142155018036e-09,1627.0,BID
130,1712690870.8117597,18601946.88292274,1568.0,5.820117859042895e-09,1627.0,BID
131,1712690871.7322652,18602304.31692274,1568.0,1.0863733705322292e-08,1627.0,BID
132,1712690871.9046986,18602438.45185896,1568.0,4.0768539861436424e-09,1627.0,BID
133,1712690872.2616208,18602789.62135896,1568.0,1.0673332512955616e-08,1627.0,BID
134,1712690872.801756,18602875.51878242,1568.0,2.6107385822643287e-09,1627.0,BID
135,1712690873.786192,18603240.08878242,1568.0,1.1080622987596656e-08,1627.0,BID
136,1712690873.901704,18603314.31380462,1568.0,2.2559713834078633e-09,1627.0,BID
137,1712690874.1016932,18603497.41180462,1568.0,5.565021553595174e-09,1627.0,BID
138,1712690874.1618934,18603620.70189191,1568.0,3.74723914575652e-09,1627.0,BID
139,1712690875.276855,18603845.57939191,1568.0,6.834854200581754e-09,1627.0,BID
140,1712690880.184799,18603845.57939191,1568.0,0.0,1627.0,BID
141,1712690891.6919837,18603845.5794443,1568.0,1.591996676617946e-15,1627.0,BID
142,1712690899.2318072,18604338.05130374,1568.0,-1.4965301745254913e-08,1627.0,ASK
143,1712690899.241741,18604342.05125135,1568.0,-1.215509512269379e-10,1627.0,ASK
144,1712690903.012113,18611155.52936081,1570.0,2.070488981007187e-07,1627.0,BID
145,1712690903.014261,18611242.75125135,1570.0,2.650510655057898e-09,1627.0,BID
146,1712690910.1628518,18611242.75125135,1570.0,0.0,1627.0,BID
147,1712690924.862316,18611242.80239265,1570.0,1.5535405286433089e-12,1627.0,BID
148,1712690940.2516687,18611242.80239265,1570.0,0.0,1627.0,BID
149,1712690946.621861,18611350.14592012,1571.0,3.2608189909861587e-09,1627.0,BID
150,1712690970.2496717,18611350.14592012,1571.0,0.0,1627.0,BID
151,1712691000.1936896,18611350.14592012,1571.0,0.0,1627.0,BID
152,1712691000.892168,18611496.42122247,1571.0,4.4437977931632795e-09,1627.0,BID
153,1712691000.894827,18611876.42122247,1571.0,1.1544280779235941e-08,1627.0,BID
154,1712691030.1616385,18611876.42122247,1571.0,0.0,1627.0,BID
155,1712691060.2435122,18611876.42122247,1571.0,0.0,1627.0,BID
156,1712691076.5527923,18611891.03484436,1571.0,4.4394609745915324e-10,1627.0,BID
157,1712691090.2431064,18611891.03484436,1571.0,0.0,1627.0,BID
158,1712691096.6717262,18612397.08849061,1571.0,1.5373354145358853e-08,1627.0,BID
159,1712691107.671861,18612579.71458847,1571.0,5.5479803365304695e-09,1627.0,BID
160,1712691108.7715125,18612588.1508541,1571.0,2.562844871037895e-10,1627.0,BID
161,1712691119.9116442,18612738.80325695,1571.0,4.5766545880289406e-09,1627.0,BID
162,1712691120.1836865,18612738.80325695,1571.0,0.0,1627.0,BID
163,1712691150.165231,18612738.80325695,1571.0,0.0,1627.0,BID
164,1712691180.2335231,18612738.80325695,1571.0,0.0,1627.0,BID
165,1712691194.9219146,18612742.75211565,1570.0,-1.1995713805579859e-10,1627.0,ASK
166,1712691194.923761,18612758.75211565,1570.0,-4.860427673359821e-10,1627.0,ASK
167,1712691195.161663,18612764.75211565,1569.0,-1.8226603775099326e-10,1627.0,ASK
168,1712691210.243335,18612764.75211565,1569.0,-0.0,1627.0,ASK
169,1712691225.0016832,18612767.96662869,1571.0,9.764930505194119e-11,1627.0,BID
170,1712691240.1639106,18612767.96662869,1571.0,0.0,1627.0,BID
171,1712691270.1869917,18612767.96662869,1571.0,0.0,1627.0,BID
172,1712691278.6333003,18613942.96662869,1570.0,3.569371608332616e-08,1627.0,BID
173,1712691278.636238,18614167.37536464,1571.0,6.817005708596772e-09,1627.0,BID
174,1712691278.6389651,18615957.37536464,1569.0,5.437595896949263e-08,1627.0,BID
175,1712691278.6407564,18617548.71845821,1571.0,4.834123282813702e-08,1627.0,BID
176,1712691278.6419983,18622182.21100391,1570.0,1.4075452544721684e-07,1627.0,BID
177,1712691278.643305,18627276.53609197,1571.0,1.5475352623769869e-07,1627.0,BID
178,1712691278.6445794,18630943.71828296,1570.0,1.1140030634135849e-07,1627.0,BID
179,1712691278.6458526,18641290.9921339,1571.0,3.143256638909645e-07,1627.0,BID
180,1712691278.671551,18641545.98498375,1571.0,-7.746078626207911e-09,1627.0,ASK
181,1712691278.6743033,18643807.83518375,1571.0,-6.870965009519623e-08,1627.0,ASK
182,1712691278.7161767,18643995.38778375,1565.0,-5.697403621354513e-09,1627.0,ASK
183,1712691300.2516596,18643995.38778375,1565.0,-0.0,1627.0,ASK
184,1712691314.0718615,18644889.21356775,1566.0,-2.711422294969665e-08,1627.0,ASK
185,1712691330.241475,18644889.21356775,1566.0,-0.0,1627.0,ASK
186,1712691332.0916584,18645065.92790064,1566.0,-5.360405198327922e-09,1627.0,ASK
187,1712691360.1834133,18645065.92790064,1566.0,-0.0,1627.0,ASK
188,1712691361.671843,18645485.92690064,1566.0,1.2740030123193746e-08,1627.0,BID
189,1712691361.7917185,18645492.31259668,1566.0,1.9370036568906607e-10,1627.0,BID
190,1712691365.671426,18645657.17617837,1566.0,5.000885709136591e-09,1627.0,BID
191,1712691378.4716375,18645669.93317837,1566.0,3.869641696094821e-10,1627.0,BID
192,1712691383.0918462,18645935.53987837,1566.0,8.056774799228171e-09,1627.0,BID
193,1712691383.892018,18646111.19587837,1566.0,5.3282572847832375e-09,1627.0,BID
194,1712691386.7817652,18646902.02055237,1566.0,2.3988462279368924e-08,1627.0,BID
195,1712691390.191985,18646902.02055237,1566.0,0.0,1627.0,BID
196,1712691403.1716602,18646902.02055286,1566.0,1.4801841135175326e-17,1627.0,BID
197,1712691420.2432342,18646902.02055286,1566.0,0.0,1627.0,BID
198,1712691450.2536955,18646902.02055286,1566.0,0.0,1627.0,BID
199,1712691480.1636944,18646902.02055286,1566.0,0.0,1627.0,BID
200,1712691510.1632926,18646902.02055286,1566.0,0.0,1627.0,BID
201,1712691519.1217053,18647249.69541128,1566.0,-1.0545267675639381e-08,1627.0,ASK
202,1712691540.244377,18647249.69541128,1566.0,-0.0,1627.0,ASK
203,1712691570.244284,18647249.69541128,1566.0,-0.0,1627.0,ASK
204,1712691600.172192,18647249.69541128,1566.0,-0.0,1627.0,ASK
205,1712691630.1636722,18647249.69541128,1566.0,-0.0,1627.0,ASK
206,1712691660.243907,18647249.69541128,1566.0,-0.0,1627.0,ASK
207,1712691660.6633,18647259.25564072,1566.0,-2.9016276079598856e-10,1627.0,ASK
208,1712691660.831221,18647268.81587016,1566.0,-2.9016276079598856e-10,1627.0,ASK
209,1712691690.2539537,18647268.81587016,1566.0,-0.0,1627.0,ASK
210,1712691702.2123585,18647348.81920656,1566.0,-2.428181040366937e-09,1627.0,ASK
211,1712691720.1736405,18647348.81920656,1566.0,-0.0,1627.0,ASK
212,1712691724.4213953,18647608.81920656,1566.0,-7.891229269596844e-09,1627.0,ASK
213,1712691734.0414264,18647738.81920656,1566.0,-3.945614634798422e-09,1627.0,ASK
214,1712691745.8138142,18648158.81920656,1566.0,-1.274737035857952e-08,1627.0,ASK
215,1712691748.0821617,18648378.47865257,1566.0,-6.6668578835197204e-09,1627.0,ASK
216,1712691748.0913842,18648398.81920655,1566.0,-6.173537497281586e-10,1627.0,ASK
217,1712691749.291623,18648402.04192512,1567.0,9.781235042410396e-11,1627.0,BID
218,1712691750.1524253,18648402.04192512,1567.0,0.0,1627.0,BID
219,1712691750.4515176,18648480.56785877,1566.0,-2.3832120291578563e-09,1627.0,ASK
220,1712691769.5414448,18648749.36785877,1566.0,-8.157908650913266e-09,1627.0,ASK
221,1712691780.2436786,18648749.36785877,1566.0,-0.0,1627.0,ASK
222,1712691785.9860358,18649169.36785877,1566.0,-1.27465218551457e-08,1627.0,ASK
223,1712691790.1114843,18649588.64025877,1566.0,-1.2724440023450498e-08,1627.0,ASK
224,1712691790.3959827,18649943.39582903,1566.0,-1.0766427689381717e-08,1627.0,ASK
225,1712691794.1015773,18650270.29732903,1566.0,-9.921088367261108e-09,1627.0,ASK
226,1712691804.1414566,18650730.29732903,1566.0,-1.3960476317540529e-08,1627.0,ASK
227,1712691804.801623,18651090.29732903,1566.0,-1.0925590161553456e-08,1627.0,ASK
228,1712691808.8416352,18651204.59732903,1566.0,-3.468874876315834e-09,1627.0,ASK
229,1712691808.8613286,18672068.29732903,1566.0,-6.33189542926652e-07,1627.0,ASK
230,1712691808.8821168,18673553.26684556,1566.0,-4.5067134277816324e-08,1627.0,ASK
231,1712691808.9416618,18674203.78395072,1566.0,-1.97424535667807e-08,1627.0,ASK
232,1712691808.9623215,18675182.38247911,1566.0,-2.9699351260767573e-08,1627.0,ASK
233,1712691808.9710152,18675591.66145103,1566.0,-1.2421150858216446e-08,1627.0,ASK
234,1712691808.9828086,18676479.74671931,1566.0,-2.69523768603198e-08,1627.0,ASK
235,1712691808.9853976,18677466.3384801,1566.0,-2.994193676438058e-08,1627.0,ASK
236,1712691809.0218215,18677584.62583443,1565.0,-3.589886540888961e-09,1627.0,ASK
237,1712691809.0251207,18678493.51785387,1566.0,-2.7583838070840362e-08,1627.0,ASK
238,1712691809.0285313,18678499.90354991,1566.0,-1.9379860503900103e-10,1627.0,ASK
239,1712691809.031851,18687082.3384801,1565.0,-2.6046712954294845e-07,1627.0,ASK
240,1712691809.0615394,18688031.29668112,1563.0,-2.8799801068888964e-08,1627.0,ASK
241,1712691809.0649853,18688232.3384801,1565.0,-6.101389724962362e-09,1627.0,ASK
242,1712691810.2845724,18688232.3384801,1565.0,-0.0,1627.0,ASK
243,1712691810.445937,18688236.5191301,1564.0,-1.2664037506605668e-10,1627.0,ASK
244,1712691810.6251938,18688310.0494801,1564.0,2.227383565652464e-09,1627.0,BID
245,1712691824.861689,18688704.2224492,1564.0,-1.1940299392017496e-08,1627.0,ASK
246,1712691840.1524956,18688704.2224492,1564.0,-0.0,1627.0,ASK
247,1712691870.163875,18688704.2224492,1564.0,-0.0,1627.0,ASK
248,1712691895.3314242,18688710.61626297,1568.0,1.9367726841908601e-10,1627.0,BID
249,1712691900.174183,18688710.61626297,1568.0,0.0,1627.0,BID
250,1712691914.181886,18688887.9940481,1565.0,-5.3762539801408795e-09,1627.0,ASK
251,1712691917.691412,18688976.68294066,1565.0,-2.688126989844615e-09,1627.0,ASK
252,1712691921.991522,18689021.02738694,1565.0,-1.3440634950352195e-09,1627.0,ASK
253,1712691926.5840652,18689043.19961008,1565.0,-6.72031747461153e-10,1627.0,ASK
254,1712691929.9042437,18689054.28572165,1565.0,-3.3601587367412075e-10,1627.0,ASK
255,1712691930.162443,18689054.28572165,1565.0,-0.0,1627.0,ASK
256,1712691960.241448,18689054.28572165,1565.0,-0.0,1627.0,ASK
257,1712691990.2512505,18689054.28572165,1565.0,-0.0,1627.0,ASK
258,1712692020.1558113,18689054.28572165,1565.0,-0.0,1627.0,ASK
259,1712692037.361768,18689218.30719108,1565.0,-4.971348030806855e-09,1627.0,ASK
260,1712692041.831437,18689437.20719108,1565.0,-6.634668544910581e-09,1627.0,ASK
261,1712692042.231539,18689640.09811919,1565.0,-6.149447504802958e-09,1627.0,ASK
262,1712692042.235105,18689913.50719108,1565.0,-8.286791088012778e-09,1627.0,ASK
263,1712692050.1535623,18689913.50719108,1565.0,-0.0,1627.0,ASK
264,1712692064.372076,18690245.1699681,1564.0,-1.0052000525911373e-08,1627.0,ASK
265,1712692064.3764646,18690263.3456534,1565.0,-5.508667564430896e-10,1627.0,ASK
266,1712692064.6513293,18690620.69465562,1564.0,-1.0830495934893202e-08,1627.0,ASK
267,1712692065.8616323,18691257.28443587,1564.0,-1.929369603483205e-08,1627.0,ASK
268,1712692066.561527,18691407.7117411,1564.0,-4.559134928878996e-09,1627.0,ASK
269,1712692068.061434,18692037.07148117,1564.0,-1.9074568738246165e-08,1627.0,ASK
270,1712692068.2214248,18692671.09614038,1564.0,-1.921595261654744e-08,1627.0,ASK
271,1712692074.351362,18693307.68592063,1564.0,-1.929369603483205e-08,1627.0,ASK
272,1712692075.011799,18693458.11322586,1564.0,-4.55913492876609e-09,1627.0,ASK
273,1712692076.591874,18694087.47296593,1564.0,-1.9074568738359072e-08,1627.0,ASK
274,1712692076.781294,18694721.49762514,1564.0,-1.9215952616434533e-08,1627.0,ASK
275,1712692080.2416089,18694721.49762514,1564.0,-0.0,1627.0,ASK
276,1712692090.6113214,18694858.13427229,1565.0,-4.140225530397954e-09,1627.0,ASK
277,1712692109.5313516,18695097.05427229,1565.0,-7.239512271145906e-09,1627.0,ASK
278,1712692110.2434645,18695097.05427229,1565.0,-0.0,1627.0,ASK
279,1712692111.6814227,18695233.12559147,1565.0,-4.123022105798842e-09,1627.0,ASK
280,1712692111.7411797,18696268.54046401,1565.0,-3.137353583274131e-08,1627.0,ASK
281,1712692127.3618531,18696332.43822758,1565.0,-1.9361309443495713e-09,1627.0,ASK
282,1712692140.1714478,18696332.43822758,1565.0,-0.0,1627.0,ASK
283,1712692170.163298,18696332.43822758,1565.0,-0.0,1627.0,ASK
284,1712692200.18369,18696332.43822758,1565.0,-0.0,1627.0,ASK
285,1712692218.8519447,18698832.43822758,1564.0,-7.575298073869723e-08,1627.0,ASK
286,1712692218.855753,18702895.50575366,1564.0,-1.2311579041725717e-07,1627.0,ASK
287,1712692218.8596084,18702995.47199062,1564.0,-3.029096169184698e-09,1627.0,ASK
288,1712692219.231264,18703125.47199062,1563.0,-3.939154998412256e-09,1627.0,ASK
289,1712692219.7514598,18703227.7153,1563.0,-3.098094178520706e-09,1627.0,ASK
290,1712692222.0817814,18703342.0189,1563.0,-3.463535363615653e-09,1627.0,ASK
291,1712692229.4412775,18704139.245624,1563.0,-2.4156920266981864e-08,1627.0,ASK
292,1712692229.5016673,18704239.2456233,1563.0,-3.0301192084391915e-09,1627.0,ASK
293,1712692229.5043757,18708492.402265,1563.0,-1.2887571726292596e-07,1627.0,ASK
294,1712692229.52116,18708492.4022657,1563.0,-2.122157868575317e-17,1627.0,ASK
295,1712692229.628985,18708592.4022657,1562.0,-3.030119229547889e-09,1627.0,ASK
296,1712692230.1642404,18708592.4022657,1562.0,-0.0,1627.0,ASK
297,1712692260.2433095,18708592.4022657,1562.0,-0.0,1627.0,ASK
298,1712692290.2449942,18708592.4022657,1562.0,-0.0,1627.0,ASK
299,1712692308.5823088,18708665.38945811,1561.0,-2.2103151125312246e-09,1627.0,ASK
300,1712692320.1631217,18708665.38945811,1561.0,-0.0,1627.0,ASK
301,1712692332.3916335,18708668.62249268,1562.0,9.790759552945595e-11,1627.0,BID
302,1712692333.2529,18708982.69284443,1561.0,-9.511148830509072e-09,1627.0,ASK
303,1712692335.4815342,18708987.75046286,1562.0,1.5316237692697506e-10,1627.0,BID
304,1712692336.661472,18709437.39957856,1561.0,-1.3616948040642388e-08,1627.0,ASK
305,1712692336.66338,18710331.57201518,1561.0,-2.707866908596227e-08,1627.0,ASK
306,1712692336.671176,18710431.57201518,1561.0,-3.028349787686254e-09,1627.0,ASK
307,1712692350.1637816,18710431.57201518,1561.0,-0.0,1627.0,ASK
308,1712692380.241691,18710431.57201518,1561.0,-0.0,1627.0,ASK
309,1712692382.571586,18710437.57201518,1561.0,-1.8168581791489526e-10,1627.0,ASK
310,1712692387.781683,18710613.25804531,1561.0,-5.319943346644094e-09,1627.0,ASK
311,1712692410.2454593,18710613.25804531,1561.0,-0.0,1627.0,ASK
312,1712692440.1527328,18710613.25804531,1561.0,-0.0,1627.0,ASK
313,1712692461.0218225,18710622.53788987,1561.0,-2.8100027836320847e-10,1627.0,ASK
314,1712692461.0314186,18710751.68100733,1560.0,-3.910545236630291e-09,1627.0,ASK
315,1712692470.1714618,18710751.68100733,1560.0,-0.0,1627.0,ASK
316,1712692495.1015618,18710766.0856168,1562.0,4.361789441018335e-10,1627.0,BID
317,1712692500.2413054,18710766.0856168,1562.0,0.0,1627.0,BID
318,1712692515.0113976,18711233.48153472,1562.0,1.4158456363160853e-08,1627.0,BID
319,1712692530.2514498,18711233.48153472,1562.0,0.0,1627.0,BID
320,1712692560.171312,18711233.48153472,1562.0,0.0,1627.0,BID
321,1712692590.153467,18711233.48153472,1562.0,0.0,1627.0,BID
322,1712692598.4817765,18711406.29048235,1562.0,-5.234649558103851e-09,1627.0,ASK
323,1712692620.2439904,18711406.29048235,1562.0,-0.0,1627.0,ASK
324,1712692632.54241,18711506.29048235,1560.0,-3.029129468703358e-09,1627.0,ASK
325,1712692632.5471337,18711684.14736489,1560.0,-5.387515241095258e-09,1627.0,ASK
326,1712692632.5512097,18712775.16595539,1560.0,-3.3048365633941454e-08,1627.0,ASK
327,1712692632.7016249,18713445.63191925,1560.0,2.030928208888234e-08,1627.0,BID
328,1712692635.5116568,18713893.39715315,1560.0,1.3563388650685476e-08,1627.0,BID
329,1712692650.251447,18713893.39715315,1560.0,0.0,1627.0,BID
330,1712692680.202706,18713893.39715315,1560.0,0.0,1627.0,BID
331,1712692686.8308358,18713896.69381767,1559.0,-9.984850161974027e-11,1627.0,ASK
332,1712692686.8353217,18713934.47253118,1559.0,-1.1442316659453551e-09,1627.0,ASK
333,1712692710.162351,18713934.47253118,1559.0,-0.0,1627.0,ASK
334,1712692717.219658,18714059.26426487,1559.0,-3.779651637826543e-09,1627.0,ASK
335,1712692717.2294884,18714062.75989487,1559.0,-1.0587450997989876e-10,1627.0,ASK
336,1712692720.6017835,18714065.99707435,1560.0,9.804664430592156e-11,1627.0,BID
337,1712692722.343473,18714070.99409715,1560.0,1.5134820915151118e-10,1627.0,BID
338,1712692722.3502543,18714112.06947517,1560.0,1.2440777543116963e-09,1627.0,BID
339,1712692725.1496594,18714115.30250974,1562.0,9.792110459155482e-11,1627.0,BID
340,1712692734.6313686,18714122.98496812,1562.0,2.3268381273219047e-10,1627.0,BID
341,1712692740.2391615,18714122.98496812,1562.0,0.0,1627.0,BID
342,1712692747.4517877,18714154.17648402,1559.0,-9.447101261514455e-10,1627.0,ASK
343,1712692749.761855,18714157.40951859,1562.0,9.792023273355668e-11,1627.0,BID
344,1712692755.4587731,18714302.86161234,1559.0,-4.405366711751324e-09,1627.0,ASK
345,1712692756.283057,18714306.09464691,1562.0,9.792023273355668e-11,1627.0,BID
346,1712692770.238546,18714306.09464691,1562.0,0.0,1627.0,BID
347,1712692800.1234007,18717251.09464691,1562.0,8.919564134368107e-08,1627.0,BID
348,1712692800.1264627,18717292.93049264,1562.0,1.2670883161798227e-09,1627.0,BID
349,1712692800.1809556,18717948.97679098,1562.0,-1.9869769212760933e-08,1627.0,ASK
350,1712692800.200132,18717948.97679098,1562.0,-0.0,1627.0,ASK
351,1712692800.2816038,18718072.95364305,1559.0,-3.754998800314808e-09,1627.0,ASK
352,1712692800.284428,18718080.17679097,1559.0,-2.187739995480044e-10,1627.0,ASK
353,1712692804.1079752,18718207.67679097,1559.0,-3.86170756108352e-09,1627.0,ASK
354,1712692807.148029,18718210.90775706,1563.0,9.785918564263239e-11,1627.0,BID
355,1712692809.048239,18718217.90775706,1558.0,-2.1201531707909518e-10,1627.0,ASK
356,1712692809.0578115,18718560.5998479,1558.0,-1.0379424614364256e-08,1627.0,ASK
357,1712692810.3378673,18718563.83081399,1563.0,9.785918564263239e-11,1627.0,BID
358,1712692830.1574397,18718563.83081399,1563.0,0.0,1627.0,BID
359,1712692860.2370636,18718563.83081399,1563.0,0.0,1627.0,BID
360,1712692890.239309,18718563.83081399,1563.0,0.0,1627.0,BID
361,1712692920.1584938,18718563.83081399,1563.0,0.0,1627.0,BID
362,1712692929.4559455,18718567.05971424,1564.0,9.779377750394227e-11,1627.0,BID
363,1712692944.3066406,18718570.2865513,1565.0,9.773128965940256e-11,1627.0,BID
364,1712692950.1670432,18718570.2865513,1565.0,0.0,1627.0,BID
365,1712692965.7356026,18718769.00450002,1560.0,-6.018573326387538e-09,1627.0,ASK
366,1712692974.525531,18718772.23133708,1565.0,9.773125976351418e-11,1627.0,BID
367,1712692980.247464,18718772.23133708,1565.0,0.0,1627.0,BID
368,1712693010.2346222,18718772.23133708,1565.0,0.0,1627.0,BID
369,1712693040.1500423,18718772.23133708,1565.0,0.0,1627.0,BID
370,1712693070.1640356,18718772.23133708,1565.0,0.0,1627.0,BID
371,1712693073.8143198,18718834.52222571,1565.0,1.8865870241960823e-09,1627.0,BID
372,1712693073.8240387,18719211.45513306,1565.0,1.1416063370444258e-08,1627.0,BID
373,1712693073.8281178,18719217.86538906,1565.0,1.9414566165796667e-10,1627.0,BID
374,1712693100.2366912,18719217.86538906,1565.0,0.0,1627.0,BID
375,1712693105.933536,18719377.609798,1565.0,4.839667601007507e-09,1627.0,BID
376,1712693130.2634535,18719377.609798,1565.0,0.0,1627.0,BID
377,1712693134.053264,18719539.54451088,1565.0,4.905988589943595e-09,1627.0,BID
378,1712693144.204671,18719866.04899232,1562.0,-9.891809063289541e-09,1627.0,ASK
379,1712693148.6114626,18719869.27582938,1565.0,9.776054500486348e-11,1627.0,BID
380,1712693160.1631913,18719869.27582938,1565.0,0.0,1627.0,BID
381,1712693182.4428856,18720188.44515845,1565.0,9.669357508264198e-09,1627.0,BID
382,1712693190.1562176,18720188.44515845,1565.0,0.0,1627.0,BID
383,1712693192.032924,18720191.63050876,1565.0,9.64999517551182e-11,1627.0,BID
384,1712693209.30285,18720201.63050876,1564.0,-3.0294925945956365e-10,1627.0,ASK
385,1712693212.1730788,18726591.40686658,1565.0,1.935778015713312e-07,1627.0,BID
386,1712693220.265905,18726591.40686658,1565.0,0.0,1627.0,BID
387,1712693250.2345846,18726591.40686658,1565.0,0.0,1627.0,BID
388,1712693280.1540751,18726591.40686658,1565.0,0.0,1627.0,BID
389,1712693280.5518725,18726604.18641929,1565.0,3.8703810820778447e-10,1627.0,BID
390,1712693310.1618748,18726604.18641929,1565.0,0.0,1627.0,BID
391,1712693315.6015456,18726610.57619564,1565.0,1.9351893671740447e-10,1627.0,BID
392,1712693321.831588,18726623.37210095,1563.0,-3.8753312397497776e-10,1627.0,ASK
393,1712693321.841475,18726785.34002762,1561.0,-4.905314245630565e-09,1627.0,ASK
394,1712693327.7718613,18726788.56686468,1565.0,9.772706319572868e-11,1627.0,BID
395,1712693340.24193,18726788.56686468,1565.0,0.0,1627.0,BID
396,1712693370.2335122,18726788.56686468,1565.0,0.0,1627.0,BID
397,1712693400.1739476,18726788.56686468,1565.0,0.0,1627.0,BID
398,1712693430.153114,18726788.56686468,1565.0,0.0,1627.0,BID
399,1712693437.040778,18726852.46462825,1565.0,1.935314161694139e-09,1627.0,BID
400,1712693460.2332163,18726852.46462825,1565.0,0.0,1627.0,BID
401,1712693490.2329004,18726852.46462825,1565.0,0.0,1627.0,BID
402,1712693520.1522384,18726852.46462825,1565.0,0.0,1627.0,BID
403,1712693550.160647,18726852.46462825,1565.0,0.0,1627.0,BID
404,1712693580.2295356,18726852.46462825,1565.0,0.0,1627.0,BID
405,1712693610.2321525,18726852.46462825,1565.0,0.0,1627.0,BID
406,1712693640.1710577,18726852.46462825,1565.0,0.0,1627.0,BID
407,1712693670.1488645,18726852.46462825,1565.0,0.0,1627.0,BID
408,1712693700.1714962,18726852.46462825,1565.0,0.0,1627.0,BID
409,1712693707.191177,18727490.46462825,1565.0,1.9325296795065045e-08,1627.0,BID
410,1712693730.151114,18727490.46462825,1565.0,0.0,1627.0,BID
411,1712693760.2084398,18727554.36239182,1565.0,1.935432445031204e-09,1627.0,BID
412,1712693760.2317235,18727554.36239182,1565.0,0.0,1627.0,BID
413,1712693777.898797,18728181.73430427,1565.0,1.9002735131770096e-08,1627.0,BID
414,1712693777.9042535,18731398.75767882,1565.0,9.744179152080857e-08,1627.0,BID
415,1712693785.198464,18734523.32683282,1565.0,9.464140624679525e-08,1627.0,BID
416,1712693788.928298,18741310.07803852,1565.0,2.055667985881657e-07,1627.0,BID
417,1712693788.9381924,18743857.77352782,1565.0,7.716823405470474e-08,1627.0,BID
418,1712693788.9482086,18743857.77352828,1565.0,1.399177620922028e-17,1627.0,BID
419,1712693790.2324748,18743857.77352828,1565.0,0.0,1627.0,BID
420,1712693795.3183029,18743860.99624685,1567.0,9.753891463982207e-11,1627.0,BID
421,1712693797.908306,18743864.18378428,1567.0,9.647412115978615e-11,1627.0,BID
422,1712693797.912596,18743864.21894298,1568.0,1.0641145009298106e-12,1627.0,BID
423,1712693820.158353,18743864.21894298,1568.0,0.0,1627.0,BID
424,1712693850.1609476,18743864.21894298,1568.0,0.0,1627.0,BID
425,1712693863.8376732,18743883.21894298,1568.0,5.750544992728301e-10,1627.0,BID
426,1712693863.8477206,18743889.59404227,1568.0,1.9294892263783517e-10,1627.0,BID
427,1712693863.967898,18745612.37072869,1568.0,-5.214160446144575e-08,1627.0,ASK
428,1712693869.80803,18745626.21155913,1564.0,-4.189069378470481e-10,1627.0,ASK
429,1712693880.2307973,18745626.21155913,1564.0,-0.0,1627.0,ASK
430,1712693889.267939,18745629.43222239,1568.0,9.74685286972558e-11,1627.0,BID
431,1712693889.4478898,18745632.74854892,1568.0,1.003636338281742e-10,1627.0,BID
432,1712693910.2297976,18745632.74854892,1568.0,0.0,1627.0,BID
433,1712693924.3377378,18745635.93732443,1568.0,9.650346405638256e-11,1627.0,BID
434,1712693940.158835,18745635.93732443,1568.0,0.0,1627.0,BID
435,1712693970.162979,18745635.93732443,1568.0,0.0,1627.0,BID
436,1712694000.1772225,18745635.93732443,1568.0,0.0,1627.0,BID
437,1712694017.642414,18745680.58018157,1568.0,1.352065801294361e-09,1627.0,BID
438,1712694030.1468136,18745680.58018157,1568.0,0.0,1627.0,BID
439,1712694046.477015,18745744.35569177,1568.0,1.931518478447285e-09,1627.0,BID
440,1712694060.2296455,18745744.35569177,1568.0,0.0,1627.0,BID
441,1712694090.2299929,18745744.35569177,1568.0,0.0,1627.0,BID
442,1712694120.15953,18745744.35569177,1568.0,0.0,1627.0,BID
443,1712694150.166478,18745744.35569177,1568.0,0.0,1627.0,BID
444,1712694175.4362838,18745750.73324279,1568.0,1.9315126295302238e-10,1627.0,BID
445,1712694180.229459,18745750.73324279,1568.0,0.0,1627.0,BID
446,1712694187.4563518,18746407.97031636,1567.0,-1.9905153548198368e-08,1627.0,ASK
447,1712694187.5770848,18746512.70771184,1567.0,-3.1720881597156315e-09,1627.0,ASK
448,1712694210.2390516,18746512.70771184,1567.0,-0.0,1627.0,ASK
449,1712694240.149011,18746512.70771184,1567.0,-0.0,1627.0,ASK
450,1712694270.1489332,18746512.70771184,1567.0,-0.0,1627.0,ASK
451,1712694300.228264,18746512.70771184,1567.0,-0.0,1627.0,ASK
452,1712694300.357999,18746569.70771184,1567.0,-1.7286125261458787e-09,1627.0,ASK
453,1712694330.2186751,18746569.70771184,1567.0,-0.0,1627.0,ASK
454,1712694360.1584914,18746569.70771184,1567.0,-0.0,1627.0,ASK
455,1712694370.7953832,18746579.31962695,1564.0,-2.9149529571558067e-10,1627.0,ASK
456,1712694390.1477857,18746579.31962695,1564.0,-0.0,1627.0,ASK
457,1712694420.245424,18746579.31962695,1564.0,-0.0,1627.0,ASK
458,1712694439.889671,18746750.53833858,1564.0,-5.192453912219332e-09,1627.0,ASK
459,1712694450.2450943,18746750.53833858,1564.0,-0.0,1627.0,ASK
460,1712694480.1372547,18746750.53833858,1564.0,-0.0,1627.0,ASK
461,1712694510.1278322,18746750.53833858,1564.0,-0.0,1627.0,ASK
462,1712694540.166496,18746750.53833858,1564.0,-0.0,1627.0,ASK
463,1712694570.1478002,18746750.53833858,1564.0,-0.0,1627.0,ASK
464,1712694573.9745276,18746839.88103162,1567.0,2.7094237787175804e-09,1627.0,BID
465,1712694600.32673,18746839.88103162,1567.0,0.0,1627.0,BID
466,1712694603.6650977,18746903.69724093,1567.0,1.93655599101853e-09,1627.0,BID
467,1712694630.2285566,18746903.69724093,1567.0,0.0,1627.0,BID
468,1712694638.654698,18747415.78574287,1564.0,-1.553970468876986e-08,1627.0,ASK
469,1712694638.65992,18747813.91251573,1564.0,-1.2081451654263549e-08,1627.0,ASK
470,1712694660.1467204,18747813.91251573,1564.0,-0.0,1627.0,ASK
471,1712694690.147246,18747813.91251573,1564.0,-0.0,1627.0,ASK
472,1712694720.2245357,18747813.91251573,1564.0,-0.0,1627.0,ASK
473,1712694750.218052,18747813.91251573,1564.0,-0.0,1627.0,ASK
474,1712694780.1766562,18747813.91251573,1564.0,-0.0,1627.0,ASK
475,1712694810.1409416,18747813.91251573,1564.0,-0.0,1627.0,ASK
476,1712694840.2387047,18747813.91251573,1564.0,-0.0,1627.0,ASK
477,1712694870.2174664,18747813.91251573,1564.0,-0.0,1627.0,ASK
478,1712694900.1501997,18747813.91251573,1564.0,-0.0,1627.0,ASK
479,1712694930.1491182,18747813.91251573,1564.0,-0.0,1627.0,ASK
480,1712694960.2296894,18747813.91251573,1564.0,-0.0,1627.0,ASK
481,1712694976.536782,18748477.09379875,1564.0,-2.012909444322296e-08,1627.0,ASK
482,1712694990.2268484,18748477.09379875,1564.0,-0.0,1627.0,ASK
483,1712695011.7667472,18748792.40788882,1564.0,-9.570214738935512e-09,1627.0,ASK
484,1712695020.1368055,18748792.40788882,1564.0,-0.0,1627.0,ASK
485,1712695050.1571176,18748792.40788882,1564.0,-0.0,1627.0,ASK
486,1712695053.8472748,18749013.47450223,1564.0,-6.709574238228084e-09,1627.0,ASK
487,1712695069.817062,18749016.6972208,1567.0,9.781246097446495e-11,1627.0,BID
488,1712695080.240979,18749016.6972208,1567.0,0.0,1627.0,BID
489,1712695110.231027,18749016.6972208,1567.0,0.0,1627.0,BID
490,1712695140.1578205,18749016.6972208,1567.0,0.0,1627.0,BID
491,1712695157.4773383,18749208.26810202,1566.0,5.81428983997958e-09,1627.0,BID
492,1712695162.7175565,18752885.23085418,1566.0,1.1159799983982308e-07,1627.0,BID
493,1712695162.722177,18753818.65997296,1566.0,2.8330127246122202e-08,1627.0,BID
494,1712695162.8572185,18753984.75997296,1566.0,-5.04123349160212e-09,1627.0,ASK
495,1712695162.8772523,18753984.76108158,1566.0,-3.3647283957747244e-14,1627.0,ASK
496,1712695163.217587,18754150.86108158,1564.0,-5.04123349160212e-09,1627.0,ASK
497,1712695166.0674274,18754316.93508158,1564.0,-5.0404443760556725e-09,1627.0,ASK
498,1712695170.140378,18754316.93508158,1564.0,-0.0,1627.0,ASK
499,1712695174.1575131,18754613.01666247,1564.0,-8.983988524488167e-09,1627.0,ASK
500,1712695200.1811085,18754613.01666247,1564.0,-0.0,1627.0,ASK
501,1712695206.577695,18754686.20313589,1564.0,-2.2227881784296267e-09,1627.0,ASK
502,1712695230.1500702,18754686.20313589,1564.0,-0.0,1627.0,ASK
503,1712695236.8777342,18754832.89031989,1564.0,-4.455104745376207e-09,1627.0,ASK
504,1712695238.5176573,18755084.16122389,1564.0,-7.6314655870371e-09,1627.0,ASK
505,1712695260.2277143,18755084.16122389,1564.0,-0.0,1627.0,ASK
506,1712695281.4881077,18756969.67301344,1564.0,-5.7264673732934766e-08,1627.0,ASK
507,1712695290.2203095,18756969.67301344,1564.0,-0.0,1627.0,ASK
508,1712695320.1477714,18756969.67301344,1564.0,-0.0,1627.0,ASK
509,1712695331.0614004,18757060.49678239,1564.0,-2.758151794845883e-09,1627.0,ASK
510,1712695331.064417,18757524.11301344,1564.0,-1.4079177230946352e-08,1627.0,ASK
511,1712695350.1605473,18757524.11301344,1564.0,-0.0,1627.0,ASK
512,1712695351.6886275,18757843.80610806,1564.0,-9.708239083330115e-09,1627.0,ASK
513,1712695351.6944003,18758843.80610806,1564.0,-3.036737185330369e-08,1627.0,ASK
514,1712695351.6986244,18758853.35342602,1563.0,-2.8992695467385957e-10,1627.0,ASK
515,1712695351.7010374,18760583.11301344,1564.0,-5.252825260794832e-08,1627.0,ASK
516,1712695351.7482126,18760583.13202201,1563.0,-5.772402959577709e-13,1627.0,ASK
517,1712695351.7516968,18760615.08090379,1562.0,-9.702035733891914e-10,1627.0,ASK
518,1712695351.755939,18760675.01421548,1562.0,-1.8200171624794038e-09,1627.0,ASK
519,1712695351.768854,18760761.26959911,1562.0,-2.6193493090218913e-09,1627.0,ASK
520,1712695351.772885,18760945.60292525,1562.0,-5.597718659805835e-09,1627.0,ASK
521,1712695351.967894,18761616.06889907,1563.0,2.0360289541995635e-08,1627.0,BID
522,1712695370.8385868,18762522.53084479,1561.0,-2.7526866976548946e-08,1627.0,ASK
523,1712695370.843567,18763085.45411763,1563.0,-1.7094500351231623e-08,1627.0,ASK
524,1712695370.847857,18763090.34285763,1561.0,-1.4845818545540408e-10,1627.0,ASK
525,1712695380.2211957,18763090.34285763,1561.0,-0.0,1627.0,ASK
526,1712695395.197974,18763250.08726657,1565.0,4.8497364563970575e-09,1627.0,BID
527,1712695410.22813,18763250.08726657,1565.0,0.0,1627.0,BID
528,1712695440.1519504,18763250.08726657,1565.0,0.0,1627.0,BID
529,1712695470.1506157,18763250.08726657,1565.0,0.0,1627.0,BID
530,1712695500.160284,18763250.08726657,1565.0,0.0,1627.0,BID
531,1712695530.1501114,18763250.08726657,1565.0,0.0,1627.0,BID
532,1712695560.23216,18763250.08726657,1565.0,0.0,1627.0,BID
533,1712695590.2282336,18763250.08726657,1565.0,0.0,1627.0,BID
534,1712695593.2884996,18763337.15351444,1564.0,2.6436295972332183e-09,1627.0,BID
535,1712695593.3480706,18764007.61948826,1564.0,-2.0357644158398283e-08,1627.0,ASK
536,1712695593.3688812,18764367.61948826,1564.0,-1.0930833454920497e-08,1627.0,ASK
537,1712695593.3744478,18764523.44695984,1564.0,-4.731455943070866e-09,1627.0,ASK
538,1712695593.408435,18764528.85964508,1564.0,-1.6434766922025395e-10,1627.0,ASK
539,1712695593.5484502,18764644.15296889,1563.0,3.500700336232863e-09,1627.0,BID
540,1712695593.5540464,18764760.13390089,1563.0,3.5215784766914922e-09,1627.0,BID
541,1712695593.559625,18764827.864026,1563.0,2.056518659624606e-09,1627.0,BID
542,1712695593.6481245,18764943.844958,1563.0,-3.5215784768046046e-09,1627.0,ASK
543,1712695595.7482307,18764957.81516406,1563.0,-4.2418332157634654e-10,1627.0,ASK
544,1712695596.8830972,18765449.350958,1561.0,-1.4924710835295294e-08,1627.0,ASK
545,1712695614.978332,18766089.96594839,1561.0,-1.94512660241326e-08,1627.0,ASK
546,1712695614.9880142,18768148.62573257,1561.0,-6.250796455890333e-08,1627.0,ASK
547,1712695620.1513834,18768148.62573257,1561.0,-0.0,1627.0,ASK
548,1712695650.148316,18768148.62573257,1561.0,-0.0,1627.0,ASK
549,1712695667.7382343,18768343.37990891,1561.0,-5.912030610205414e-09,1627.0,ASK
550,1712695667.742211,18768486.98059034,1561.0,-4.359195988689304e-09,1627.0,ASK
551,1712695680.2604003,18768486.98059034,1561.0,-0.0,1627.0,ASK
552,1712695692.0084178,18769624.60988969,1561.0,-3.453374676383043e-08,1627.0,ASK
553,1712695692.0885084,18770295.07586351,1561.0,2.035258951831752e-08,1627.0,BID
554,1712695692.0941484,18770446.90355513,1561.0,4.6088642909254605e-09,1627.0,BID
555,1712695692.1080732,18771186.25536491,1561.0,2.2443680189095744e-08,1627.0,BID
556,1712695710.221582,18771186.25536491,1561.0,0.0,1627.0,BID
557,1712695730.6585824,18771189.48220197,1565.0,9.794097476998444e-11,1627.0,BID
558,1712695740.1410182,18771189.48220197,1565.0,0.0,1627.0,BID
559,1712695754.079015,18771202.30271479,1560.0,-3.891282101669455e-10,1627.0,ASK
560,1712695754.0849557,18772950.46180041,1560.0,-5.306012525578533e-08,1627.0,ASK
561,1712695770.1522377,18772950.46180041,1560.0,-0.0,1627.0,ASK
562,1712695795.3385825,18772963.24135312,1565.0,3.8785264939218575e-10,1627.0,BID
563,1712695800.1979537,18772963.24135312,1565.0,0.0,1627.0,BID
564,1712695830.143632,18772963.24135312,1565.0,0.0,1627.0,BID
565,1712695860.230826,18772963.24135312,1565.0,0.0,1627.0,BID
566,1712695870.4980054,18772968.25560055,1560.0,-1.5222288790702586e-10,1627.0,ASK
567,1712695890.2382472,18772968.25560055,1560.0,-0.0,1627.0,ASK
568,1712695920.140021,18772968.25560055,1560.0,-0.0,1627.0,ASK
569,1712695946.1183872,18773173.5160816,1560.0,-6.2313111237394355e-09,1627.0,ASK
570,1712695946.1237085,18773658.25560055,1560.0,-1.4715754055791418e-08,1627.0,ASK
571,1712695950.1521122,18773658.25560055,1560.0,-0.0,1627.0,ASK
572,1712695980.241747,18773658.25560055,1560.0,-0.0,1627.0,ASK
573,1712695999.6783445,18773661.4845008,1564.0,9.801996217188087e-11,1627.0,BID
574,1712696010.231918,18773661.4845008,1564.0,0.0,1627.0,BID
575,1712696040.1912377,18773661.4845008,1564.0,0.0,1627.0,BID
576,1712696070.1508176,18773661.4845008,1564.0,0.0,1627.0,BID
577,1712696100.2344658,18773661.4845008,1564.0,0.0,1627.0,BID
578,1712696130.230224,18773661.4845008,1564.0,0.0,1627.0,BID
579,1712696160.1419766,18773661.4845008,1564.0,0.0,1627.0,BID
580,1712696190.1511464,18773661.4845008,1564.0,0.0,1627.0,BID
581,1712696220.2306972,18773661.4845008,1564.0,0.0,1627.0,BID
582,1712696223.407789,18773665.06519776,1560.0,-1.0902114874234739e-10,1627.0,ASK
583,1712696235.5679145,18773697.87376075,1560.0,-9.989192793171291e-10,1627.0,ASK
584,1712696250.23773,18773697.87376075,1560.0,-0.0,1627.0,ASK
585,1712696258.6478176,18773759.83271522,1560.0,-1.8864552889350997e-09,1627.0,ASK
586,1712696280.1523252,18773759.83271522,1560.0,-0.0,1627.0,ASK
587,1712696303.707677,18773818.89026248,1562.0,-1.7981112732941841e-09,1627.0,ASK
588,1712696310.151813,18773818.89026248,1562.0,-0.0,1627.0,ASK
589,1712696340.2416277,18773818.89026248,1562.0,-0.0,1627.0,ASK
590,1712696343.1577785,18774230.00503234,1562.0,-1.2517079702112409e-08,1627.0,ASK
591,1712696370.2375476,18774230.00503234,1562.0,-0.0,1627.0,ASK
592,1712696377.0262284,18774344.00503234,1562.0,-3.4708536204394913e-09,1627.0,ASK
593,1712696400.2303164,18774344.00503234,1562.0,-0.0,1627.0,ASK
594,1712696401.2378695,18774588.90503234,1562.0,-7.473564656976111e-09,1627.0,ASK
595,1712696407.907458,18774652.84365126,1564.0,1.951202133840633e-09,1627.0,BID
596,1712696409.1272497,18774672.06210097,1563.0,-5.864856124901033e-10,1627.0,ASK
597,1712696413.1973891,18774684.71210097,1563.0,-3.8603753747076215e-10,1627.0,ASK
598,1712696414.1675916,18774684.81742764,1563.0,-3.2142329894647525e-12,1627.0,ASK
599,1712696416.4777398,18774863.48390693,1562.0,-5.452329460973506e-09,1627.0,ASK
600,1712696416.4819834,18774922.4825766,1562.0,-1.800450683833824e-09,1627.0,ASK
601,1712696430.1506865,18774922.4825766,1562.0,-0.0,1627.0,ASK
602,1712696460.2414415,18774922.4825766,1562.0,-0.0,1627.0,ASK
603,1712696490.2460346,18774922.4825766,1562.0,-0.0,1627.0,ASK
604,1712696502.9584727,18775018.47878093,1561.0,-2.929416309016565e-09,1627.0,ASK
605,1712696502.9634151,18775218.29990948,1561.0,-6.0977335193833685e-09,1627.0,ASK
606,1712696504.8573036,18775319.75186395,1560.0,-3.095903760825069e-09,1627.0,ASK
607,1712696504.867219,18775327.79290948,1560.0,-2.4538022192491637e-10,1627.0,ASK
608,1712696505.267578,18775542.79290948,1560.0,-6.560931349826511e-09,1627.0,ASK
609,1712696508.6372914,18775642.37787856,1560.0,-3.038930909836909e-09,1627.0,ASK
610,1712696513.7791002,18775895.87787856,1560.0,-7.735795800841956e-09,1627.0,ASK
611,1712696514.5371816,18775915.12098311,1560.0,-5.872218041494028e-10,1627.0,ASK
612,1712696520.147645,18775915.12098311,1560.0,-0.0,1627.0,ASK
613,1712696524.8872533,18776015.12098311,1560.0,-3.051451754445254e-09,1627.0,ASK
614,1712696524.8970597,18777131.50707803,1560.0,-3.4065983079829494e-08,1627.0,ASK
615,1712696524.907227,18777266.50707802,1559.0,-4.119459868273743e-09,1627.0,ASK
616,1712696529.1675785,18777578.33517296,1559.0,-9.515283873805472e-09,1627.0,ASK
617,1712696529.1733902,18778116.86561376,1559.0,-1.6432996584010067e-08,1627.0,ASK
618,1712696532.9573216,18778357.70414623,1559.0,-7.349071624441106e-09,1627.0,ASK
619,1712696539.947428,18778416.7028159,1559.0,-1.800315940828715e-09,1627.0,ASK
620,1712696549.6173267,18778699.65755618,1559.0,-8.634227386511948e-09,1627.0,ASK
621,1712696550.1496763,18778699.65755618,1559.0,-0.0,1627.0,ASK
622,1712696580.2076647,18778772.60890061,1562.0,2.225780155939688e-09,1627.0,BID
623,1712696580.287547,18778772.60890061,1562.0,0.0,1627.0,BID
624,1712696607.1576264,18779046.65006348,1559.0,-8.361096925426851e-09,1627.0,ASK
625,1712696607.1621163,18779367.40671702,1559.0,-9.786403770977636e-09,1627.0,ASK
626,1712696607.166432,18780098.84714492,1559.0,-2.23165171566762e-08,1627.0,ASK
627,1712696610.2274497,18780098.84714492,1559.0,-0.0,1627.0,ASK
628,1712696640.1428072,18780098.84714492,1559.0,-0.0,1627.0,ASK
629,1712696642.7971666,18780148.84714492,1558.0,-1.525422207499715e-09,1627.0,ASK
630,1712696642.8070192,18785170.04714492,1558.0,-1.531889997659287e-07,1627.0,ASK
631,1712696642.987243,18785170.04934128,1558.0,-6.700753796993864e-14,1627.0,ASK
632,1712696664.506913,18785490.04934128,1559.0,9.762702127998178e-09,1627.0,BID
633,1712696668.5570726,18785735.65319484,1557.0,-7.492991449388665e-09,1627.0,ASK
634,1712696668.5623257,18785755.09860267,1557.0,-5.932491387608701e-10,1627.0,ASK
635,1712696670.1369324,18785755.09860267,1557.0,-0.0,1627.0,ASK
636,1712696695.2369828,18785774.3664254,1557.0,5.876732943765995e-10,1627.0,BID
637,1712696700.241172,18785774.3664254,1557.0,0.0,1627.0,BID
638,1712696710.8371537,18787305.69131012,1559.0,4.67578831822446e-08,1627.0,BID
639,1712696710.843157,18787406.61248185,1557.0,3.0815540226357834e-09,1627.0,BID
640,1712696714.387238,18787425.89269185,1556.0,-5.88707083573575e-10,1627.0,ASK
641,1712696714.3908842,18787901.46690177,1556.0,-1.4521309993627592e-08,1627.0,ASK
642,1712696714.446983,18788197.38956132,1556.0,9.035781553788497e-09,1627.0,BID
643,1712696717.5371509,18788309.54888008,1556.0,3.4247026066845243e-09,1627.0,BID
644,1712696723.9174492,18788381.71182394,1556.0,2.2034426088794526e-09,1627.0,BID
645,1712696730.2411785,18788381.71182394,1556.0,0.0,1627.0,BID
646,1712696746.1681235,18788401.71182394,1555.0,-6.106096148784434e-10,1627.0,ASK
647,1712696746.1740131,18788417.59892179,1555.0,-4.85040734999725e-10,1627.0,ASK
648,1712696746.18788,18788534.24156509,1555.0,-3.561155975158892e-09,1627.0,ASK
649,1712696746.1935723,18789512.1015426,1555.0,-2.9854535213615945e-08,1627.0,ASK
650,1712696746.2679124,18789518.1015426,1555.0,-1.831828844635332e-10,1627.0,ASK
651,1712696757.920063,18790410.6434638,1556.0,2.724973393840383e-08,1627.0,BID
652,1712696760.151607,18790410.6434638,1556.0,0.0,1627.0,BID
653,1712696788.318611,18790935.77887094,1555.0,-1.6031091830737816e-08,1627.0,ASK
654,1712696788.3240125,18791418.38226021,1555.0,-1.4732693979593293e-08,1627.0,ASK
655,1712696789.6589315,18791424.80899542,1556.0,1.9619241224594584e-10,1627.0,BID
656,1712696790.1702418,18791424.80899542,1556.0,0.0,1627.0,BID
657,1712696799.219823,18792171.5938088,1554.0,-2.279640532589722e-08,1627.0,ASK
658,1712696799.225712,18792178.5938088,1554.0,-2.136824884783928e-10,1627.0,ASK
659,1712696799.231382,18792444.55830127,1553.0,-8.11885065684113e-09,1627.0,ASK
660,1712696799.235748,18792562.50971085,1555.0,-3.600592959747181e-09,1627.0,ASK
661,1712696799.238238,18793172.96078113,1552.0,-1.8634671970326572e-08,1627.0,ASK
662,1712696803.6988502,18793594.62678113,1554.0,1.2871805740882275e-08,1627.0,BID
663,1712696803.7790885,18793879.94429713,1554.0,8.709622403707546e-09,1627.0,BID
664,1712696805.8603697,18794267.46329713,1554.0,1.1829432036018533e-08,1627.0,BID
665,1712696814.6897144,18794625.61629713,1554.0,1.0933003470883784e-08,1627.0,BID
666,1712696815.0893075,18794625.61711878,1554.0,2.5081746098609008e-14,1627.0,BID
667,1712696820.2342074,18794625.61711878,1554.0,0.0,1627.0,BID
668,1712696822.1198125,18795269.11694063,1554.0,-1.9640539100062545e-08,1627.0,ASK
669,1712696822.125703,18795506.40171878,1554.0,-7.242272343984795e-09,1627.0,ASK
670,1712696822.165692,18795506.40171958,1554.0,-2.444576061340786e-17,1627.0,ASK
671,1712696843.1498942,18796738.34261058,1552.0,-3.7600605962990616e-08,1627.0,ASK
672,1712696843.175537,18798698.81473504,1552.0,-5.983642591292884e-08,1627.0,ASK
673,1712696850.2219863,18798698.81473504,1552.0,-0.0,1627.0,ASK
674,1712696852.5803509,18798725.14905703,1553.0,8.036062480052631e-10,1627.0,BID
675,1712696852.66008,18798730.96907587,1553.0,-1.7760106010208808e-10,1627.0,ASK
676,1712696864.171344,18798763.20634214,1551.0,-9.83737823258911e-10,1627.0,ASK
677,1712696864.177159,18799728.34126372,1551.0,-2.9451620338916572e-08,1627.0,ASK
678,1712696880.1564312,18799728.34126372,1551.0,-0.0,1627.0,ASK
679,1712696880.3015175,18799995.97370773,1554.0,8.166552552721388e-09,1627.0,BID
680,1712696880.3054576,18800049.76983514,1554.0,1.6415382792498875e-09,1627.0,BID
681,1712696908.9914072,18800082.04872475,1551.0,-9.84959986060408e-10,1627.0,ASK
682,1712696909.2549722,18800327.45225708,1551.0,-7.488258199739407e-09,1627.0,ASK
683,1712696909.2648904,18800529.04872475,1551.0,-6.151526784215561e-09,1627.0,ASK
684,1712696910.1560342,18800529.04872475,1551.0,-0.0,1627.0,ASK
685,1712696920.7818117,18800538.70744979,1553.0,2.9471574197303844e-10,1627.0,BID
686,1712696940.2256174,18800538.70744979,1553.0,0.0,1627.0,BID
687,1712696944.3620985,18800846.70744979,1553.0,9.397969875735416e-09,1627.0,BID
688,1712696970.2363102,18800846.70744979,1553.0,0.0,1627.0,BID
689,1712697000.1833873,18800846.70744979,1553.0,0.0,1627.0,BID
690,1712697005.769137,18801834.78307842,1552.0,-3.017274225646562e-08,1627.0,ASK
691,1712697005.772377,18802258.00744979,1552.0,-1.2923949851586546e-08,1627.0,ASK
692,1712697007.2736192,18802853.66424979,1552.0,-1.8189497421932725e-08,1627.0,ASK
693,1712697008.193473,18808090.8398959,1552.0,-1.599269796188845e-07,1627.0,ASK
694,1712697008.773713,18808450.8398959,1552.0,-1.0993275107270312e-08,1627.0,ASK
695,1712697010.1321404,18808589.82918509,1552.0,-4.244298591767887e-09,1627.0,ASK
696,1712697010.2838466,18808949.82918509,1552.0,-1.0993275107270312e-08,1627.0,ASK
697,1712697010.343142,18811099.82918509,1552.0,-6.565428189064213e-08,1627.0,ASK
698,1712697011.7935214,18811333.82918509,1552.0,-7.145628819725701e-09,1627.0,ASK
699,1712697012.5674694,18811977.95818509,1552.0,-1.9669686948828125e-08,1627.0,ASK
700,1712697012.7846534,18812163.41818508,1552.0,-5.663368892448114e-09,1627.0,ASK
701,1712697013.2747445,18812227.85108016,1552.0,-1.9675792821225968e-09,1627.0,ASK
702,1712697013.2817376,18814853.40228508,1552.0,-8.017612973307936e-08,1627.0,ASK
703,1712697016.3740172,18815427.26518508,1552.0,-1.75239798154352e-08,1627.0,ASK
704,1712697020.1053598,18815449.80221019,1553.0,6.88210325338789e-10,1627.0,BID
705,1712697030.1661136,18815449.80221019,1553.0,0.0,1627.0,BID
706,1712697046.034923,18815453.77883019,1551.0,-1.2134956440214774e-10,1627.0,ASK
707,1712697046.041306,18815581.80221018,1551.0,-3.906730186820835e-09,1627.0,ASK
708,1712697053.1847303,18815864.33962788,1553.0,8.621842812925232e-09,1627.0,BID
709,1712697060.2543876,18815864.33962788,1553.0,0.0,1627.0,BID
710,1712697065.2220528,18816879.74259366,1552.0,-3.0985180369913906e-08,1627.0,ASK
711,1712697065.3997357,18816997.60202066,1552.0,-3.596498855022428e-09,1627.0,ASK
712,1712697065.4076672,18817115.46144766,1552.0,-3.596498855136106e-09,1627.0,ASK
713,1712697065.410507,18817233.32087466,1552.0,-3.596498855136106e-09,1627.0,ASK
714,1712697065.413341,18817351.18030166,1552.0,-3.596498855022428e-09,1627.0,ASK
715,1712697065.416167,18817469.03972866,1552.0,-3.596498855136106e-09,1627.0,ASK
716,1712697066.4042034,18818013.00498566,1552.0,-1.6599184925724496e-08,1627.0,ASK
717,1712697066.4142685,18818013.00498592,1552.0,-7.957447141943025e-18,1627.0,ASK
718,1712697069.875076,18818529.72693152,1551.0,-1.5767851015842585e-08,1627.0,ASK
719,1712697069.8811536,18818694.75244026,1551.0,-5.035779218929837e-09,1627.0,ASK
720,1712697085.7923367,18818779.17163858,1551.0,-2.576065044873402e-09,1627.0,ASK
721,1712697090.246626,18818779.17163858,1551.0,-0.0,1627.0,ASK
722,1712697098.3036902,18818854.33822646,1551.0,-2.293403650305247e-09,1627.0,ASK
723,1712697117.6555085,18819029.72693152,1551.0,-5.351275184121351e-09,1627.0,ASK
724,1712697117.6605072,18819061.75622577,1551.0,-9.772440444172678e-10,1627.0,ASK
725,1712697120.1572256,18819061.75622577,1551.0,-0.0,1627.0,ASK
726,1712697126.017735,18819674.47225711,1551.0,-1.8694295317672447e-08,1627.0,ASK
727,1712697149.896482,18819678.59463177,1551.0,1.2577586568003608e-10,1627.0,BID
728,1712697150.1595964,18819678.59463177,1551.0,0.0,1627.0,BID
729,1712697162.5261238,18819688.26581165,1551.0,2.950642813690004e-10,1627.0,BID
730,1712697167.5059438,18819691.54344661,1551.0,9.999948476998564e-11,1627.0,BID
731,1712697172.408355,18819841.41526497,1550.0,-4.572536229604842e-09,1627.0,ASK
732,1712697172.4259498,18819903.93643817,1550.0,-1.907498906016092e-09,1627.0,ASK
733,1712697172.4316328,18820076.64526497,1550.0,-5.2692852889400045e-09,1627.0,ASK
734,1712697179.797859,18820079.92332949,1550.0,-1.0001259047854083e-10,1627.0,ASK
735,1712697180.2557702,18820079.92332949,1550.0,-0.0,1627.0,ASK
736,1712697192.076964,18820095.65399486,1551.0,4.79927934174344e-10,1627.0,BID
737,1712697192.3165305,18820098.94818841,1550.0,-1.0050277396288888e-10,1627.0,ASK
738,1712697192.3224435,18825218.51637547,1550.0,-1.5619325225876937e-07,1627.0,ASK
739,1712697192.3270693,18825256.94431745,1551.0,-1.1724006822138841e-09,1627.0,ASK
740,1712697198.8965616,18825260.81528519,1551.0,-1.1809961678964762e-10,1627.0,ASK
741,1712697202.796411,18825332.72706394,1550.0,-2.19396132407316e-09,1627.0,ASK
742,1712697204.0366757,18825533.86009775,1550.0,-6.136381339186155e-09,1627.0,ASK
743,1712697204.0462575,18825717.28580625,1550.0,-5.596147352954906e-09,1627.0,ASK
744,1712697205.906257,18825799.93747009,1550.0,-2.5216252051032542e-09,1627.0,ASK
745,1712697207.399541,18825892.69914624,1550.0,-2.830072254856073e-09,1627.0,ASK
746,1712697207.4025924,18825985.49593143,1550.0,-2.831143398914826e-09,1627.0,ASK
747,1712697209.7866,18826060.59000076,1550.0,-2.291050042726839e-09,1627.0,ASK
748,1712697210.2467966,18826060.59000076,1550.0,-0.0,1627.0,ASK
749,1712697210.3402083,18826133.78254192,1550.0,-2.2324048183098275e-09,1627.0,ASK
750,1712697210.3540268,18826423.08254192,1550.0,-8.82377771977656e-09,1627.0,ASK
751,1712697214.2069232,18826501.01825513,1550.0,-2.3770736598291323e-09,1627.0,ASK
752,1712697219.8556497,18826612.34496577,1550.0,-3.395513822920592e-09,1627.0,ASK
753,1712697240.1491475,18826612.34496577,1550.0,-0.0,1627.0,ASK
754,1712697270.1608417,18826612.34496577,1550.0,-0.0,1627.0,ASK
755,1712697293.1775615,18826622.01614565,1551.0,2.949675618332571e-10,1627.0,BID
756,1712697297.177534,18826725.76403667,1550.0,-3.1642739397832e-09,1627.0,ASK
757,1712697300.1784377,18826725.76403667,1550.0,-0.0,1627.0,ASK
758,1712697309.4679186,18826751.67119334,1551.0,7.90394172762184e-10,1627.0,BID
759,1712697311.9575915,18826880.62025845,1551.0,3.9340708419322115e-09,1627.0,BID
760,1712697312.017435,18827009.48812625,1551.0,3.9315936159796335e-09,1627.0,BID
761,1712697323.6679676,18827028.91494765,1551.0,5.92687442541663e-10,1627.0,BID
762,1712697330.1577866,18827028.91494765,1551.0,0.0,1627.0,BID
763,1712697337.0679417,18827103.24334532,1550.0,-2.2676316977853667e-09,1627.0,ASK
764,1712697344.2583375,18827185.562767,1550.0,-2.511424109715133e-09,1627.0,ASK
765,1712697348.2884429,18827263.30320104,1550.0,-2.371727064702555e-09,1627.0,ASK
766,1712697350.728042,18827346.58628624,1550.0,-2.5408238279570147e-09,1627.0,ASK
767,1712697350.789521,18827450.14977393,1550.0,-3.159544061006782e-09,1627.0,ASK
768,1712697350.8681674,18827661.56608053,1550.0,-6.449948247376491e-09,1627.0,ASK
769,1712697350.875699,18827805.32074906,1550.0,-4.3857079297679306e-09,1627.0,ASK
770,1712697350.8908925,18828069.41757429,1550.0,-8.057140352274644e-09,1627.0,ASK
771,1712697351.008041,18828087.59762492,1550.0,-5.54642106773934e-10,1627.0,ASK
772,1712697351.0116277,18828266.92900953,1550.0,-5.471092407530918e-09,1627.0,ASK
773,1712697351.047998,18828415.14259396,1550.0,-4.5217417923386775e-09,1627.0,ASK
774,1712697351.3480089,18828645.61629396,1550.0,-7.031356574504487e-09,1627.0,ASK
775,1712697351.9240284,18829082.61629396,1550.0,-1.3332119122848512e-08,1627.0,ASK
776,1712697352.3280163,18829291.58992735,1550.0,-6.375426484871595e-09,1627.0,ASK
777,1712697353.8781748,18830213.1658019,1550.0,-2.8115696430829072e-08,1627.0,ASK
778,1712697356.594437,18830689.52229763,1550.0,-1.4532818183004784e-08,1627.0,ASK
779,1712697356.768136,18830897.82476887,1550.0,-6.3549504809916174e-09,1627.0,ASK
780,1712697357.967847,18831319.94165858,1550.0,-1.2878061000800806e-08,1627.0,ASK
781,1712697359.1781056,18831588.20389393,1550.0,-8.184219857803005e-09,1627.0,ASK
782,1712697359.478033,18831699.12410378,1550.0,-3.383985013424331e-09,1627.0,ASK
783,1712697360.252842,18831699.12410378,1550.0,-0.0,1627.0,ASK
784,1712697362.0680013,18831873.57998711,1550.0,-5.3211740909137694e-09,1627.0,ASK
785,1712697362.0885224,18832108.40160948,1550.0,-7.162422436634778e-09,1627.0,ASK
786,1712697390.2497728,18832108.40160948,1550.0,-0.0,1627.0,ASK
787,1712697420.161733,18832108.40160948,1550.0,-0.0,1627.0,ASK
788,1712697436.808817,18832366.04197047,1551.0,7.85827718013548e-09,1627.0,BID
789,1712697450.1689534,18832366.04197047,1551.0,0.0,1627.0,BID
790,1712697480.2491612,18832366.04197047,1551.0,0.0,1627.0,BID
791,1712697483.9694772,18832466.04197047,1549.0,-3.0500583732256562e-09,1627.0,ASK
792,1712697483.9743931,18832500.10947536,1549.0,-1.0390787854545287e-09,1627.0,ASK
793,1712697483.9792886,18832921.04197047,1549.0,-1.2838686812722204e-08,1627.0,ASK
794,1712697484.214501,18833243.83086639,1549.0,-9.845249747848137e-09,1627.0,ASK
795,1712697484.2258792,18834112.38902247,1549.0,-2.6491530765868992e-08,1627.0,ASK
796,1712697484.2892015,18834112.38902261,1549.0,-4.317694089657625e-18,1627.0,ASK
797,1712697484.4993813,18834202.34079161,1549.0,-2.7435814621898263e-09,1627.0,ASK
798,1712697484.5042124,18834202.34079239,1549.0,-2.3860941021792134e-17,1627.0,ASK
799,1712697510.243434,18834202.34079239,1549.0,-0.0,1627.0,ASK
800,1712697540.1628711,18834202.34079239,1549.0,-0.0,1627.0,ASK
801,1712697545.2295926,18834212.34079239,1549.0,-3.0497937832421045e-10,1627.0,ASK
802,1712697545.2392766,18835506.72491039,1549.0,-3.9476046361981744e-08,1627.0,ASK
803,1712697570.1652412,18835506.72491039,1549.0,-0.0,1627.0,ASK
804,1712697570.2857127,18837023.21088451,1548.0,-4.624684519449768e-08,1627.0,ASK
805,1712697570.2904036,18837026.56837751,1548.0,-1.0239030335987136e-10,1627.0,ASK
806,1712697574.6197498,18837031.73633617,1548.0,-1.5760237040602663e-10,1627.0,ASK
807,1712697575.27992,18837035.78808519,1548.0,-1.2356237562223994e-10,1627.0,ASK
808,1712697576.5046828,18837425.58782897,1548.0,-1.1887355844496838e-08,1627.0,ASK
809,1712697576.508011,18837653.35092034,1548.0,-6.945876590488985e-09,1627.0,ASK
810,1712697576.5112782,18837672.73076034,1548.0,-5.9100873713048e-10,1627.0,ASK
811,1712697582.7799065,18837760.13114666,1548.0,-2.665367306383801e-09,1627.0,ASK
812,1712697582.7929783,18837822.73076034,1548.0,-1.909041489709231e-09,1627.0,ASK
813,1712697596.0702722,18837825.98882485,1550.0,9.935812641785878e-11,1627.0,BID
814,1712697600.1921363,18837825.98882485,1550.0,0.0,1627.0,BID
815,1712697610.2805142,18838084.05334097,1550.0,7.878428320119045e-09,1627.0,BID
1016,1712697617.4301631,18838323.43304097,1548.0,-7.3080012551909905e-09,1627.0,ASK
816,1712697617.4301631,18838323.43304097,1548.0,-7.30800125519099e-09,1627.0,ASK
817,1712697619.750352,18838327.66331097,1548.0,-1.2914553107466812e-10,1627.0,ASK
818,1712697619.7601123,18839237.89333231,1548.0,-2.7788330165523056e-08,1627.0,ASK
819,1712697619.765828,18839311.09262097,1548.0,-2.234694476611576e-09,1627.0,ASK
820,1712697619.7714095,18839311.09262171,1548.0,-2.2632081205295248e-17,1627.0,ASK
821,1712697630.161624,18839311.09262171,1548.0,-0.0,1627.0,ASK
822,1712697635.310708,18839331.09262171,1547.0,-6.10535335306238e-10,1627.0,ASK
823,1712697635.3176098,18839334.32533017,1547.0,-9.868413722698423e-11,1627.0,ASK
824,1712697635.324422,18840185.31078588,1547.0,-2.5977834527031595e-08,1627.0,ASK
825,1712697649.3803642,18841164.37578318,1546.0,-2.988768882067329e-08,1627.0,ASK
826,1712697649.5603993,18841358.29950652,1547.0,5.919864272662111e-09,1627.0,BID
827,1712697654.7205484,18841377.86725652,1547.0,5.973401403555567e-10,1627.0,BID
828,1712697655.3202596,18842355.32168444,1547.0,2.9838523344843845e-08,1627.0,BID
829,1712697660.2003963,18842355.32168444,1547.0,0.0,1627.0,BID
830,1712697677.4404314,18842358.58606711,1547.0,9.963672730702938e-11,1627.0,BID
831,1712697690.1606176,18842358.58606711,1547.0,0.0,1627.0,BID
832,1712697716.350979,18842366.58606711,1546.0,-2.44178999765275e-10,1627.0,ASK
833,1712697720.244816,18842366.58606711,1546.0,-0.0,1627.0,ASK
834,1712697726.870854,18843243.49556911,1547.0,-2.6765350531427013e-08,1627.0,ASK
835,1712697726.8908713,18843243.49556937,1547.0,-7.959326510843391e-18,1627.0,ASK
836,1712697733.1305091,18843318.6404506,1547.0,2.293599376187627e-09,1627.0,BID
837,1712697733.2715244,18843460.1913576,1547.0,-4.320468229938456e-09,1627.0,ASK
838,1712697733.2770586,18843460.19135851,1547.0,-2.774393812351125e-17,1627.0,ASK
839,1712697736.9541123,18853413.66967299,1546.0,-3.038036826907096e-07,1627.0,ASK
840,1712697736.9636724,18853498.34677451,1546.0,-2.58454526843622e-09,1627.0,ASK
1040,1712697736.9636724,18853498.34677451,1546.0,-2.5845452684362204e-09,1627.0,ASK
841,1712697736.97095,18853498.34677518,1546.0,-2.0466839599311577e-17,1627.0,ASK
842,1712697740.8067222,18853821.97137064,1545.0,-9.877787523472316e-09,1627.0,ASK
843,1712697740.8125927,18854088.5777784,1545.0,-8.13745767526932e-09,1627.0,ASK
844,1712697748.131803,18854092.5777784,1544.0,-1.2208945379377911e-10,1627.0,ASK
845,1712697748.139268,18854917.94456423,1544.0,-2.5192145015431344e-08,1627.0,ASK
846,1712697748.1448872,18855661.7972844,1544.0,-2.2704143077066355e-08,1627.0,ASK
847,1712697748.1507728,18855661.79728442,1544.0,-6.822279866437192e-19,1627.0,ASK
848,1712697750.250983,18855661.79728442,1544.0,-0.0,1627.0,ASK
849,1712697757.9214284,18855668.79728442,1543.0,-2.1352260395289272e-10,1627.0,ASK
850,1712697757.928507,18856063.65766542,1543.0,-1.2044516678413808e-08,1627.0,ASK
851,1712697758.1807475,18856227.34801942,1543.0,-4.993084375459531e-09,1627.0,ASK
852,1712697760.5508797,18856412.47554877,1543.0,-5.646987447143153e-09,1627.0,ASK
853,1712697760.6959836,18856749.52703166,1543.0,-1.0281158613259176e-08,1627.0,ASK
854,1712697760.7004025,18856756.00920877,1543.0,-1.9772733364233607e-10,1627.0,ASK
855,1712697767.9815085,18857756.00920832,1543.0,-3.050322912249152e-08,1627.0,ASK
856,1712697767.9887486,18857756.00920877,1543.0,-1.3636006028709202e-17,1627.0,ASK
857,1712697767.9953146,18857756.00920922,1543.0,-1.374963941228178e-17,1627.0,ASK
858,1712697768.2009816,18857852.1038898,1543.0,2.9311980605326047e-09,1627.0,BID
859,1712697780.1644194,18857852.1038898,1543.0,0.0,1627.0,BID
860,1712697780.671878,18857855.41517385,1542.0,-1.0099444460240559e-10,1627.0,ASK
1060,1712697780.671878,18857855.41517385,1542.0,-1.009944446024056e-10,1627.0,ASK
861,1712697780.6754663,18857878.11361451,1542.0,-6.92304366802099e-10,1627.0,ASK
862,1712697780.6787071,18859172.1038898,1542.0,-3.94668132322206e-08,1627.0,ASK
863,1712697798.2111633,18859179.13047572,1542.0,-2.1431146692394884e-10,1627.0,ASK
864,1712697798.2710345,18859234.72206786,1542.0,1.6955482789847491e-09,1627.0,BID
865,1712697806.841035,18860234.72206786,1542.0,3.050008488153417e-08,1627.0,BID
866,1712697809.7312908,18871238.06420631,1542.0,3.356028692033048e-07,1627.0,BID
867,1712697809.7379827,18872745.55246104,1542.0,4.5978519727170393e-08,1627.0,BID
868,1712697810.171587,18872745.55246104,1542.0,0.0,1627.0,BID
869,1712697835.6415524,18873120.89659558,1542.0,1.1440014739371256e-08,1627.0,BID
870,1712697840.2512913,18873120.89659558,1542.0,0.0,1627.0,BID
871,1712697851.0093906,18873250.5982817,1542.0,-3.9530736998107976e-09,1627.0,ASK
872,1712697851.012961,18873486.25659558,1542.0,-7.182440804002344e-09,1627.0,ASK
873,1712697855.1714363,18873738.11353544,1542.0,-7.67614573754525e-09,1627.0,ASK
874,1712697855.1780505,18873890.91209558,1542.0,-4.657024804501608e-09,1627.0,ASK
875,1712697856.802879,18874274.81769558,1542.0,-1.1700750976736361e-08,1627.0,ASK
876,1712697870.2451808,18874274.81769558,1542.0,-0.0,1627.0,ASK
877,1712697872.9920008,18874287.40169558,1542.0,-3.8351684783100925e-10,1627.0,ASK
878,1712697876.9114306,18874287.56358632,1542.0,-4.933870538365311e-12,1627.0,ASK
879,1712697880.801623,18874293.73619218,1542.0,1.8811970302913848e-10,1627.0,BID
880,1712697888.6915903,18874738.93619218,1541.0,-1.3568158031583389e-08,1627.0,ASK
881,1712697888.6958427,18874742.93619218,1541.0,-1.2190618177543662e-10,1627.0,ASK
882,1712697890.7513409,18875379.55309904,1541.0,-1.940188409221677e-08,1627.0,ASK
883,1712697890.7614937,18875570.19119118,1541.0,-5.809990478484034e-09,1627.0,ASK
884,1712697900.1597614,18875570.19119118,1541.0,-0.0,1627.0,ASK
885,1712697901.2516322,18877360.19119118,1542.0,5.4603489788097496e-08,1627.0,BID
886,1712697901.3994884,18877744.32745118,1542.0,-1.1717977849218018e-08,1627.0,ASK
887,1712697901.4515018,18877880.6102989,1542.0,-4.157273231191927e-09,1627.0,ASK
888,1712697901.714724,18878347.0102989,1542.0,-1.4227412087758272e-08,1627.0,ASK
889,1712697902.4019434,18878995.3042989,1542.0,-1.9776041792554112e-08,1627.0,ASK
890,1712697902.8417046,18879655.91739446,1542.0,-2.015183263533472e-08,1627.0,ASK
891,1712697902.8619003,18881745.2981902,1542.0,-6.37360239908457e-08,1627.0,ASK
892,1712697902.8684642,18881847.53429646,1542.0,-3.118686136441746e-09,1627.0,ASK
893,1712697902.9418037,18882093.71229646,1542.0,-7.509596597217928e-09,1627.0,ASK
894,1712697902.9616406,18884223.51252046,1542.0,-6.496900825799003e-08,1627.0,ASK
895,1712697903.0414882,18885473.50931161,1542.0,-3.81308307378417e-08,1627.0,ASK
896,1712697911.6519363,18885816.97681161,1541.0,-1.0477387781485178e-08,1627.0,ASK
897,1712697911.7516284,18885823.457693,1543.0,1.9769762053336207e-10,1627.0,BID
898,1712697916.201661,18886259.157693,1541.0,-1.3290916480800782e-08,1627.0,ASK
899,1712697930.167919,18886259.157693,1541.0,-0.0,1627.0,ASK
900,1712697934.0118556,18886272.76313517,1541.0,-4.148219564650304e-10,1627.0,ASK
901,1712697956.5319688,18893329.49927315,1541.0,-2.151557482974335e-07,1627.0,ASK
902,1712697960.245368,18893329.49927315,1541.0,-0.0,1627.0,ASK
903,1712697968.0619063,18893682.04347315,1541.0,-1.0745296476330764e-08,1627.0,ASK
904,1712697974.0618875,18894035.80177315,1541.0,-1.0782301380812942e-08,1627.0,ASK
905,1712697978.2717724,18894383.64497315,1541.0,-1.0602013339892681e-08,1627.0,ASK
1105,1712697978.2717724,18894383.64497315,1541.0,-1.060201333989268e-08,1627.0,ASK
906,1712697981.4318278,18901440.38111114,1541.0,-2.1508429853069e-07,1627.0,ASK
907,1712697981.905088,18901788.33381114,1541.0,-1.0605350821964056e-08,1627.0,ASK
908,1712697982.0921123,18902070.40821114,1541.0,-8.597427092520685e-09,1627.0,ASK
909,1712697988.3564825,18903195.55008068,1541.0,-3.4293523950000264e-08,1627.0,ASK
910,1712697989.8637705,18904514.06919929,1543.0,4.018752496624899e-08,1627.0,BID
911,1712697989.8716311,18908380.7912019,1543.0,1.178549365148259e-07,1627.0,BID
912,1712697989.8750944,18908810.7912019,1544.0,1.3106094171538792e-08,1627.0,BID
913,1712697989.878477,18916659.71193072,1544.0,2.392295214344793e-07,1627.0,BID
914,1712697989.8819125,18918449.71193072,1543.0,5.4557926900126594e-08,1627.0,BID
915,1712697989.8853257,18923195.55008068,1544.0,1.446497714331893e-07,1627.0,BID
916,1712697990.245668,18923195.55008068,1544.0,0.0,1627.0,BID
917,1712697995.822039,18923557.53128068,1541.0,-1.1017456803517971e-08,1627.0,ASK
918,1712697997.3022342,18923685.03128068,1542.0,-3.880659389051864e-09,1627.0,ASK
919,1712697998.8518193,18923764.04608068,1542.0,-2.4049374547704323e-09,1627.0,ASK
920,1712698000.112095,18924124.70478068,1542.0,-1.097720447372674e-08,1627.0,ASK
921,1712698000.312189,18924252.20478068,1542.0,-3.880659389051864e-09,1627.0,ASK
922,1712698000.7419496,18924985.13352626,1542.0,-2.230781818068276e-08,1627.0,ASK
923,1712698000.8819325,18927037.20610226,1542.0,-6.245799771823716e-08,1627.0,ASK
924,1712698001.5706992,18927124.10610226,1542.0,-2.64493569346887e-09,1627.0,ASK
925,1712698001.822322,18930096.39260226,1542.0,-9.046612951509821e-08,1627.0,ASK
926,1712698004.8718295,18930167.39260226,1542.0,-2.160994640177901e-09,1627.0,ASK
927,1712698005.0920677,18930238.89260226,1542.0,-2.176212912291829e-09,1627.0,ASK
928,1712698008.882502,18930585.11550226,1542.0,-1.0537828608531028e-08,1627.0,ASK
929,1712698020.1920197,18930585.11550226,1542.0,-0.0,1627.0,ASK
930,1712698031.7521012,18930590.30228226,1542.0,-1.5781292857125779e-10,1627.0,ASK
931,1712698031.7600307,18931002.51898031,1542.0,-1.254210210330136e-08,1627.0,ASK
932,1712698039.6724453,18931019.22005179,1542.0,-5.08146673228703e-10,1627.0,ASK
933,1712698039.6796458,18931075.63924518,1542.0,-1.7166099466435675e-09,1627.0,ASK
934,1712698050.1620357,18931075.63924518,1542.0,-0.0,1627.0,ASK
935,1712698080.2538462,18931075.63924518,1542.0,-0.0,1627.0,ASK
936,1712698080.9427185,18932010.42866763,1541.0,-2.8441241278369213e-08,1627.0,ASK
937,1712698080.946806,18932253.13096839,1542.0,-7.384288406409646e-09,1627.0,ASK
938,1712698080.9509506,18932382.82878766,1541.0,-3.9460940427249395e-09,1627.0,ASK
939,1712698082.4420967,18932729.51605083,1541.0,-1.0548061267260765e-08,1627.0,ASK
940,1712698085.7729373,18932831.38148963,1541.0,-3.099285735653264e-09,1627.0,ASK
941,1712698086.103295,18933175.32018963,1541.0,-1.0464435429689784e-08,1627.0,ASK
942,1712698093.822371,18933481.31258963,1541.0,-9.309908166231184e-09,1627.0,ASK
943,1712698094.2991226,18933668.12586228,1541.0,-5.683848398217444e-09,1627.0,ASK
944,1712698097.1223114,18933973.36476228,1541.0,-9.286982708492468e-09,1627.0,ASK
945,1712698097.5663807,18934278.97046228,1541.0,-9.298142705737468e-09,1627.0,ASK
946,1712698097.5897431,18934399.20689871,1541.0,-3.658228705664732e-09,1627.0,ASK
947,1712698097.6335113,18934496.13039467,1541.0,-2.9489256809248238e-09,1627.0,ASK
948,1712698099.2023263,18934817.85889467,1541.0,-9.788683605926788e-09,1627.0,ASK
949,1712698099.7533865,18934918.23043325,1541.0,-3.0538333851021304e-09,1627.0,ASK
1149,1712698099.7533865,18934918.23043325,1541.0,-3.05383338510213e-09,1627.0,ASK
950,1712698100.7121089,18935218.83043325,1541.0,-9.145842820711957e-09,1627.0,ASK
951,1712698101.1121936,18935844.40783325,1541.0,-1.90333751584237e-08,1627.0,ASK
952,1712698101.252143,18935918.36593965,1541.0,-2.250196994271546e-09,1627.0,ASK
953,1712698106.732507,18936223.96623965,1541.0,-9.297978409098917e-09,1627.0,ASK
954,1712698110.102878,18936474.29203965,1541.0,-7.616235598139814e-09,1627.0,ASK
955,1712698110.247163,18936474.29203965,1541.0,-0.0,1627.0,ASK
956,1712698112.9359498,18936792.92093965,1541.0,-9.691924099747393e-09,1627.0,ASK
957,1712698114.7825916,18937098.51553965,1541.0,-9.295452071351144e-09,1627.0,ASK
958,1712698115.4497864,18937238.55325675,1541.0,-4.2596102401313015e-09,1627.0,ASK
959,1712698116.1324482,18937916.05875675,1541.0,-2.0608086344906227e-08,1627.0,ASK
960,1712698117.012426,18938005.75983804,1541.0,-2.728490954646401e-09,1627.0,ASK
961,1712698117.5353491,18939272.86056887,1541.0,-3.8542153928813496e-08,1627.0,ASK
962,1712698117.9724422,18939447.63152231,1541.0,-5.316111675929251e-09,1627.0,ASK
963,1712698118.772786,18939852.18511842,1541.0,-1.2305546508124418e-08,1627.0,ASK
964,1712698118.7826405,18939855.43032231,1541.0,-9.87112902357115e-11,1627.0,ASK
965,1712698140.1626835,18939855.43032231,1541.0,-0.0,1627.0,ASK
966,1712698163.6230147,18939875.43032231,1542.0,-6.0825545395531e-10,1627.0,ASK
967,1712698170.1624606,18939875.43032231,1542.0,-0.0,1627.0,ASK
968,1712698171.0031447,18939875.43041368,1541.0,-2.7787050738211628e-15,1627.0,ASK
969,1712698171.0148463,18939981.82353881,1541.0,-3.235706896369837e-09,1627.0,ASK
970,1712698171.0239828,18940062.08048877,1541.0,-2.440834087254178e-09,1627.0,ASK
971,1712698171.5425725,18940299.58048877,1541.0,-7.223026741026491e-09,1627.0,ASK
1171,1712698171.5425725,18940299.58048877,1541.0,-7.2230267410264914e-09,1627.0,ASK
972,1712698171.552369,18940421.41321445,1541.0,-3.705267517902033e-09,1627.0,ASK
973,1712698171.6427426,18940542.43027682,1541.0,-3.680460958387619e-09,1627.0,ASK
974,1712698172.332713,18940544.35968038,1541.0,-5.867845694008831e-11,1627.0,ASK
975,1712698172.4925835,18941024.70946843,1541.0,1.4608755217429438e-08,1627.0,BID
976,1712698180.1727805,18941399.92160279,1541.0,1.1411230652724836e-08,1627.0,BID
977,1712698187.642773,18941403.92160279,1541.0,1.2165097669097246e-10,1627.0,BID
978,1712698191.763182,18941407.42160279,1540.0,-1.0644460460460088e-10,1627.0,ASK
979,1712698191.771377,18941605.5384859,1540.0,-6.0252780823334375e-09,1627.0,ASK
1180,1712698191.7756898,18942416.54928537,1540.0,-2.466506396565217e-08,1627.0,ASK
980,1712698191.7756898,18942416.54928537,1540.0,-2.4665063965652172e-08,1627.0,ASK
981,1712698196.2138095,18942600.26042385,1541.0,5.587159856257728e-09,1627.0,BID
982,1712698198.7027178,18942937.15732385,1541.0,-1.0245959232235112e-08,1627.0,ASK
983,1712698200.2228477,18942937.15732385,1541.0,-0.0,1627.0,ASK
984,1712698208.0730617,18943065.45732385,1541.0,-3.908138382604066e-09,1627.0,ASK
985,1712698210.162738,18943065.47855207,1541.0,-6.466315089805637e-13,1627.0,ASK
986,1712698210.1705308,18943348.25732385,1541.0,-8.613706716869223e-09,1627.0,ASK
987,1712698210.2027812,18943436.44530728,1541.0,-2.686288721191242e-09,1627.0,ASK
988,1712698212.6929457,18943836.44530728,1541.0,-1.2184375315920096e-08,1627.0,ASK
989,1712698230.162855,18943836.44530728,1541.0,-0.0,1627.0,ASK
990,1712698235.0327034,18943886.44530728,1542.0,-1.5229826250482803e-09,1627.0,ASK
991,1712698235.0369492,18943993.44530728,1542.0,-3.25918281760332e-09,1627.0,ASK
1191,1712698235.0369492,18943993.44530728,1542.0,-3.2591828176033203e-09,1627.0,ASK
992,1712698246.6629272,18944539.64530728,1542.0,-1.6637062196004723e-08,1627.0,ASK
993,1712698257.5857089,18944836.94530728,1542.0,-9.05565468855977e-09,1627.0,ASK
994,1712698260.2466545,18944836.94530728,1542.0,-0.0,1627.0,ASK
995,1712698284.2532628,18944931.94530728,1544.0,2.893531014005269e-09,1627.0,BID
996,1712698284.2606478,18945836.94530728,1544.0,2.75646901860502e-08,1627.0,BID
997,1712698284.676407,18945844.05049691,1542.0,-2.1641143738534878e-10,1627.0,ASK
998,1712698284.6862705,18946190.56735812,1542.0,-1.0554287208329049e-08,1627.0,ASK
999,1712698284.689904,18947679.65711064,1542.0,-4.5355025068918164e-08,1627.0,ASK
1000,1712698290.23567,18947679.65711064,1542.0,-0.0,1627.0,ASK
1201,1712698309.5474808,18947696.36281064,1545.0,5.087579494727992e-10,1627.0,BID
1202,1712698309.5487714,18948003.2817061,1545.0,9.346955104109817e-09,1627.0,BID
1203,1712698320.163113,18948003.2817061,1545.0,0.0,1627.0,BID
1204,1712698320.7029998,18948516.7817061,1543.0,-1.5637969617722008e-08,1627.0,ASK
1205,1712698350.1653292,18948516.7817061,1543.0,-0.0,1627.0,ASK
1206,1712698361.3033738,18948872.93720591,1545.0,1.0845987339220161e-08,1627.0,BID
1207,1712698361.3061898,18949095.21676041,1545.0,6.7690692272290535e-09,1627.0,BID
1208,1712698378.4673927,18949125.28155005,1545.0,9.155616800559339e-10,1627.0,BID
1209,1712698380.1833482,18949125.28155005,1545.0,0.0,1627.0,BID
1210,1712698408.8031676,18949772.53074098,1545.0,1.9710086062842145e-08,1627.0,BID
1211,1712698410.1771135,18949772.53074098,1545.0,0.0,1627.0,BID
1212,1712698410.2785032,18949859.12824988,1544.0,-2.636994223828837e-09,1627.0,ASK
1213,1712698428.4133475,18950174.29172757,1544.0,-9.597092119459872e-09,1627.0,ASK
1214,1712698435.9033587,18950239.23985924,1544.0,-1.977745667701469e-09,1627.0,ASK
1215,1712698436.72333,18950337.81169221,1544.0,-3.001626230194764e-09,1627.0,ASK
1216,1712698440.247962,18950337.81169221,1544.0,-0.0,1627.0,ASK
1217,1712698468.476407,18950656.733278,1544.0,-9.711272752041052e-09,1627.0,ASK
1218,1712698468.7740295,18950721.50011737,1544.0,-1.972172692101429e-09,1627.0,ASK
1219,1712698470.2533655,18950721.50011737,1544.0,-0.0,1627.0,ASK
1220,1712698478.894344,18951369.16851115,1544.0,-1.97213711648535e-08,1627.0,ASK
1221,1712698478.897262,18956556.49454538,1543.0,-1.5795302512328157e-07,1627.0,ASK
1222,1712698478.8996365,18957034.52863616,1544.0,-1.4556041060927705e-08,1627.0,ASK
1223,1712698478.9017923,18957061.05980919,1543.0,-8.078688349631875e-10,1627.0,ASK
1224,1712698500.186344,18957061.05980919,1543.0,-0.0,1627.0,ASK
1225,1712698511.9958456,18957064.29605514,1545.0,9.861383193045127e-11,1627.0,BID
1226,1712698530.1659656,18957064.29605514,1545.0,0.0,1627.0,BID
1227,1712698560.251609,18957064.29605514,1545.0,0.0,1627.0,BID
1228,1712698570.453652,18957373.33702601,1545.0,-9.416994309015373e-09,1627.0,ASK
1229,1712698584.3237708,18957759.21787199,1545.0,1.17584335834779e-08,1627.0,BID
1230,1712698590.248184,18957759.21787199,1545.0,0.0,1627.0,BID
1231,1712698595.2240734,18957761.67719752,1547.0,7.493730294296794e-11,1627.0,BID
1232,1712698595.2266922,18957768.16228052,1547.0,1.9760484061208542e-10,1627.0,BID
1233,1712698620.166753,18957768.16228052,1547.0,0.0,1627.0,BID
1234,1712698650.177419,18957768.16228052,1547.0,0.0,1627.0,BID
1235,1712698662.7839284,18958414.57469163,1547.0,1.9696612616079852e-08,1627.0,BID
1236,1712698674.9640317,18976479.86094953,1547.0,5.50461190261112e-07,1627.0,BID
1237,1712698675.1040404,18976960.21073758,1547.0,-1.4636574936895709e-08,1627.0,ASK
1238,1712698679.1138196,18977027.26338978,1547.0,-2.043138548410035e-09,1627.0,ASK
1239,1712698680.2538166,18977027.26338978,1547.0,-0.0,1627.0,ASK
1240,1712698710.2438982,18977027.26338978,1547.0,-0.0,1627.0,ASK
1241,1712698726.8446643,18977407.26338978,1548.0,1.1568348510410288e-08,1627.0,BID
1242,1712698726.8483224,18977585.34113969,1548.0,5.421224928644962e-09,1627.0,BID
1243,1712698726.8512993,18978079.03073397,1549.0,1.5029403375246856e-08,1627.0,BID
1244,1712698726.8541417,18980027.26338978,1549.0,5.931009037314754e-08,1627.0,BID
1245,1712698734.1045766,18980828.07217737,1549.0,2.4379039855309096e-08,1627.0,BID
1246,1712698734.1080303,18982643.12718157,1549.0,5.525576014255519e-08,1627.0,BID
1247,1712698740.1571665,18982643.12718157,1549.0,0.0,1627.0,BID
1248,1712698770.1719933,18982643.12718157,1549.0,0.0,1627.0,BID
1249,1712698776.4543974,18982769.81975018,1549.0,3.8558836422248696e-09,1627.0,BID
1250,1712698776.4574342,18985261.60748305,1549.0,7.583746753796192e-08,1627.0,BID
1251,1712698777.720771,18985445.6626472,1549.0,5.6017121169911165e-09,1627.0,BID
1252,1712698787.7138371,18985495.6626472,1549.0,1.521748151687841e-09,1627.0,BID
1253,1712698800.1773076,18985495.6626472,1549.0,0.0,1627.0,BID
1254,1712698830.172682,18985495.6626472,1549.0,0.0,1627.0,BID
1255,1712698845.9024172,18985564.98096669,1547.0,-2.114338410906611e-09,1627.0,ASK
1256,1712698860.252076,18985564.98096669,1547.0,-0.0,1627.0,ASK
1257,1712698890.2413936,18985564.98096669,1547.0,-0.0,1627.0,ASK
1258,1712698905.831329,18986211.3933778,1547.0,-1.9716723222615172e-08,1627.0,ASK
1259,1712698905.8340943,18987530.37583178,1547.0,-4.0231300534591545e-08,1627.0,ASK
1260,1712698905.8368683,18988848.36881414,1547.0,-4.0201119898058006e-08,1627.0,ASK
1261,1712698919.5509963,18989228.36881414,1549.0,1.1590672913820121e-08,1627.0,BID
1262,1712698919.554234,18990848.36881414,1549.0,4.941286873786473e-08,1627.0,BID
1263,1712698920.1736376,18990848.36881414,1549.0,0.0,1627.0,BID
1264,1712698950.1726632,18990848.36881414,1549.0,0.0,1627.0,BID
1265,1712698951.6601691,18990909.05570891,1549.0,1.8505961710873443e-09,1627.0,BID
1266,1712698971.6400054,18991253.36881414,1549.0,1.0499540577911213e-08,1627.0,BID
1267,1712698971.6433225,18991368.36881414,1549.0,3.5068289534193434e-09,1627.0,BID
1268,1712698971.7800922,18991914.36881414,1549.0,-1.6649813987538796e-08,1627.0,ASK
1269,1712698971.7866523,18992293.4842177,1549.0,-1.1560807599027537e-08,1627.0,ASK
1270,1712698972.1397474,18993218.5842177,1547.0,-2.821015186794313e-08,1627.0,ASK
1271,1712698976.0901346,18993791.46044662,1547.0,-1.7469382141679924e-08,1627.0,ASK
1272,1712698976.0996883,18993959.6208177,1547.0,-5.127910070619377e-09,1627.0,ASK
1273,1712698980.2434738,18993959.6208177,1547.0,-0.0,1627.0,ASK
1274,1712698989.4195676,18993959.62088617,1547.0,-2.087654355720128e-15,1627.0,ASK
1275,1712698989.4228275,18994001.17823545,1545.0,-1.2670705763513822e-09,1627.0,ASK
1276,1712699001.439293,18994501.17823545,1545.0,-1.52448435513634e-08,1627.0,ASK
1277,1712699010.2314303,18994501.17823545,1545.0,-0.0,1627.0,ASK
1278,1712699025.628985,18994878.67823545,1546.0,-1.1509563261840444e-08,1627.0,ASK
1279,1712699040.158454,18994878.67823545,1546.0,-0.0,1627.0,ASK
1280,1712699042.808782,18995549.14420927,1548.0,2.0441412536391505e-08,1627.0,BID
1281,1712699045.578768,18996453.61400977,1548.0,2.7575807036732933e-08,1627.0,BID
1282,1712699070.1586285,18996453.61400977,1548.0,0.0,1627.0,BID
1283,1712699077.9981408,18997453.61480982,1547.0,-3.0486125137901976e-08,1627.0,ASK
1284,1712699088.2379158,18997460.06642272,1550.0,1.9668452088256318e-10,1627.0,BID
1285,1712699097.868548,18997460.09989381,1550.0,1.0204029870094153e-12,1627.0,BID
1286,1712699097.870931,18997710.06642272,1550.0,7.620504783909592e-09,1627.0,BID
1287,1712699100.1812687,18997710.06642272,1550.0,0.0,1627.0,BID
1288,1712699128.737486,18997770.73182645,1548.0,-1.8512386773580821e-09,1627.0,ASK
1289,1712699128.740827,18998447.70804617,1548.0,-2.0658307445757108e-08,1627.0,ASK
1290,1712699130.1571434,18998447.70804617,1548.0,-0.0,1627.0,ASK
1291,1712699142.8671615,18999519.84886999,1548.0,-3.27158360688917e-08,1627.0,ASK
1292,1712699142.987193,18999519.84887059,1548.0,1.8301731848047642e-17,1627.0,BID
1293,1712699142.990411,19001610.69111159,1548.0,6.380099561813448e-08,1627.0,BID
1294,1712699160.2602642,19001610.69111159,1548.0,0.0,1627.0,BID
1295,1712699190.2511396,19001610.69111159,1548.0,0.0,1627.0,BID
1296,1712699190.6964571,19001737.07197951,1549.0,3.8558722946706736e-09,1627.0,BID
1297,1712699208.3163712,19001743.51527847,1552.0,1.9658464408498816e-10,1627.0,BID
1298,1712699215.5762818,19001763.51527847,1548.0,-6.10198736265456e-10,1627.0,ASK
1299,1712699220.179004,19001763.51527847,1548.0,-0.0,1627.0,ASK
1300,1712699250.165669,19001763.51527847,1548.0,-0.0,1627.0,ASK
1301,1712699258.8055215,19002087.76949377,1548.0,-9.892904169403423e-09,1627.0,ASK
1302,1712699280.2453876,19002087.76949377,1548.0,-0.0,1627.0,ASK
1303,1712699304.6729224,19003841.61819885,1549.0,-5.350860726140239e-08,1627.0,ASK
1304,1712699304.6760497,19004317.74466491,1548.0,-1.4526261019825669e-08,1627.0,ASK
1305,1712699310.239817,19004317.74466491,1548.0,-0.0,1627.0,ASK
1306,1712699338.904719,19004446.5462435,1552.0,3.9292254345364795e-09,1627.0,BID
1307,1712699340.15927,19004446.5462435,1552.0,0.0,1627.0,BID
1308,1712699370.1646209,19004446.5462435,1552.0,0.0,1627.0,BID
1309,1712699397.274222,19004582.23184892,1552.0,4.139204554917728e-09,1627.0,BID
1310,1712699397.3764107,19004949.63184892,1552.0,-1.1207848826297216e-08,1627.0,ASK
1311,1712699397.3940694,19005620.09781278,1552.0,-2.0453133277466107e-08,1627.0,ASK
1312,1712699397.3960936,19005987.49781278,1552.0,-1.120784882641086e-08,1627.0,ASK
1313,1712699397.4339824,19007331.8211011,1552.0,-4.100972288839805e-08,1627.0,ASK
1314,1712699397.4740598,19010984.9211011,1552.0,-1.1144091602484793e-07,1627.0,ASK
1315,1712699397.4958816,19011178.65238669,1552.0,-5.909937294048293e-09,1627.0,ASK
1316,1712699397.498945,19011400.02648623,1552.0,-6.753204795009842e-09,1627.0,ASK
1317,1712699397.654332,19011518.0860401,1552.0,-3.6015068924060437e-09,1627.0,ASK
1318,1712699397.6588843,19013566.0081401,1552.0,-6.247360180981808e-08,1627.0,ASK
1319,1712699398.874445,19013812.3714401,1552.0,-7.515521564490419e-09,1627.0,ASK
1320,1712699399.394657,19016127.4138401,1552.0,-7.062233327642777e-08,1627.0,ASK
1321,1712699400.1805534,19016127.4138401,1552.0,-0.0,1627.0,ASK
1322,1712699400.384668,19016378.0916401,1552.0,-7.647443823938764e-09,1627.0,ASK
1323,1712699401.144125,19017980.5908401,1552.0,-4.888754652359e-08,1627.0,ASK
1324,1712699401.8643851,19018140.5908401,1552.0,-4.881130326784417e-09,1627.0,ASK
1325,1712699402.924284,19019754.5353204,1553.0,4.9236708428365e-08,1627.0,BID
1326,1712699402.935693,19019890.63287834,1553.0,4.15193698412642e-09,1627.0,BID
1327,1712699402.9384005,19021827.36625471,1553.0,5.9084050114310747e-08,1627.0,BID
1328,1712699403.2341554,19022107.36625471,1552.0,-8.541978071872728e-09,1627.0,ASK
1329,1712699403.3742263,19022747.76625471,1552.0,-1.9536724132909167e-08,1627.0,ASK
1330,1712699404.0941622,19024084.99435471,1552.0,-4.0794903954669687e-08,1627.0,ASK
1331,1712699404.874449,19024318.29465471,1552.0,-7.1173073098122485e-09,1627.0,ASK
1332,1712699406.364111,19024551.59495471,1552.0,-7.1173073099258965e-09,1627.0,ASK
1333,1712699406.8642082,19025174.59105471,1552.0,-1.9005782232396745e-08,1627.0,ASK
1334,1712699407.8841374,19025407.89135471,1552.0,-7.1173073098122485e-09,1627.0,ASK
1335,1712699409.2540488,19026266.39135471,1552.0,-2.6190314909652643e-08,1627.0,ASK
1336,1712699409.278511,19026481.32194512,1552.0,-6.556901393768024e-09,1627.0,ASK
1337,1712699409.2854786,19026574.13521924,1552.0,-2.831460543941542e-09,1627.0,ASK
1338,1712699409.293907,19026723.7797135,1552.0,-4.565214244853603e-09,1627.0,ASK
1339,1712699409.374229,19026844.39070922,1552.0,-3.6794874309861854e-09,1627.0,ASK
1340,1712699409.3774424,19027121.01840922,1552.0,-8.439099098033286e-09,1627.0,ASK
1341,1712699410.2740424,19027284.27122096,1552.0,-4.980364064513947e-09,1627.0,ASK
1342,1712699410.3605504,19027406.47226698,1552.0,-3.727995198074922e-09,1627.0,ASK
1343,1712699410.5538645,19027528.50201543,1552.0,-3.722769412086734e-09,1627.0,ASK
1344,1712699410.8539648,19027808.50201543,1552.0,-8.541978071872728e-09,1627.0,ASK
1345,1712699410.8739865,19027906.50281543,1552.0,-2.98971673076563e-09,1627.0,ASK
1346,1712699412.6041644,19028022.25798891,1552.0,-3.5313505485324083e-09,1627.0,ASK
1347,1712699412.608292,19029718.69318531,1552.0,-5.1753258028568744e-08,1627.0,ASK
1348,1712699415.0743651,19031006.52319174,1552.0,-3.928791312574367e-08,1627.0,ASK
1349,1712699415.1375625,19032294.35319817,1552.0,-3.9287913125857326e-08,1627.0,ASK
1350,1712699415.354003,19033421.93937911,1552.0,-3.439934439906609e-08,1627.0,ASK
1351,1712699418.6240058,19033701.93937911,1552.0,-8.541978071872728e-09,1627.0,ASK
1352,1712699421.9016862,19034029.03672355,1552.0,-9.978779798463612e-09,1627.0,ASK
1353,1712699426.1438096,19034309.03672355,1552.0,-8.541978071872728e-09,1627.0,ASK
1354,1712699430.1559963,19034309.03672355,1552.0,-0.0,1627.0,ASK
1355,1712699433.6739087,19034589.03672355,1552.0,-8.534630121304018e-09,1627.0,ASK
1356,1712699438.8793783,19034774.92594415,1552.0,-5.6660562191095685e-09,1627.0,ASK
1357,1712699438.9738836,19034962.39250098,1552.0,-5.714134723847133e-09,1627.0,ASK
1358,1712699439.515561,19035166.2814771,1552.0,-6.214703560682027e-09,1627.0,ASK
1359,1712699439.5279815,19035368.79463087,1552.0,-6.172767364706525e-09,1627.0,ASK
1360,1712699439.6143942,19035428.00020849,1552.0,-1.804634664641109e-09,1627.0,ASK
1361,1712699439.6165948,19035769.83973926,1552.0,-1.0419549842713632e-08,1627.0,ASK
1362,1712699460.2335112,19035769.83973926,1552.0,-0.0,1627.0,ASK
1363,1712699490.2386985,19035769.83973926,1552.0,-0.0,1627.0,ASK
1364,1712699506.24466,19035798.67603926,1548.0,-8.788933874621592e-10,1627.0,ASK
1365,1712699512.364782,19036892.15096859,1548.0,-3.3327711416674184e-08,1627.0,ASK
1366,1712699520.164645,19036892.15096859,1548.0,-0.0,1627.0,ASK
1367,1712699550.157709,19036892.15096859,1548.0,-0.0,1627.0,ASK
1368,1712699569.0432386,19037279.56922029,1548.0,-1.1807385499835669e-08,1627.0,ASK
1369,1712699569.0471194,19037380.34911374,1548.0,-3.0714790730122663e-09,1627.0,ASK
1370,1712699580.2277052,19037380.34911374,1548.0,-0.0,1627.0,ASK
1371,1712699610.232967,19037380.34911374,1548.0,-0.0,1627.0,ASK
1372,1712699619.1225743,19037386.78826377,1553.0,1.9624211113671718e-10,1627.0,BID
1373,1712699628.9728143,19037771.35843307,1548.0,-1.1720314254612326e-08,1627.0,ASK
1374,1712699628.97554,19037967.88484685,1548.0,-5.9894175698122154e-09,1627.0,ASK
1375,1712699628.978136,19038613.87967889,1548.0,-1.968759681005841e-08,1627.0,ASK
1376,1712699640.152364,19038613.87967889,1548.0,-0.0,1627.0,ASK
1377,1712699652.5826485,19038700.87967889,1550.0,-2.651292493837671e-09,1627.0,ASK
1378,1712699656.8922882,19038919.47967889,1550.0,-6.661753323642134e-09,1627.0,ASK
1379,1712699660.772317,19039195.311304,1550.0,-8.405865715069281e-09,1627.0,ASK
1380,1712699662.0256078,19039427.78970503,1551.0,-7.084692409583785e-09,1627.0,ASK
1381,1712699662.0821283,19039542.58970503,1550.0,-3.498487106833793e-09,1627.0,ASK
1382,1712699670.1553552,19039542.58970503,1550.0,-0.0,1627.0,ASK
1383,1712699700.182436,19039542.58970503,1550.0,-0.0,1627.0,ASK
1384,1712699730.1942067,19039542.58970503,1550.0,-0.0,1627.0,ASK
1385,1712699760.1820788,19039542.58970503,1550.0,-0.0,1627.0,ASK
1386,1712699765.5598643,19040664.09975172,1550.0,-3.4218653921104445e-08,1627.0,ASK
1387,1712699788.8718755,19040748.69975171,1550.0,-2.5812502794297234e-09,1627.0,ASK
1388,1712699790.1614375,19040748.69975171,1550.0,-0.0,1627.0,ASK
1389,1712699820.2377503,19040748.69975171,1550.0,-0.0,1627.0,ASK
1390,1712699827.0714006,19040995.74917771,1550.0,-7.537352576082896e-09,1627.0,ASK
1391,1712699833.1915755,19041057.44917771,1550.0,-1.882435678833088e-09,1627.0,ASK
1392,1712699837.3015826,19042065.93309601,1550.0,-3.0768332404595665e-08,1627.0,ASK
1393,1712699837.3613536,19042736.39905987,1550.0,2.0455576204649065e-08,1627.0,BID
1394,1712699850.231262,19042736.39905987,1550.0,0.0,1627.0,BID
1395,1712699868.101318,19045546.56711408,1549.0,-8.572874248419728e-08,1627.0,ASK
1396,1712699875.2210734,19045578.82517859,1550.0,-9.84084671070708e-10,1627.0,ASK
1397,1712699876.8712368,19047836.88969472,1549.0,-6.888592699142825e-08,1627.0,ASK
1398,1712699878.9311483,19047843.34130762,1550.0,1.9681693419141238e-10,1627.0,BID
1399,1712699880.1593854,19047843.34130762,1550.0,0.0,1627.0,BID
1400,1712699908.5441484,19048843.34130762,1549.0,-3.04992644680947e-08,1627.0,ASK
1401,1712699908.847644,19049285.85362093,1550.0,1.3496300074031808e-08,1627.0,BID
1402,1712699908.8517628,19050133.66388827,1550.0,2.5857589562267065e-08,1627.0,BID
1403,1712699910.1866827,19050133.66388827,1550.0,0.0,1627.0,BID
1404,1712699931.520919,19050165.92195278,1550.0,9.837407588267223e-10,1627.0,BID
1405,1712699940.2307568,19050165.92195278,1550.0,0.0,1627.0,BID
1406,1712699940.451091,19050169.42195278,1550.0,1.0673570959540556e-10,1627.0,BID
1407,1712699940.5933566,19050286.28842528,1549.0,-3.563950248668295e-09,1627.0,ASK
1408,1712699953.3208797,19051652.69592247,1550.0,-4.1669849659728654e-08,1627.0,ASK
1409,1712699960.5861182,19051730.07658697,1550.0,-2.3597943240333794e-09,1627.0,ASK
1410,1712699960.5904417,19052342.9583183,1549.0,-1.8690390426203483e-08,1627.0,ASK
1411,1712699960.5937364,19052636.87591727,1549.0,-8.963286711047375e-09,1627.0,ASK
1412,1712699960.59561,19053024.9395716,1550.0,-1.1834357003731144e-08,1627.0,ASK
1413,1712699960.5974836,19053295.61844999,1549.0,-8.254600616391517e-09,1627.0,ASK
1414,1712699970.2406976,19053295.61844999,1549.0,-0.0,1627.0,ASK
1415,1712699973.5912402,19053353.57080027,1553.0,1.767048724286845e-09,1627.0,BID
1416,1712699973.5949333,19053372.91316004,1551.0,5.897757725200294e-10,1627.0,BID
1417,1712700000.194747,19053372.91316004,1551.0,0.0,1627.0,BID
1418,1712700024.7304237,19054017.65848564,1551.0,-1.970004174852336e-08,1627.0,ASK
1419,1712700026.281453,19054021.52945338,1550.0,-1.1827650860665558e-10,1627.0,ASK
1420,1712700026.2856631,19054025.52945338,1550.0,-1.2221905900736948e-10,1627.0,ASK
1421,1712700026.289003,19054569.07347166,1549.0,-1.6607859610923033e-08,1627.0,ASK
1422,1712700026.2931745,19055536.19146005,1551.0,-2.9550062622500467e-08,1627.0,ASK
1423,1712700026.295919,19056711.19146005,1550.0,-3.5901848583414785e-08,1627.0,ASK
1424,1712700026.297855,19057355.93678564,1551.0,-1.970004174818188e-08,1627.0,ASK
1425,1712700030.1647682,19057355.93678564,1551.0,-0.0,1627.0,ASK
1426,1712700060.226835,19057355.93678564,1551.0,-0.0,1627.0,ASK
1427,1712700078.200707,19057362.38423889,1551.0,-1.969632528135172e-10,1627.0,ASK
1428,1712700078.2062838,19057381.25464507,1551.0,-5.764720482154267e-10,1627.0,ASK
1429,1712700086.9305987,19059171.25464507,1549.0,-5.4682710940746106e-08,1627.0,ASK
1430,1712700086.9357114,19062463.64457405,1549.0,-1.0057922167079768e-07,1627.0,ASK
1431,1712700090.235793,19062463.64457405,1549.0,-0.0,1627.0,ASK
1432,1712700102.7202632,19062673.66086005,1551.0,6.4142373081226315e-09,1627.0,BID
1433,1712700120.1542718,19062673.66086005,1551.0,0.0,1627.0,BID
1434,1712700139.3705697,19062894.02734553,1551.0,6.7302821970353015e-09,1627.0,BID
1435,1712700139.3752258,19063488.08800382,1551.0,1.8143393555249865e-08,1627.0,BID
1436,1712700150.1431286,19063488.08800382,1551.0,0.0,1627.0,BID
1437,1712700171.9201863,19064098.80657248,1551.0,1.865142848429242e-08,1627.0,BID
1438,1712700176.5398712,19064556.76917725,1551.0,1.3986240487463849e-08,1627.0,BID
1439,1712700180.2360995,19064556.76917725,1551.0,0.0,1627.0,BID
1440,1712700190.5100873,19064660.76917725,1551.0,3.17601342881022e-09,1627.0,BID
1441,1712700190.514464,19065047.28858478,1551.0,1.1803757969318203e-08,1627.0,BID
1442,1712700210.2329082,19065047.28858478,1551.0,0.0,1627.0,BID
1443,1712700219.656241,19065050.50608799,1554.0,9.825573060514339e-11,1627.0,BID
1444,1712700231.8300066,19065061.56573705,1554.0,3.377382486638386e-10,1627.0,BID
1445,1712700231.8352218,19065095.9243634,1554.0,1.049239648181018e-09,1627.0,BID
1446,1712700240.164161,19065095.9243634,1554.0,0.0,1627.0,BID
1447,1712700265.809983,19065295.9243634,1552.0,-6.1075621346113985e-09,1627.0,ASK
1448,1712700265.8193514,19065390.35735309,1552.0,-2.88377676045779e-09,1627.0,ASK
1449,1712700270.147776,19065390.35735309,1552.0,-0.0,1627.0,ASK
1450,1712700300.2296169,19065390.35735309,1552.0,-0.0,1627.0,ASK
1451,1712700304.6596646,19065400.35735309,1552.0,-3.0568851978822846e-10,1627.0,ASK
1452,1712700315.820043,19065756.90973479,1551.0,-1.0899396978824194e-08,1627.0,ASK
1453,1712700315.825148,19065766.39032726,1551.0,-2.89810827905806e-10,1627.0,ASK
1454,1712700325.0745444,19065916.96872826,1551.0,-4.603008851355665e-09,1627.0,ASK
1455,1712700330.2297475,19065916.96872826,1551.0,-0.0,1627.0,ASK
1456,1712700332.1266596,19068677.1980943,1551.0,-8.43749362315068e-08,1627.0,ASK
1457,1712700332.1302364,19068777.67461297,1551.0,-3.071375139941155e-09,1627.0,ASK
1458,1712700360.159366,19068777.67461297,1551.0,-0.0,1627.0,ASK
1459,1712700367.219233,19068842.14914552,1551.0,1.9705959627549672e-09,1627.0,BID
1460,1712700390.1428907,19068842.14914552,1551.0,0.0,1627.0,BID
1461,1712700402.1493118,19068852.16475638,1550.0,-3.0611562765364403e-10,1627.0,ASK
1462,1712700404.3393073,19069079.42936061,1551.0,6.946081267330037e-09,1627.0,BID
1463,1712700404.4992845,19070089.26663183,1551.0,-3.0864514852462266e-08,1627.0,ASK
1464,1712700404.57946,19070853.13139105,1551.0,-2.3346647898674826e-08,1627.0,ASK
1465,1712700419.6993372,19070873.13139105,1551.0,6.11276999414853e-10,1627.0,BID
1466,1712700420.2295077,19070873.13139105,1551.0,0.0,1627.0,BID
1467,1712700428.3093212,19070893.20903855,1551.0,6.135911309548174e-10,1627.0,BID
1468,1712700428.312961,19070937.57731736,1552.0,1.355934871129934e-09,1627.0,BID
1469,1712700450.243981,19070937.57731736,1552.0,0.0,1627.0,BID
1470,1712700459.2193,19070957.57731736,1551.0,-6.112162849540037e-10,1627.0,ASK
1471,1712700480.154359,19070957.57731736,1551.0,-0.0,1627.0,ASK
1472,1712700494.3592384,19071078.79542017,1550.0,-3.7045204115335196e-09,1627.0,ASK
1473,1712700494.362976,19071143.26995272,1551.0,-1.9703923449920982e-09,1627.0,ASK
1474,1712700510.1594462,19071143.26995272,1551.0,-0.0,1627.0,ASK
1475,1712700540.232607,19071143.26995272,1551.0,-0.0,1627.0,ASK
1476,1712700546.199096,19071465.11273622,1552.0,9.83568166416678e-09,1627.0,BID
1477,1712700564.169233,19071561.71392016,1552.0,2.9521820662578522e-09,1627.0,BID
1478,1712700564.6391294,19071685.2655464,1552.0,3.775801500189396e-09,1627.0,BID
1479,1712700566.119378,19071688.5655464,1552.0,1.0084970414989074e-10,1627.0,BID
1480,1712700570.2443326,19071688.5655464,1552.0,0.0,1627.0,BID
1481,1712700582.4791632,19071785.21503093,1552.0,2.953581767790361e-09,1627.0,BID
1482,1712700600.1725986,19071785.21503093,1552.0,0.0,1627.0,BID
