,time,acc_trade_volume,trade_price,dev,high,ask_bid
0,1712689619.1144743,28998683.28211246,142.7,0.0,150.4,BID
1,1712689620.241964,28998683.28211246,142.7,0.0,150.4,BID
2,1712689645.6719062,28998758.77198881,142.1,-1.51515784035169e-08,150.4,ASK
3,1712689650.2536669,28998758.77198881,142.1,-0.0,150.4,ASK
4,1712689680.2534304,28998758.77198881,142.1,-0.0,150.4,ASK
5,1712689710.2432065,28998758.77198881,142.1,-0.0,150.4,ASK
6,1712689740.3521974,28998758.77198881,142.1,-0.0,150.4,ASK
7,1712689759.9822989,29002759.61958556,142.1,-8.03008674271264e-07,150.4,ASK
8,1712689770.3622396,29002759.61958556,142.1,-0.0,150.4,ASK
9,1712689800.2526448,29002759.61958556,142.1,-0.0,150.4,ASK
10,1712689817.3022163,29002924.88608556,142.1,3.31871182166073e-08,150.4,BID
11,1712689817.3031468,29003274.6026849,142.1,7.022648948614467e-08,150.4,BID
12,1712689830.2520604,29003274.6026849,142.1,0.0,150.4,BID
13,1712689860.3622088,29003274.6026849,142.1,0.0,150.4,BID
14,1712689890.354175,29003274.6026849,142.1,0.0,150.4,BID
15,1712689920.2334812,29003274.6026849,142.1,0.0,150.4,BID
16,1712689950.2436984,29003274.6026849,142.1,0.0,150.4,BID
17,1712689980.3558664,29003274.6026849,142.1,0.0,150.4,BID
18,1712690010.3638518,29003274.6026849,142.1,0.0,150.4,BID
19,1712690040.233914,29003274.6026849,142.1,0.0,150.4,BID
20,1712690070.232174,29003274.6026849,142.1,0.0,150.4,BID
21,1712690100.2803326,29003274.6026849,142.1,0.0,150.4,BID
22,1712690130.2232158,29003274.6026849,142.1,0.0,150.4,BID
23,1712690160.3627405,29003274.6026849,142.1,0.0,150.4,BID
24,1712690190.4022012,29003274.6026849,142.1,0.0,150.4,BID
25,1712690220.2348375,29003274.6026849,142.1,0.0,150.4,BID
26,1712690245.7030983,29003626.46756878,142.2,-7.068643367857246e-08,150.4,ASK
27,1712690250.28241,29003626.46756878,142.2,-0.0,150.4,ASK
28,1712690280.3523166,29003626.46756878,142.2,-0.0,150.4,ASK
29,1712690310.3722084,29003626.46756878,142.2,-0.0,150.4,ASK
30,1712690340.2340136,29003626.46756878,142.2,-0.0,150.4,ASK
31,1712690365.8324125,29003675.80326878,142.6,9.910990815957014e-09,150.4,BID
32,1712690365.8341415,29004327.72984086,142.6,1.309647632212121e-07,150.4,BID
33,1712690370.2659566,29004327.72984086,142.6,0.0,150.4,BID
34,1712690393.0722735,29004377.62053034,142.2,-1.002228066485142e-08,150.4,ASK
35,1712690400.2641983,29004377.62053034,142.2,-0.0,150.4,ASK
36,1712690430.24393,29004377.62053034,142.2,-0.0,150.4,ASK
37,1712690460.362103,29004377.62053034,142.2,-0.0,150.4,ASK
38,1712690490.3638072,29004377.62053034,142.2,-0.0,150.4,ASK
39,1712690520.2424457,29004377.62053034,142.2,-0.0,150.4,ASK
40,1712690550.2522645,29004377.62053034,142.2,-0.0,150.4,ASK
41,1712690580.3443992,29004377.62053034,142.2,-0.0,150.4,ASK
42,1712690610.3520904,29004377.62053034,142.2,-0.0,150.4,ASK
43,1712690640.232792,29004377.62053034,142.2,-0.0,150.4,ASK
44,1712690670.2352898,29004377.62053034,142.2,-0.0,150.4,ASK
45,1712690700.3535883,29004377.62053034,142.2,-0.0,150.4,ASK
46,1712690730.3642292,29004377.62053034,142.2,-0.0,150.4,ASK
47,1712690760.2139523,29004377.62053034,142.2,-0.0,150.4,ASK
48,1712690790.2372055,29004377.62053034,142.2,-0.0,150.4,ASK
49,1712690820.3638902,29004377.62053034,142.2,-0.0,150.4,ASK
50,1712690850.3718193,29004377.62053034,142.2,-0.0,150.4,ASK
51,1712690880.2566402,29004377.62053034,142.2,-0.0,150.4,ASK
52,1712690882.2317927,29004697.27258322,142.2,-6.421459394528235e-08,150.4,ASK
53,1712690910.235207,29004697.27258322,142.2,-0.0,150.4,ASK
54,1712690940.3537009,29004697.27258322,142.2,-0.0,150.4,ASK
55,1712690961.6822789,29006085.56959833,142.2,-2.788911075591558e-07,150.4,ASK
56,1712690961.684625,29006156.13921858,142.2,-1.4176533794880922e-08,150.4,ASK
57,1712690961.7617126,29009527.58619218,142.2,6.7728056050806e-07,150.4,BID
58,1712690970.3540146,29009527.58619218,142.2,0.0,150.4,BID
59,1712691000.3116877,29009527.58619218,142.2,0.0,150.4,BID
60,1712691010.0718815,29009595.89351665,142.4,-1.3721355033304545e-08,150.4,ASK
61,1712691012.881899,29009664.2969133,142.2,-1.3740653703382837e-08,150.4,ASK
62,1712691012.9615655,29010078.92487754,142.2,8.328912819066591e-08,150.4,BID
63,1712691030.231652,29010078.92487754,142.2,0.0,150.4,BID
64,1712691060.3516648,29010078.92487754,142.2,0.0,150.4,BID
65,1712691090.3740375,29010078.92487754,142.2,0.0,150.4,BID
66,1712691120.2542198,29010078.92487754,142.2,0.0,150.4,BID
67,1712691150.233598,29010078.92487754,142.2,0.0,150.4,BID
68,1712691150.6240606,29010280.81551451,142.2,-4.055450121649383e-08,150.4,ASK
69,1712691180.3338237,29010280.81551451,142.2,-0.0,150.4,ASK
70,1712691210.3571072,29010280.81551451,142.2,-0.0,150.4,ASK
71,1712691240.2366042,29010280.81551451,142.2,-0.0,150.4,ASK
72,1712691270.2336962,29010280.81551451,142.2,-0.0,150.4,ASK
73,1712691300.357104,29010280.81551451,142.2,-0.0,150.4,ASK
74,1712691330.3537908,29010280.81551451,142.2,-0.0,150.4,ASK
75,1712691360.261689,29010280.81551451,142.2,-0.0,150.4,ASK
76,1712691390.261492,29010280.81551451,142.2,-0.0,150.4,ASK
77,1712691420.344241,29010280.81551451,142.2,-0.0,150.4,ASK
78,1712691450.3642156,29010280.81551451,142.2,-0.0,150.4,ASK
79,1712691480.2315269,29010280.81551451,142.2,-0.0,150.4,ASK
80,1712691510.2357297,29010280.81551451,142.2,-0.0,150.4,ASK
81,1712691540.3513644,29010280.81551451,142.2,-0.0,150.4,ASK
82,1712691570.3515253,29010280.81551451,142.2,-0.0,150.4,ASK
83,1712691600.2453685,29010280.81551451,142.2,-0.0,150.4,ASK
84,1712691630.2415166,29010280.81551451,142.2,-0.0,150.4,ASK
85,1712691660.351955,29010280.81551451,142.2,-0.0,150.4,ASK
86,1712691690.3643162,29010280.81551451,142.2,-0.0,150.4,ASK
87,1712691720.2519844,29010280.81551451,142.2,-0.0,150.4,ASK
88,1712691750.2314546,29010280.81551451,142.2,-0.0,150.4,ASK
89,1712691780.3545127,29010280.81551451,142.2,-0.0,150.4,ASK
90,1712691808.011572,29010350.94174171,142.6,1.40927259499562e-08,150.4,BID
91,1712691810.4016857,29010350.94174171,142.6,0.0,150.4,BID
92,1712691840.2260084,29010350.94174171,142.6,0.0,150.4,BID
93,1712691870.234391,29010350.94174171,142.6,0.0,150.4,BID
94,1712691900.2772446,29010350.94174171,142.6,0.0,150.4,BID
95,1712691930.2411473,29010350.94174171,142.6,0.0,150.4,BID
96,1712691960.341471,29010350.94174171,142.6,0.0,150.4,BID
97,1712691990.3545926,29010350.94174171,142.6,0.0,150.4,BID
98,1712692020.2313137,29010350.94174171,142.6,0.0,150.4,BID
99,1712692050.2312455,29010350.94174171,142.6,0.0,150.4,BID
100,1712692080.3439343,29010350.94174171,142.6,0.0,150.4,BID
101,1712692110.3513043,29010350.94174171,142.6,0.0,150.4,BID
102,1712692140.2443385,29010350.94174171,142.6,0.0,150.4,BID
103,1712692170.2313085,29010350.94174171,142.6,0.0,150.4,BID
104,1712692200.2612193,29010350.94174171,142.6,0.0,150.4,BID
105,1712692230.2515197,29010350.94174171,142.6,0.0,150.4,BID
106,1712692260.3438728,29010350.94174171,142.6,0.0,150.4,BID
107,1712692290.3613317,29010350.94174171,142.6,0.0,150.4,BID
108,1712692320.2438676,29010350.94174171,142.6,0.0,150.4,BID
109,1712692350.2413032,29010350.94174171,142.6,0.0,150.4,BID
110,1712692380.343987,29010350.94174171,142.6,0.0,150.4,BID
111,1712692410.3513217,29010350.94174171,142.6,0.0,150.4,BID
112,1712692440.215021,29010350.94174171,142.6,0.0,150.4,BID
113,1712692470.2368932,29010350.94174171,142.6,0.0,150.4,BID
114,1712692500.348099,29010350.94174171,142.6,0.0,150.4,BID
115,1712692530.361303,29010350.94174171,142.6,0.0,150.4,BID
116,1712692560.2442994,29010350.94174171,142.6,0.0,150.4,BID
117,1712692590.224031,29010350.94174171,142.6,0.0,150.4,BID
118,1712692620.352905,29010350.94174171,142.6,0.0,150.4,BID
119,1712692650.3609214,29010350.94174171,142.6,0.0,150.4,BID
120,1712692680.2842145,29010350.94174171,142.6,0.0,150.4,BID
121,1712692710.2428403,29010350.94174171,142.6,0.0,150.4,BID
122,1712692740.3391922,29010350.94174171,142.6,0.0,150.4,BID
123,1712692770.341335,29010350.94174171,142.6,0.0,150.4,BID
124,1712692772.208577,29010685.75022176,142.6,6.738197061845135e-08,150.4,BID
125,1712692772.3886948,29020869.87582305,142.6,-2.049608934449695e-06,150.4,ASK
126,1712692800.3279064,29020869.87582305,142.6,-0.0,150.4,ASK
127,1712692830.227515,29020869.87582305,142.6,-0.0,150.4,ASK
128,1712692843.1176577,29020910.22552042,142.2,-8.120632318861724e-09,150.4,ASK
129,1712692860.3469732,29020910.22552042,142.2,-0.0,150.4,ASK
130,1712692890.3464684,29020910.22552042,142.2,-0.0,150.4,ASK
131,1712692900.056439,29021340.83712421,142.7,8.666321426280565e-08,150.4,BID
132,1712692920.23603,29021340.83712421,142.7,0.0,150.4,BID
133,1712692950.2356343,29021340.83712421,142.7,0.0,150.4,BID
134,1712692980.355276,29021340.83712421,142.7,0.0,150.4,BID
135,1712693010.3381507,29021340.83712421,142.7,0.0,150.4,BID
136,1712693040.214435,29021340.83712421,142.7,0.0,150.4,BID
137,1712693070.2373788,29021340.83712421,142.7,0.0,150.4,BID
138,1712693100.3436046,29021340.83712421,142.7,0.0,150.4,BID
139,1712693130.3664274,29021340.83712421,142.7,0.0,150.4,BID
140,1712693160.2331443,29021340.83712421,142.7,0.0,150.4,BID
141,1712693190.2247732,29021340.83712421,142.7,0.0,150.4,BID
142,1712693220.3652294,29021340.83712421,142.7,0.0,150.4,BID
143,1712693250.3455997,29021340.83712421,142.7,0.0,150.4,BID
144,1712693280.2317016,29021340.83712421,142.7,0.0,150.4,BID
145,1712693310.2347622,29021340.83712421,142.7,0.0,150.4,BID
146,1712693340.3425212,29021340.83712421,142.7,0.0,150.4,BID
147,1712693370.3410616,29021340.83712421,142.7,0.0,150.4,BID
148,1712693400.252038,29021340.83712421,142.7,0.0,150.4,BID
149,1712693430.230689,29021340.83712421,142.7,0.0,150.4,BID
150,1712693460.343462,29021340.83712421,142.7,0.0,150.4,BID
151,1712693490.3431296,29021340.83712421,142.7,0.0,150.4,BID
152,1712693520.220004,29021340.83712421,142.7,0.0,150.4,BID
153,1712693550.2378714,29021340.83712421,142.7,0.0,150.4,BID
154,1712693580.3327186,29021340.83712421,142.7,0.0,150.4,BID
155,1712693610.263439,29028345.04350034,142.7,1.4103542088468851e-06,150.4,BID
156,1712693610.341004,29028345.04350034,142.7,0.0,150.4,BID
157,1712693640.2515068,29028345.04350034,142.7,0.0,150.4,BID
158,1712693663.1511867,29035352.75197966,142.7,1.410775456745302e-06,150.4,BID
159,1712693670.225467,29035352.75197966,142.7,0.0,150.4,BID
160,1712693700.241141,29035352.75197966,142.7,0.0,150.4,BID
161,1712693708.4987822,29037403.67466127,142.7,4.130210438136221e-07,150.4,BID
162,1712693730.2246652,29037403.67466127,142.7,0.0,150.4,BID
163,1712693760.3384068,29037403.67466127,142.7,0.0,150.4,BID
164,1712693790.3385072,29037403.67466127,142.7,0.0,150.4,BID
165,1712693820.231033,29037403.67466127,142.7,0.0,150.4,BID
166,1712693837.3279686,29040907.52890093,142.7,7.055752321841978e-07,150.4,BID
167,1712693850.2336442,29040907.52890093,142.7,0.0,150.4,BID
168,1712693855.2679746,29041257.91432489,142.3,-7.055041980733467e-08,150.4,ASK
169,1712693880.3376577,29041257.91432489,142.3,-0.0,150.4,ASK
170,1712693907.2080038,29041327.99140968,142.7,1.4109942306874038e-08,150.4,BID
171,1712693910.3375552,29041327.99140968,142.7,0.0,150.4,BID
172,1712693940.2391164,29041327.99140968,142.7,0.0,150.4,BID
173,1712693962.4472992,29042275.49984974,142.7,1.907793759619617e-07,150.4,BID
174,1712693966.2973542,29042312.25656774,142.9,7.400908979487225e-09,150.4,BID
175,1712693966.3072476,29042485.31576352,143.0,3.4845204516808614e-08,150.4,BID
176,1712693970.2273254,29042485.31576352,143.0,0.0,150.4,BID
177,1712694000.277126,29042485.31576352,143.0,0.0,150.4,BID
178,1712694030.220711,29042485.31576352,143.0,0.0,150.4,BID
179,1712694060.337044,29042485.31576352,143.0,0.0,150.4,BID
180,1712694090.337813,29042485.31576352,143.0,0.0,150.4,BID
181,1712694120.2264855,29042485.31576352,143.0,0.0,150.4,BID
182,1712694124.0965111,29042554.54653275,143.0,1.3955634155044416e-08,150.4,BID
183,1712694146.6965702,29042624.47660268,143.0,1.4096600156534668e-08,150.4,BID
184,1712694150.2595315,29042624.47660268,143.0,0.0,150.4,BID
185,1712694155.99634,29042974.86202664,142.7,-7.063089474324841e-08,150.4,ASK
186,1712694180.3413205,29042974.86202664,142.7,-0.0,150.4,ASK
187,1712694210.346322,29042974.86202664,142.7,-0.0,150.4,ASK
188,1712694224.426304,29046161.59402006,143.0,6.423767886153402e-07,150.4,BID
189,1712694224.4367378,29049967.86901964,143.0,7.672633644318408e-07,150.4,BID
190,1712694240.21959,29049967.86901964,143.0,0.0,150.4,BID
191,1712694270.2159555,29049967.86901964,143.0,0.0,150.4,BID
192,1712694300.33584,29049967.86901964,143.0,0.0,150.4,BID
193,1712694330.3254392,29049967.86901964,143.0,0.0,150.4,BID
194,1712694345.7054396,29050387.44943922,143.0,8.458537749656662e-08,150.4,BID
195,1712694360.2354257,29050387.44943922,143.0,0.0,150.4,BID
196,1712694390.2301812,29050387.44943922,143.0,0.0,150.4,BID
197,1712694420.3553028,29050387.44943922,143.0,0.0,150.4,BID
198,1712694450.3525562,29050387.44943922,143.0,0.0,150.4,BID
199,1712694458.2551594,29050457.13585036,142.7,-1.4048272561708253e-08,150.4,ASK
200,1712694480.2088194,29050457.13585036,142.7,-0.0,150.4,ASK
201,1712694510.2022023,29050457.13585036,142.7,-0.0,150.4,ASK
202,1712694510.8652737,29050553.72519864,142.7,-1.94716695676865e-08,150.4,ASK
203,1712694510.8750262,29052689.99916314,142.7,-4.3065639723573814e-07,150.4,ASK
204,1712694510.9653215,29054215.49100245,142.7,3.0752741944545135e-07,150.4,BID
205,1712694540.2419124,29054215.49100245,142.7,0.0,150.4,BID
206,1712694570.2545006,29054215.49100245,142.7,0.0,150.4,BID
207,1712694600.4366891,29054215.49100245,142.7,0.0,150.4,BID
208,1712694600.7946975,29054495.21128217,143.0,5.6421712412505126e-08,150.4,BID
209,1712694621.124508,29054563.51860664,142.3,-1.377810797531346e-08,150.4,ASK
210,1712694627.0143034,29054631.92200329,142.3,-1.3797486466684994e-08,150.4,ASK
211,1712694630.3276618,29054631.92200329,142.3,-0.0,150.4,ASK
212,1712694660.2145865,29054631.92200329,142.3,-0.0,150.4,ASK
213,1712694686.7442062,29054692.14087781,142.4,1.2146460306847212e-08,150.4,BID
214,1712694687.32413,29054727.13038095,142.9,7.057564832743958e-09,150.4,BID
215,1712694690.2779534,29054727.13038095,142.9,0.0,150.4,BID
216,1712694720.327754,29054727.13038095,142.9,0.0,150.4,BID
217,1712694750.334722,29054727.13038095,142.9,0.0,150.4,BID
218,1712694780.2503517,29054727.13038095,142.9,0.0,150.4,BID
219,1712694810.2053013,29054727.13038095,142.9,0.0,150.4,BID
220,1712694840.3457649,29054727.13038095,142.9,0.0,150.4,BID
221,1712694870.3320775,29054727.13038095,142.9,0.0,150.4,BID
222,1712694894.4762514,29055027.13038095,142.6,-6.05113951978149e-08,150.4,ASK
223,1712694894.4789732,29061518.85390263,142.5,-1.309410825117691e-06,150.4,ASK
224,1712694900.229129,29061518.85390263,142.5,-0.0,150.4,ASK
225,1712694930.220388,29061518.85390263,142.5,-0.0,150.4,ASK
226,1712694960.336427,29061518.85390263,142.5,-0.0,150.4,ASK
227,1712694977.6466634,29062044.67424059,142.5,-1.0888817649817384e-07,150.4,ASK
228,1712694983.006649,29062686.13709187,142.5,1.3283571426431574e-07,150.4,BID
229,1712694990.3389657,29062686.13709187,142.5,0.0,150.4,BID
230,1712695020.2010894,29062686.13709187,142.5,0.0,150.4,BID
231,1712695050.2369494,29062686.13709187,142.5,0.0,150.4,BID
232,1712695080.3471005,29062686.13709187,142.5,0.0,150.4,BID
233,1712695110.337271,29062686.13709187,142.5,0.0,150.4,BID
234,1712695140.2333426,29062686.13709187,142.5,0.0,150.4,BID
235,1712695170.2130537,29062686.13709187,142.5,0.0,150.4,BID
236,1712695197.5276682,29062953.47157229,142.3,-5.535837875262244e-08,150.4,ASK
237,1712695200.258019,29062953.47157229,142.3,-0.0,150.4,ASK
238,1712695200.7774704,29063087.1388125,142.3,-2.772857221714775e-08,150.4,ASK
239,1712695203.468185,29063153.97243261,142.3,-1.3864286109346669e-08,150.4,ASK
240,1712695230.2245388,29063153.97243261,142.3,-0.0,150.4,ASK
241,1712695260.3275845,29063153.97243261,142.3,-0.0,150.4,ASK
242,1712695290.3324945,29063153.97243261,142.3,-0.0,150.4,ASK
243,1712695320.2251594,29063153.97243261,142.3,-0.0,150.4,ASK
244,1712695350.2279348,29063153.97243261,142.3,-0.0,150.4,ASK
245,1712695380.3281147,29063153.97243261,142.3,-0.0,150.4,ASK
246,1712695410.3380454,29063153.97243261,142.3,-0.0,150.4,ASK
247,1712695440.2261798,29063153.97243261,142.3,-0.0,150.4,ASK
248,1712695470.2325492,29063153.97243261,142.3,-0.0,150.4,ASK
249,1712695500.2382202,29063153.97243261,142.3,-0.0,150.4,ASK
250,1712695530.2329345,29063153.97243261,142.3,-0.0,150.4,ASK
251,1712695560.3380332,29063153.97243261,142.3,-0.0,150.4,ASK
252,1712695590.3323755,29063153.97243261,142.3,-0.0,150.4,ASK
253,1712695590.755201,29065232.03365622,142.5,4.311336863920899e-07,150.4,BID
254,1712695590.7578733,29073931.87357672,142.5,1.8049487730816032e-06,150.4,BID
255,1712695590.828109,29083039.32082232,142.5,1.8895147361415104e-06,150.4,BID
256,1712695620.215974,29083039.32082232,142.5,0.0,150.4,BID
257,1712695650.2235622,29083039.32082232,142.5,0.0,150.4,BID
258,1712695680.3687062,29083039.32082232,142.5,0.0,150.4,BID
259,1712695710.328133,29083039.32082232,142.5,0.0,150.4,BID
260,1712695740.2183468,29083039.32082232,142.5,0.0,150.4,BID
261,1712695742.278655,29083087.65620661,142.8,-1.0022211169048862e-08,150.4,ASK
262,1712695742.280318,29083128.65165797,142.9,-8.500295932307977e-09,150.4,ASK
263,1712695770.2283363,29083128.65165797,142.9,-0.0,150.4,ASK
264,1712695800.272348,29083128.65165797,142.9,-0.0,150.4,ASK
265,1712695830.2181509,29083128.65165797,142.9,-0.0,150.4,ASK
266,1712695860.3382046,29083128.65165797,142.9,-0.0,150.4,ASK
267,1712695890.338343,29083128.65165797,142.9,-0.0,150.4,ASK
268,1712695920.220291,29083128.65165797,142.9,-0.0,150.4,ASK
269,1712695950.222088,29083128.65165797,142.9,-0.0,150.4,ASK
270,1712695980.3525207,29083128.65165797,142.9,-0.0,150.4,ASK
271,1712695982.2979765,29090126.55228778,142.9,1.4529996318099542e-06,150.4,BID
272,1712696010.3380198,29090126.55228778,142.9,0.0,150.4,BID
273,1712696040.2612135,29090126.55228778,142.9,0.0,150.4,BID
274,1712696053.2179775,29094128.65165797,142.9,8.307979878156841e-07,150.4,BID
275,1712696053.338873,29095381.31745797,142.9,-2.600415756287422e-07,150.4,ASK
276,1712696053.347684,29095724.87279163,142.9,-7.131883881579057e-08,150.4,ASK
277,1712696070.2179744,29095724.87279163,142.9,-0.0,150.4,ASK
278,1712696100.3347204,29095724.87279163,142.9,-0.0,150.4,ASK
279,1712696130.3379962,29095724.87279163,142.9,-0.0,150.4,ASK
280,1712696140.9682093,29095983.66032835,142.7,-5.383508605955994e-08,150.4,ASK
281,1712696140.9777944,29096193.89158272,142.7,-4.373401368064202e-08,150.4,ASK
282,1712696160.2115684,29096193.89158272,142.7,-0.0,150.4,ASK
283,1712696190.2175431,29096193.89158272,142.7,-0.0,150.4,ASK
284,1712696220.3333502,29096193.89158272,142.7,-0.0,150.4,ASK
285,1712696250.3431046,29096193.89158272,142.7,-0.0,150.4,ASK
286,1712696264.9979317,29098681.32287685,143.0,5.174484639029532e-07,150.4,BID
287,1712696265.0015757,29099152.0011919,143.4,9.791296414515413e-08,150.4,BID
288,1712696265.0043912,29101324.58176764,143.4,4.519515711958464e-07,150.4,BID
289,1712696280.2174911,29101324.58176764,143.4,0.0,150.4,BID
290,1712696286.1076148,29101426.02145225,143.4,2.1098788733894854e-08,150.4,BID
291,1712696286.11075,29101975.69611333,143.4,1.1432872244177248e-07,150.4,BID
292,1712696286.2276545,29122071.9686065,143.4,-4.179892803284868e-06,150.4,ASK
293,1712696286.2298386,29122414.2188065,143.4,-7.118579569357515e-08,150.4,ASK
294,1712696286.247302,29127004.94242413,143.4,-9.548403873262214e-07,150.4,ASK
295,1712696310.2174838,29127004.94242413,143.4,-0.0,150.4,ASK
296,1712696340.3524368,29127004.94242413,143.4,-0.0,150.4,ASK
297,1712696370.3473954,29127004.94242413,143.4,-0.0,150.4,ASK
298,1712696392.7244828,29127353.61745899,143.4,7.246661344757968e-08,150.4,BID
299,1712696400.3473938,29127353.61745899,143.4,0.0,150.4,BID
300,1712696430.2227502,29127353.61745899,143.4,0.0,150.4,BID
301,1712696460.337229,29127353.61745899,143.4,0.0,150.4,BID
302,1712696490.342127,29127353.61745899,143.4,0.0,150.4,BID
303,1712696520.2176309,29127353.61745899,143.4,0.0,150.4,BID
304,1712696550.2170448,29127353.61745899,143.4,0.0,150.4,BID
305,1712696580.3213556,29127353.61745899,143.4,0.0,150.4,BID
306,1712696610.33714,29127353.61745899,143.4,0.0,150.4,BID
307,1712696640.2077796,29127353.61745899,143.4,0.0,150.4,BID
308,1712696669.4371853,29141300.6188537,143.4,2.907234660809756e-06,150.4,BID
309,1712696669.4404774,29142434.1387537,143.4,2.362807781214308e-07,150.4,BID
310,1712696669.526779,29149388.94568051,143.4,-1.4497206377660486e-06,150.4,ASK
311,1712696670.2072797,29149388.94568051,143.4,-0.0,150.4,ASK
312,1712696700.3371706,29149388.94568051,143.4,-0.0,150.4,ASK
313,1712696730.14706,29149617.4188565,143.0,-4.765004015696745e-08,150.4,ASK
314,1712696730.1486783,29150975.75153734,142.9,-2.832919291628638e-07,150.4,ASK
315,1712696730.3468933,29150975.75153734,142.9,-0.0,150.4,ASK
316,1712696735.2171054,29152617.4188565,142.9,-3.423676050149214e-07,150.4,ASK
317,1712696760.2327874,29152617.4188565,142.9,-0.0,150.4,ASK
318,1712696790.237012,29152617.4188565,142.9,-0.0,150.4,ASK
319,1712696805.409127,29155721.02818921,142.9,6.472220641162396e-07,150.4,BID
320,1712696805.412495,29157209.98998921,142.9,3.105058743803852e-07,150.4,BID
321,1712696805.4157045,29157718.96189358,142.9,1.0614024228262997e-07,150.4,BID
322,1712696820.3352468,29157718.96189358,142.9,0.0,150.4,BID
323,1712696833.3497148,29157788.94089987,142.9,1.4591099426048156e-08,150.4,BID
324,1712696847.500029,29158137.61593473,142.7,-7.270111953123563e-08,150.4,ASK
325,1712696850.3300338,29158137.61593473,142.7,-0.0,150.4,ASK
326,1712696880.2263818,29158137.61593473,142.7,-0.0,150.4,ASK
327,1712696885.5016725,29158822.76737223,142.8,1.4285696123346773e-07,150.4,BID
328,1712696885.6235223,29159725.39073473,142.8,1.8820077379663137e-07,150.4,BID
329,1712696885.6268272,29160364.35810661,142.8,1.3322738898061289e-07,150.4,BID
330,1712696885.64064,29160426.58180661,142.7,-1.297390359628775e-08,150.4,ASK
331,1712696885.7208188,29162117.50143473,142.8,3.525638662377274e-07,150.4,BID
332,1712696885.724133,29162139.46040035,142.8,4.5785368443884675e-09,150.4,BID
333,1712696885.8408167,29162366.25201675,142.8,4.7287007482969145e-08,150.4,BID
334,1712696885.8441253,29163907.84275113,142.8,3.2142816277724425e-07,150.4,BID
335,1712696885.9208646,29164164.27635933,142.8,5.3467487654094384e-08,150.4,BID
336,1712696885.9242222,29164361.61285933,142.8,4.114549162065272e-08,150.4,BID
337,1712696885.9270492,29164951.07364293,142.8,1.229050567541812e-07,150.4,BID
338,1712696886.0408187,29165994.30453473,142.8,2.17518036029705e-07,150.4,BID
339,1712696886.044196,29166046.10873473,142.8,1.0801393949198542e-08,150.4,BID
340,1712696886.2228549,29166229.25853473,142.8,3.818750490238208e-08,150.4,BID
341,1712696886.2259169,29166715.09163473,142.8,1.01298248145465e-07,150.4,BID
342,1712696910.2319934,29166715.09163473,142.8,0.0,150.4,BID
343,1712696936.9519615,29167404.11508898,142.7,-1.4362761228298644e-07,150.4,ASK
344,1712696937.0320957,29170218.9458744,142.7,5.867542275918549e-07,150.4,BID
345,1712696940.3349166,29170218.9458744,142.7,0.0,150.4,BID
346,1712696970.3520796,29170218.9458744,142.7,0.0,150.4,BID
347,1712697000.2587988,29170218.9458744,142.7,0.0,150.4,BID
348,1712697030.239122,29170218.9458744,142.7,0.0,150.4,BID
349,1712697060.369085,29170218.9458744,142.7,0.0,150.4,BID
350,1712697090.3546236,29170218.9458744,142.7,0.0,150.4,BID
351,1712697104.4951663,29170429.17712877,142.7,-4.384119730709959e-08,150.4,ASK
352,1712697104.6949916,29173227.9458744,142.7,5.836495299541559e-07,150.4,BID
353,1712697120.2351725,29173227.9458744,142.7,0.0,150.4,BID
354,1712697133.7164185,29175957.68937703,143.4,5.692041782528168e-07,150.4,BID
355,1712697133.720618,29177352.3895165,143.4,2.908218834597611e-07,150.4,BID
356,1712697133.724784,29179725.02784244,143.3,4.947408601973315e-07,150.4,BID
357,1712697133.7272527,29186672.12465391,143.5,1.4486036977497438e-06,150.4,BID
358,1712697133.729084,29191322.12465391,143.5,9.696147005487492e-07,150.4,BID
359,1712697133.7309246,29194051.86815654,143.3,5.692041782535936e-07,150.4,BID
360,1712697133.7327847,29197611.61221241,143.5,7.422753046795398e-07,150.4,BID
361,1712697133.734774,29202496.11925467,143.6,1.0185139426046897e-06,150.4,BID
362,1712697133.7377448,29208069.96469626,143.7,1.1622542965053012e-06,150.4,BID
363,1712697150.233799,29208069.96469626,143.7,0.0,150.4,BID
364,1712697180.366959,29208069.96469626,143.7,0.0,150.4,BID
365,1712697210.360454,29208069.96469626,143.7,0.0,150.4,BID
366,1712697240.2350717,29208069.96469626,143.7,0.0,150.4,BID
367,1712697270.2349262,29208069.96469626,143.7,0.0,150.4,BID
368,1712697300.2490242,29208069.96469626,143.7,0.0,150.4,BID
369,1712697313.9810977,29208341.92384478,142.8,-5.6776070902556e-08,150.4,ASK
370,1712697330.2286007,29208341.92384478,142.8,-0.0,150.4,ASK
371,1712697360.3584986,29208341.92384478,142.8,-0.0,150.4,ASK
372,1712697375.4281435,29208377.06087921,143.0,-7.335390608037833e-09,150.4,ASK
373,1712697390.3534324,29208377.06087921,143.0,-0.0,150.4,ASK
374,1712697420.243966,29208377.06087921,143.0,-0.0,150.4,ASK
375,1712697433.438633,29208465.06087921,143.1,-1.837131980284089e-08,150.4,ASK
376,1712697450.238947,29208465.06087921,143.1,-0.0,150.4,ASK
377,1712697480.34395,29208465.06087921,143.1,-0.0,150.4,ASK
378,1712697501.0492318,29208814.46688899,143.1,-7.294355308541381e-08,150.4,ASK
379,1712697510.3451595,29208814.46688899,143.1,-0.0,150.4,ASK
380,1712697540.2395754,29208814.46688899,143.1,-0.0,150.4,ASK
381,1712697570.2340443,29208814.46688899,143.1,-0.0,150.4,ASK
382,1712697600.2703972,29208814.46688899,143.1,-0.0,150.4,ASK
383,1712697630.2342546,29208814.46688899,143.1,-0.0,150.4,ASK
384,1712697651.62037,29208878.50736612,143.1,-1.3479910236478104e-08,150.4,ASK
385,1712697660.2793643,29208878.50736612,143.1,-0.0,150.4,ASK
386,1712697690.230255,29208878.50736612,143.1,-0.0,150.4,ASK
387,1712697703.5507834,29211251.14569206,143.7,4.994167969408612e-07,150.4,BID
388,1712697703.5552392,29212357.9784865,143.7,2.329773075416637e-07,150.4,BID
389,1712697720.3528588,29212357.9784865,143.7,0.0,150.4,BID
390,1712697746.3607445,29213054.35731658,143.6,1.465654003655131e-07,150.4,BID
391,1712697750.5086713,29213054.35731658,143.6,0.0,150.4,BID
392,1712697780.242066,29213054.35731658,143.6,0.0,150.4,BID
393,1712697781.5409615,29213124.04372772,143.5,1.4666444969431069e-08,150.4,BID
394,1712697810.2469544,29213124.04372772,143.5,0.0,150.4,BID
395,1712697840.357183,29213124.04372772,143.5,0.0,150.4,BID
396,1712697870.3519804,29213124.04372772,143.5,0.0,150.4,BID
397,1712697900.2267494,29213124.04372772,143.5,0.0,150.4,BID
398,1712697930.23847,29213124.04372772,143.5,0.0,150.4,BID
399,1712697948.0419,29219883.58295172,143.2,-1.424300960995699e-06,150.4,ASK
400,1712697960.3517523,29219883.58295172,143.2,-0.0,150.4,ASK
401,1712697962.651705,29219883.58295252,143.2,-1.687309246691501e-16,150.4,ASK
402,1712697982.3021038,29221281.20699165,143.1,-2.944329885082885e-07,150.4,ASK
403,1712697982.3059676,29233888.46770252,143.1,-2.655931312056662e-06,150.4,ASK
404,1712697985.2519355,29233958.30010475,143.2,1.4711368942902866e-08,150.4,BID
405,1712697985.3519282,29235480.42720475,143.1,-3.206616503409106e-07,150.4,ASK
406,1712697985.3557367,29235819.16070475,143.1,-7.135990360833687e-08,150.4,ASK
407,1712697990.3552256,29235819.16070475,143.1,-0.0,150.4,ASK
408,1712698020.2654428,29235819.16070475,143.1,-0.0,150.4,ASK
409,1712698022.8633523,29236861.99710475,143.1,-2.195855213880302e-07,150.4,ASK
410,1712698040.652259,29236874.48700475,143.2,2.629943875831956e-09,150.4,BID
411,1712698040.6562498,29236949.99710475,143.2,1.5899833069213457e-08,150.4,BID
412,1712698040.7518952,29236992.22320475,143.1,-8.891366071439582e-09,150.4,ASK
413,1712698046.2922826,29237155.40110475,143.1,-3.4359660105885936e-08,150.4,ASK
414,1712698046.392095,29239598.70832072,143.1,-5.144765650016384e-07,150.4,ASK
415,1712698046.452157,29241696.6104182,143.0,-4.417461127146446e-07,150.4,ASK
416,1712698046.4560702,29248625.89327172,143.0,-1.4590689280092094e-06,150.4,ASK
417,1712698046.471864,29248625.89327214,143.0,-8.863925234457528e-17,150.4,ASK
418,1712698050.2406826,29248625.89327214,143.0,-0.0,150.4,ASK
419,1712698055.9624176,29248863.81823682,142.8,-5.0079508307320055e-08,150.4,ASK
420,1712698055.966391,29255385.43249694,142.8,-1.372698472202202e-06,150.4,ASK
421,1712698056.0632222,29256175.77789694,142.8,-1.6635542671223201e-07,150.4,ASK
422,1712698056.065899,29260065.79429694,142.8,-8.187880110870087e-07,150.4,ASK
423,1712698067.682948,29260539.42349694,142.9,9.969158758846557e-08,150.4,BID
424,1712698067.687012,29261287.18409694,142.9,1.5739198797311408e-07,150.4,BID
425,1712698080.3622966,29261287.18409694,142.9,0.0,150.4,BID
426,1712698110.347969,29261287.18409694,142.9,0.0,150.4,BID
427,1712698140.2345216,29261287.18409694,142.9,0.0,150.4,BID
428,1712698170.2345223,29261287.18409694,142.9,0.0,150.4,BID
429,1712698200.2929008,29261287.18409694,142.9,0.0,150.4,BID
430,1712698230.2391696,29261287.18409694,142.9,0.0,150.4,BID
431,1712698260.3454254,29261287.18409694,142.9,0.0,150.4,BID
432,1712698290.3374434,29261287.18409694,142.9,0.0,150.4,BID
433,1712698320.2396154,29261287.18409694,142.9,0.0,150.4,BID
434,1712698350.2432938,29261287.18409694,142.9,0.0,150.4,BID
435,1712698380.2475643,29261287.18409694,142.9,0.0,150.4,BID
436,1712698410.2452934,29261287.18409694,142.9,0.0,150.4,BID
437,1712698440.372621,29261287.18409694,142.9,0.0,150.4,BID
438,1712698470.3533657,29261287.18409694,142.9,0.0,150.4,BID
439,1712698500.26994,29261287.18409694,142.9,0.0,150.4,BID
440,1712698530.2479908,29261287.18409694,142.9,0.0,150.4,BID
441,1712698560.3470917,29261287.18409694,142.9,0.0,150.4,BID
442,1712698565.44372,29262508.57389694,143.0,-2.5772411328449544e-07,150.4,ASK
443,1712698590.3470242,29262508.57389694,143.0,-0.0,150.4,ASK
444,1712698620.2394023,29262508.57389694,143.0,-0.0,150.4,ASK
445,1712698637.1436653,29262693.31088015,143.0,-3.8979710297965044e-08,150.4,ASK
446,1712698637.1534631,29263508.57389694,143.0,-1.720214093516224e-07,150.4,ASK
447,1712698650.2530472,29263508.57389694,143.0,-0.0,150.4,ASK
448,1712698680.3638735,29263508.57389694,143.0,-0.0,150.4,ASK
449,1712698710.343719,29263508.57389694,143.0,-0.0,150.4,ASK
450,1712698740.2238612,29263508.57389694,143.0,-0.0,150.4,ASK
451,1712698770.239961,29263508.57389694,143.0,-0.0,150.4,ASK
452,1712698800.2466276,29263508.57389694,143.0,-0.0,150.4,ASK
453,1712698830.2527175,29263508.57389694,143.0,-0.0,150.4,ASK
454,1712698860.3559196,29263508.57389694,143.0,-0.0,150.4,ASK
455,1712698890.3457837,29263508.57389694,143.0,-0.0,150.4,ASK
456,1712698920.2439935,29263508.57389694,143.0,-0.0,150.4,ASK
457,1712698950.250441,29263508.57389694,143.0,-0.0,150.4,ASK
458,1712698956.5603194,29264085.36934168,143.0,-1.2302538399788612e-07,150.4,ASK
459,1712698956.660132,29267005.07739268,143.0,6.227479904926333e-07,150.4,BID
460,1712698956.6635275,29267005.07739345,143.0,1.644763176376186e-16,150.4,BID
461,1712698980.355488,29267005.07739345,143.0,0.0,150.4,BID
462,1712699010.3390713,29267005.07739345,143.0,0.0,150.4,BID
463,1712699040.222517,29267005.07739345,143.0,0.0,150.4,BID
464,1712699070.2219808,29267005.07739345,143.0,0.0,150.4,BID
465,1712699094.258139,29267005.07739412,143.0,1.4300763376843096e-16,150.4,BID
466,1712699094.2677262,29269470.89718812,143.0,5.258815432820512e-07,150.4,BID
467,1712699100.2671678,29269470.89718812,143.0,0.0,150.4,BID
468,1712699130.224188,29269470.89718812,143.0,0.0,150.4,BID
469,1712699160.3467088,29269470.89718812,143.0,0.0,150.4,BID
470,1712699190.356238,29269470.89718812,143.0,0.0,150.4,BID
471,1712699220.256085,29269470.89718812,143.0,0.0,150.4,BID
472,1712699250.2420108,29269470.89718812,143.0,0.0,150.4,BID
473,1712699280.3496234,29269470.89718812,143.0,0.0,150.4,BID
474,1712699310.3451684,29269470.89718812,143.0,0.0,150.4,BID
475,1712699340.2346776,29269470.89718812,143.0,0.0,150.4,BID
476,1712699364.2786343,29269519.23257241,143.0,-1.0370398923984756e-08,150.4,ASK
477,1712699370.253354,29269519.23257241,143.0,-0.0,150.4,ASK
478,1712699400.3091717,29269519.23257241,143.0,-0.0,150.4,ASK
479,1712699430.2338612,29269519.23257241,143.0,-0.0,150.4,ASK
480,1712699460.3379133,29269519.23257241,143.0,-0.0,150.4,ASK
481,1712699490.343321,29269519.23257241,143.0,-0.0,150.4,ASK
482,1712699520.237208,29269519.23257241,143.0,-0.0,150.4,ASK
483,1712699550.2435732,29269519.23257241,143.0,-0.0,150.4,ASK
484,1712699580.333473,29269519.23257241,143.0,-0.0,150.4,ASK
485,1712699610.3384266,29269519.23257241,143.0,-0.0,150.4,ASK
486,1712699640.2223935,29269519.23257241,143.0,-0.0,150.4,ASK
487,1712699670.228172,29269519.23257241,143.0,-0.0,150.4,ASK
488,1712699674.4521337,29269879.46311996,143.0,-7.73765736488982e-08,150.4,ASK
489,1712699700.252133,29269879.46311996,143.0,-0.0,150.4,ASK
490,1712699730.251749,29269879.46311996,143.0,-0.0,150.4,ASK
491,1712699760.3073082,29269879.46311996,143.0,-0.0,150.4,ASK
492,1712699790.251034,29269879.46311996,143.0,-0.0,150.4,ASK
493,1712699820.3370895,29269879.46311996,143.0,-0.0,150.4,ASK
494,1712699850.3443058,29269879.46311996,143.0,-0.0,150.4,ASK
495,1712699874.0862837,29276872.47011296,143.0,-1.5108693792035727e-06,150.4,ASK
496,1712699874.0898106,29299552.86838246,143.0,-4.900198053260084e-06,150.4,ASK
497,1712699874.1811457,29305466.85491242,143.0,-1.2777423454717068e-06,150.4,ASK
498,1712699880.2343974,29305466.85491242,143.0,-0.0,150.4,ASK
499,1712699910.2510371,29305466.85491242,143.0,-0.0,150.4,ASK
500,1712699940.3339157,29305466.85491242,143.0,-0.0,150.4,ASK
501,1712699970.365343,29305466.85491242,143.0,-0.0,150.4,ASK
502,1712700000.316285,29305466.85491242,143.0,-0.0,150.4,ASK
503,1712700024.4205267,29305516.85491242,143.4,1.0819003386241401e-08,150.4,BID
504,1712700030.26921,29305516.85491242,143.4,0.0,150.4,BID
505,1712700060.3365383,29305516.85491242,143.4,0.0,150.4,BID
506,1712700090.343891,29305516.85491242,143.4,0.0,150.4,BID
507,1712700120.2201076,29305516.85491242,143.4,0.0,150.4,BID
508,1712700150.2235043,29305516.85491242,143.4,0.0,150.4,BID
509,1712700180.3399837,29305516.85491242,143.4,0.0,150.4,BID
510,1712700210.3399506,29305516.85491242,143.4,0.0,150.4,BID
511,1712700240.2296538,29305516.85491242,143.4,0.0,150.4,BID
512,1712700241.3199985,29306144.46997518,143.3,1.3580317909440013e-07,150.4,BID
513,1712700270.2154677,29306144.46997518,143.3,0.0,150.4,BID
514,1712700300.3346944,29306144.46997518,143.3,0.0,150.4,BID
515,1712700330.3301754,29306144.46997518,143.3,0.0,150.4,BID
516,1712700360.2394755,29306144.46997518,143.3,0.0,150.4,BID
517,1712700384.6993816,29306186.34017755,143.3,9.15221102895798e-09,150.4,BID
518,1712700390.2234292,29306186.34017755,143.3,0.0,150.4,BID
519,1712700420.339836,29306186.34017755,143.3,0.0,150.4,BID
520,1712700450.3498569,29306186.34017755,143.3,0.0,150.4,BID
521,1712700452.859401,29312629.82562372,143.3,1.4084493956274965e-06,150.4,BID
522,1712700452.8640215,29316256.86292372,143.3,7.928160210460666e-07,150.4,BID
523,1712700452.9592898,29319792.72347372,143.3,-7.728861493173018e-07,150.4,ASK
524,1712700453.109496,29320507.34855159,143.3,-1.562063369948584e-07,150.4,ASK
525,1712700459.9391377,29343190.33445569,142.9,-4.958160929291516e-06,150.4,ASK
526,1712700459.949128,29346545.86647988,143.0,-7.334690348820578e-07,150.4,ASK
527,1712700459.9526894,29376871.56095606,143.0,-6.628742535974498e-06,150.4,ASK
528,1712700480.2179084,29376871.56095606,143.0,-0.0,150.4,ASK
529,1712700510.2391307,29376871.56095606,143.0,-0.0,150.4,ASK
530,1712700540.3432677,29376871.56095606,143.0,-0.0,150.4,ASK
531,1712700570.355388,29376871.56095606,143.0,-0.0,150.4,ASK
532,1712700600.2548318,29376871.56095606,143.0,-0.0,150.4,ASK
533,1712700630.222623,29376871.56095606,143.0,-0.0,150.4,ASK
534,1712700660.349269,29376871.56095606,143.0,-0.0,150.4,ASK
535,1712700690.3396494,29376871.56095606,143.0,-0.0,150.4,ASK
536,1712700720.2412488,29376871.56095606,143.0,-0.0,150.4,ASK
537,1712700750.2284997,29376871.56095606,143.0,-0.0,150.4,ASK
538,1712700780.3440504,29376871.56095606,143.0,-0.0,150.4,ASK
539,1712700797.218456,29377433.75817255,143.0,-1.2267577258831737e-07,150.4,ASK
540,1712700797.222458,29377570.86165537,143.0,-2.991703833853915e-08,150.4,ASK
541,1712700810.349619,29377570.86165537,143.0,-0.0,150.4,ASK
542,1712700831.4486356,29378407.26583748,143.0,-1.8250586684242906e-07,150.4,ASK
543,1712700831.453721,29381067.36515188,143.0,-5.804415396831604e-07,150.4,ASK
544,1712700840.2510962,29381067.36515188,143.0,-0.0,150.4,ASK
545,1712700870.219525,29381067.36515188,143.0,-0.0,150.4,ASK
546,1712700882.6485586,29418495.56409588,143.0,-8.1660528037091e-06,150.4,ASK
547,1712700900.2556472,29418495.56409588,143.0,-0.0,150.4,ASK
548,1712700930.2200413,29418495.56409588,143.0,-0.0,150.4,ASK
549,1712700932.1053402,29420546.48677749,143.0,-4.47462058027658e-07,150.4,ASK
550,1712700960.3396287,29420546.48677749,143.0,-0.0,150.4,ASK
551,1712700969.8892405,29420600.5828795,143.0,-1.1801714703786095e-08,150.4,ASK
552,1712700990.3428404,29420600.5828795,143.0,-0.0,150.4,ASK
553,1712701020.2392428,29420600.5828795,143.0,-0.0,150.4,ASK
554,1712701050.223552,29420600.5828795,143.0,-0.0,150.4,ASK
555,1712701080.371496,29420600.5828795,143.0,-0.0,150.4,ASK
556,1712701083.3796434,29422096.1337795,143.1,3.262718496130007e-07,150.4,BID
557,1712701083.3844593,29425259.5828795,143.1,6.901432702908915e-07,150.4,BID
558,1712701090.599392,29428406.0497795,143.1,6.864384055461206e-07,150.4,BID
559,1712701110.350275,29428406.0497795,143.1,0.0,150.4,BID
560,1712701140.252623,29428406.0497795,143.1,0.0,150.4,BID
561,1712701170.234696,29428406.0497795,143.1,0.0,150.4,BID
562,1712701173.479944,29428475.93098145,143.4,1.52416841412025e-08,150.4,BID
563,1712701200.275302,29428475.93098145,143.4,0.0,150.4,BID
564,1712701230.2244115,29428475.93098145,143.4,0.0,150.4,BID
565,1712701260.3427122,29428475.93098145,143.4,0.0,150.4,BID
566,1712701273.7624795,29430567.98119065,143.4,4.579450960949431e-07,150.4,BID
567,1712701290.3500414,29430567.98119065,143.4,0.0,150.4,BID
568,1712701293.550789,29430637.47389391,143.4,1.5210797914301738e-08,150.4,BID
569,1712701305.5900805,29440637.47389391,143.4,2.188833820093724e-06,150.4,BID
570,1712701320.2345362,29440637.47389391,143.4,0.0,150.4,BID
571,1712701338.7501233,29442036.07529252,143.0,-3.060338791434049e-07,150.4,ASK
572,1712701350.222449,29442036.07529252,143.0,-0.0,150.4,ASK
573,1712701380.367806,29442036.07529252,143.0,-0.0,150.4,ASK
574,1712701410.3518786,29442036.07529252,143.0,-0.0,150.4,ASK
575,1712701440.269778,29442036.07529252,143.0,-0.0,150.4,ASK
576,1712701456.3003993,29456036.07529252,143.1,-3.0632650730138467e-06,150.4,ASK
577,1712701470.2278986,29456036.07529252,143.1,-0.0,150.4,ASK
578,1712701500.3403437,29456036.07529252,143.1,-0.0,150.4,ASK
579,1712701530.3405285,29456036.07529252,143.1,-0.0,150.4,ASK
580,1712701560.2352278,29456036.07529252,143.1,-0.0,150.4,ASK
581,1712701590.2331278,29456036.07529252,143.1,-0.0,150.4,ASK
582,1712701620.3330383,29456036.07529252,143.1,-0.0,150.4,ASK
583,1712701650.3403358,29456036.07529252,143.1,-0.0,150.4,ASK
584,1712701680.24044,29456036.07529252,143.1,-0.0,150.4,ASK
585,1712701710.2304246,29456036.07529252,143.1,-0.0,150.4,ASK
586,1712701740.3431675,29456036.07529252,143.1,-0.0,150.4,ASK
587,1712701770.3507698,29456036.07529252,143.1,-0.0,150.4,ASK
588,1712701796.110658,29457047.73787492,143.1,-2.218134418623587e-07,150.4,ASK
589,1712701796.115551,29457226.91384678,143.1,-3.928546899754806e-08,150.4,ASK
590,1712701800.3105032,29457226.91384678,143.1,-0.0,150.4,ASK
591,1712701830.233235,29457226.91384678,143.1,-0.0,150.4,ASK
592,1712701860.3906465,29457226.91384678,143.1,-0.0,150.4,ASK
593,1712701871.4305978,29457854.96688236,143.3,1.3954352463131588e-07,150.4,BID
594,1712701890.3327694,29457854.96688236,143.3,0.0,150.4,BID
595,1712701920.2405474,29457854.96688236,143.3,0.0,150.4,BID
596,1712701950.232458,29457854.96688236,143.3,0.0,150.4,BID
597,1712701980.2205913,29457854.96688236,143.3,0.0,150.4,BID
598,1712702010.230741,29457854.96688236,143.3,0.0,150.4,BID
599,1712702029.8711154,29457924.75055298,143.3,1.5504526032357343e-08,150.4,BID
600,1712702040.3475983,29457924.75055298,143.3,0.0,150.4,BID
601,1712702070.3523734,29457924.75055298,143.3,0.0,150.4,BID
602,1712702100.2533703,29457924.75055298,143.3,0.0,150.4,BID
603,1712702107.4314294,29465430.08315998,143.2,1.6705560224363444e-06,150.4,BID
604,1712702130.2259543,29465430.08315998,143.2,0.0,150.4,BID
605,1712702160.3506134,29465430.08315998,143.2,0.0,150.4,BID
606,1712702190.3404322,29465430.08315998,143.2,0.0,150.4,BID
607,1712702210.1712346,29465430.08316021,143.2,5.139714919149247e-17,150.4,BID
608,1712702210.184938,29472537.40370021,143.2,1.5815871311660937e-06,150.4,BID
609,1712702220.2405906,29472537.40370021,143.2,0.0,150.4,BID
610,1712702250.2304878,29472537.40370021,143.2,0.0,150.4,BID
611,1712702280.3437295,29472537.40370021,143.2,0.0,150.4,BID
612,1712702310.342404,29472537.40370021,143.2,0.0,150.4,BID
613,1712702340.2414246,29472537.40370021,143.2,0.0,150.4,BID
614,1712702370.242702,29472537.40370021,143.2,0.0,150.4,BID
615,1712702400.2654686,29472537.40370021,143.2,0.0,150.4,BID
616,1712702430.2294912,29472537.40370021,143.2,0.0,150.4,BID
617,1712702449.4203956,29472837.40370021,143.3,6.719953061943896e-08,150.4,BID
618,1712702451.1708565,29483703.2725069,143.3,2.433937611939899e-06,150.4,BID
619,1712702451.230495,29490589.5669939,143.3,1.5425191907786577e-06,150.4,BID
620,1712702451.250403,29490589.56699401,143.3,2.5033775947779025e-17,150.4,BID
621,1712702460.3437316,29490589.56699401,143.3,0.0,150.4,BID
622,1712702490.3305593,29490589.56699401,143.3,0.0,150.4,BID
623,1712702508.1907327,29490938.48534711,143.3,-7.811190276892635e-08,150.4,ASK
624,1712702520.2357905,29490938.48534711,143.3,-0.0,150.4,ASK
625,1712702550.2307231,29490938.48534711,143.3,-0.0,150.4,ASK
626,1712702580.3404238,29490938.48534711,143.3,-0.0,150.4,ASK
627,1712702610.3438494,29490938.48534711,143.3,-0.0,150.4,ASK
628,1712702640.2139938,29490938.48534711,143.3,-0.0,150.4,ASK
629,1712702670.2599344,29490938.48534711,143.3,-0.0,150.4,ASK
630,1712702700.2703714,29490938.48534711,143.3,-0.0,150.4,ASK
631,1712702730.2496324,29490938.48534711,143.3,-0.0,150.4,ASK
632,1712702760.3461215,29490938.48534711,143.3,-0.0,150.4,ASK
633,1712702777.860456,29490988.48534711,143.4,1.1237262814626669e-08,150.4,BID
634,1712702790.3369856,29490988.48534711,143.4,0.0,150.4,BID
635,1712702815.6005168,29491685.34945861,143.5,1.5661665096393629e-07,150.4,BID
636,1712702820.2210078,29491685.34945861,143.5,0.0,150.4,BID
637,1712702844.5107207,29492311.55659614,143.5,1.4073369391237208e-07,150.4,BID
638,1712702844.516014,29499275.97648409,143.5,1.5651826337365905e-06,150.4,BID
639,1712702850.2260242,29499275.97648409,143.5,0.0,150.4,BID
640,1712702865.0908723,29499429.2823702,143.5,-3.4445508582912376e-08,150.4,ASK
641,1712702880.347653,29499429.2823702,143.5,-0.0,150.4,ASK
642,1712702896.961094,29499972.84059558,143.5,1.2212868955175422e-07,150.4,BID
643,1712702896.963682,29500126.14648169,143.5,3.4445338321999625e-08,150.4,BID
644,1712702902.201655,29501062.07039558,143.5,2.102868759707719e-07,150.4,BID
645,1712702902.2070549,29501396.13307369,143.6,7.505844857195331e-08,150.4,BID
646,1712702902.210934,29501538.38058435,143.5,3.196070127859051e-08,150.4,BID
647,1712702910.343524,29501538.38058435,143.5,0.0,150.4,BID
648,1712702940.2575717,29501538.38058435,143.5,0.0,150.4,BID
649,1712702970.2560997,29501538.38058435,143.5,0.0,150.4,BID
650,1712703000.3593884,29501538.38058435,143.5,0.0,150.4,BID
651,1712703030.077919,29510428.0769228,143.6,2.009949099662777e-06,150.4,BID
652,1712703030.0839417,29511124.94103335,143.6,1.575600940974077e-07,150.4,BID
653,1712703030.1970627,29511124.94103429,143.6,2.130977065881097e-16,150.4,BID
654,1712703030.250419,29511124.94103429,143.6,0.0,150.4,BID
655,1712703060.3276262,29511124.94103429,143.6,0.0,150.4,BID
656,1712703090.347073,29511124.94103429,143.6,0.0,150.4,BID
657,1712703111.7251444,29511144.67604126,143.4,-4.460671714332145e-09,150.4,ASK
658,1712703111.7307508,29596750.6348976,143.4,-1.934937645780529e-05,150.4,ASK
659,1712703111.7361364,29600478.87461885,143.5,-8.426879957324627e-07,150.4,ASK
660,1712703111.7391644,29600827.54965372,143.4,-7.88104543335527e-08,150.4,ASK
661,1712703119.4650574,29601124.94103429,143.4,6.721889287669851e-08,150.4,BID
662,1712703120.2395642,29601124.94103429,143.4,0.0,150.4,BID
663,1712703150.2289877,29601124.94103429,143.4,0.0,150.4,BID
664,1712703180.3383236,29601124.94103429,143.4,0.0,150.4,BID
665,1712703210.356634,29601124.94103429,143.4,0.0,150.4,BID
666,1712703212.137281,29601473.8593874,143.3,-7.863605354929615e-08,150.4,ASK
667,1712703212.143011,29601543.64305802,143.3,-1.5727210709187573e-08,150.4,ASK
668,1712703212.147205,29601683.40546193,143.1,-3.149838287381081e-08,150.4,ASK
669,1712703212.1513765,29622647.76604893,143.1,-4.72475743121435e-06,150.4,ASK
670,1712703212.155386,29625647.76604893,143.3,-6.761127884068137e-07,150.4,ASK
671,1712703212.1578188,29637191.78880431,143.0,-2.6016871381907223e-06,150.4,ASK
672,1712703212.1602824,29647490.40961436,143.2,-2.321009744209231e-06,150.4,ASK
673,1712703212.1627414,29654648.75984795,143.1,-1.613284045607999e-06,150.4,ASK
674,1712703212.165229,29655297.92185913,143.2,-1.4630224583557812e-07,150.4,ASK
675,1712703212.1677215,29655397.92185913,143.1,-2.2537092946893792e-08,150.4,ASK
676,1712703232.806622,29655447.92185913,143.2,-1.1268546473446894e-08,150.4,ASK
677,1712703240.238978,29655447.92185913,143.2,-0.0,150.4,ASK
678,1712703263.3468378,29655497.92185913,143.2,-1.1248837504225012e-08,150.4,ASK
679,1712703270.2495844,29655497.92185913,143.2,-0.0,150.4,ASK
680,1712703300.3343017,29655497.92185913,143.2,-0.0,150.4,ASK
681,1712703330.352078,29655497.92185913,143.2,-0.0,150.4,ASK
682,1712703360.2417102,29655497.92185913,143.2,-0.0,150.4,ASK
683,1712703390.2431378,29655497.92185913,143.2,-0.0,150.4,ASK
684,1712703420.233333,29655497.92185913,143.2,-0.0,150.4,ASK
685,1712703450.2262735,29655497.92185913,143.2,-0.0,150.4,ASK
686,1712703480.3342526,29655497.92185913,143.2,-0.0,150.4,ASK
687,1712703510.3498404,29655497.92185913,143.2,-0.0,150.4,ASK
688,1712703539.1397958,29657489.97206833,143.2,-4.483483267059393e-07,150.4,ASK
689,1712703539.1457562,29658296.10710387,143.2,-1.814358356104307e-07,150.4,ASK
690,1712703540.2596593,29658296.10710387,143.2,-0.0,150.4,ASK
691,1712703570.2269957,29658296.10710387,143.2,-0.0,150.4,ASK
692,1712703600.3906214,29658296.10710387,143.2,-0.0,150.4,ASK
693,1712703630.230235,29658296.10710387,143.2,-0.0,150.4,ASK
694,1712703630.4403183,29658993.45717361,143.4,1.570868983964933e-07,150.4,BID
695,1712703660.3304417,29658993.45717361,143.4,0.0,150.4,BID
696,1712703673.9510512,29660554.82938031,143.2,-3.517108593227165e-07,150.4,ASK
697,1712703673.9559944,29667530.33246565,143.0,-1.5712846519364752e-06,150.4,ASK
698,1712703673.958518,29673325.79596123,143.4,-1.3054718391004694e-06,150.4,ASK
699,1712703673.9610493,29673465.46076569,143.2,-3.146055001005211e-08,150.4,ASK
700,1712703673.9635942,29687034.71324069,143.0,-3.056576406228933e-06,150.4,ASK
701,1712703674.2766638,29688753.01279387,143.0,-3.870599270486346e-07,150.4,ASK
702,1712703674.2793076,29708824.55787795,143.0,-4.521266831285779e-06,150.4,ASK
703,1712703674.2818732,29755506.55953446,143.0,-1.0515472766219466e-05,150.4,ASK
704,1712703674.2847912,29765943.77449342,143.0,-2.3510613461622945e-06,150.4,ASK
705,1712703674.3573458,29776540.41314229,142.9,-2.3869727340651874e-06,150.4,ASK
706,1712703674.3599503,29787691.8138075,142.9,-2.51193706009072e-06,150.4,ASK
707,1712703674.453715,29791224.02669045,142.9,-7.956575780203306e-07,150.4,ASK
708,1712703687.5737555,29812511.28999045,142.9,-4.795116523614069e-06,150.4,ASK
709,1712703687.640633,29834315.32300345,142.9,-4.911522796922531e-06,150.4,ASK
710,1712703687.6645322,29851407.21605945,142.9,-3.8500777510780914e-06,150.4,ASK
711,1712703687.670309,29891451.51065645,142.9,-9.0202792154372e-06,150.4,ASK
712,1712703688.7107067,29900704.71622149,143.0,2.084354305013605e-06,150.4,BID
713,1712703690.3527224,29900704.71622149,143.0,0.0,150.4,BID
714,1712703720.2412322,29900704.71622149,143.0,0.0,150.4,BID
715,1712703735.3210738,29989815.5603062,142.9,-1.9917854094260874e-05,150.4,ASK
716,1712703735.3269498,29990165.4553377,142.9,-7.82077451663565e-08,150.4,ASK
717,1712703735.4210334,29990515.59539373,142.8,-7.826251249412009e-08,150.4,ASK
718,1712703735.4268658,29990655.65141613,142.8,-3.1305004995483104e-08,150.4,ASK
719,1712703750.2413652,29990655.65141613,142.8,-0.0,150.4,ASK
720,1712703780.3541746,29990655.65141613,142.8,-0.0,150.4,ASK
721,1712703810.3511589,29990655.65141613,142.8,-0.0,150.4,ASK
722,1712703829.571443,29990963.35456092,142.9,6.858007390720747e-08,150.4,BID
723,1712703840.2343838,29990963.35456092,142.9,0.0,150.4,BID
724,1712703870.2418077,29990963.35456092,142.9,0.0,150.4,BID
725,1712703877.0016742,30000090.53330048,142.9,2.03422184299746e-06,150.4,BID
726,1712703877.0616689,30002559.94314195,142.9,-5.503702274450211e-07,150.4,ASK
727,1712703887.8117251,30007518.13593411,143.0,1.1050582406028824e-06,150.4,BID
728,1712703900.3632514,30007518.13593411,143.0,0.0,150.4,BID
729,1712703912.9820962,30008196.13127389,142.9,-1.5145137033088888e-07,150.4,ASK
730,1712703923.4520705,30008253.33446431,142.9,-1.2778113753965884e-08,150.4,ASK
731,1712703924.9020832,30009917.3486127,142.9,-3.7170937355520123e-07,150.4,ASK
732,1712703930.3518786,30009917.3486127,142.9,-0.0,150.4,ASK
733,1712703933.3932085,30009956.20252374,142.9,8.678566196712675e-09,150.4,BID
734,1712703933.5120778,30009992.59160701,142.9,8.128012331004202e-09,150.4,BID
735,1712703938.912622,30010343.22274306,142.6,-7.83183840054579e-08,150.4,ASK
736,1712703938.9181411,30050395.25137729,142.6,-8.946182572726221e-06,150.4,ASK
737,1712703938.9227183,30050745.63680126,142.7,-7.826350076579058e-08,150.4,ASK
738,1712703960.2477846,30050745.63680126,142.7,-0.0,150.4,ASK
739,1712703990.2269185,30050745.63680126,142.7,-0.0,150.4,ASK
740,1712704020.332662,30050745.63680126,142.7,-0.0,150.4,ASK
741,1712704050.3427482,30050745.63680126,142.7,-0.0,150.4,ASK
742,1712704080.2473557,30050745.63680126,142.7,-0.0,150.4,ASK
743,1712704098.183275,30050885.79097084,142.7,-3.12647416422849e-08,150.4,ASK
744,1712704110.2527514,30050885.79097084,142.7,-0.0,150.4,ASK
745,1712704111.972912,30051025.5949301,142.6,-3.1186479712277254e-08,150.4,ASK
746,1712704111.9789364,30051586.21160845,142.7,-1.2505840863203185e-07,150.4,ASK
747,1712704116.612707,30052985.79173441,142.9,3.122084484188696e-07,150.4,BID
748,1712704140.272945,30052985.79173441,142.9,0.0,150.4,BID
749,1712704142.186696,30061999.04229751,142.6,-2.0104777533137136e-06,150.4,ASK
750,1712704167.9330614,30068984.72250707,142.6,-1.558211940827064e-06,150.4,ASK
751,1712704170.236718,30068984.72250707,142.6,-0.0,150.4,ASK
752,1712704175.8433795,30072831.56544797,142.6,-8.576326942030616e-07,150.4,ASK
753,1712704185.5464804,30086856.81088976,142.6,-3.1268521278082894e-06,150.4,ASK
754,1712704185.5492957,30104977.20832976,142.6,-4.039843974721998e-06,150.4,ASK
755,1712704200.0177042,30107264.77667752,142.5,-5.100009112416276e-07,150.4,ASK
756,1712704200.2729895,30107264.77667752,142.5,-0.0,150.4,ASK
757,1712704214.726544,30107942.77201731,142.5,-1.5120416684629333e-07,150.4,ASK
758,1712704225.183403,30107999.97520773,142.5,-1.2757256931927993e-08,150.4,ASK
759,1712704230.2568505,30107999.97520773,142.5,-0.0,150.4,ASK
760,1712704231.3630831,30108070.15064632,142.5,-1.5649917029910604e-08,150.4,ASK
761,1712704260.3496656,30108070.15064632,142.5,-0.0,150.4,ASK
762,1712704290.35323,30108070.15064632,142.5,-0.0,150.4,ASK
763,1712704310.7435994,30110873.79791104,142.6,-6.252436764949082e-07,150.4,ASK
764,1712704310.7499,30112164.92717358,142.5,-2.87935796025283e-07,150.4,ASK
765,1712704318.6538672,30114526.9319817,142.5,-5.267526299446519e-07,150.4,ASK
766,1712704320.2387297,30114526.9319817,142.5,-0.0,150.4,ASK
767,1712704350.25116,30114526.9319817,142.5,-0.0,150.4,ASK
768,1712704350.489535,30114626.9319817,142.5,-2.229650561433865e-08,150.4,ASK
769,1712704350.4981625,30115944.01699623,142.5,-2.936639342101888e-07,150.4,ASK
770,1712704350.505092,30116905.90733381,142.5,-2.144679331220721e-07,150.4,ASK
771,1712704356.9441674,30121905.90733381,142.5,-1.1148252807169322e-06,150.4,ASK
772,1712704363.4337914,30130331.03454008,142.5,-1.8785089605610856e-06,150.4,ASK
773,1712704363.440111,30131734.543312,142.5,-3.129334121285915e-07,150.4,ASK
774,1712704377.2637055,30131784.543312,142.4,-1.1148252807169324e-08,150.4,ASK
775,1712704380.3535786,30131784.543312,142.4,-0.0,150.4,ASK
776,1712704410.3636775,30131784.543312,142.4,-0.0,150.4,ASK
777,1712704421.3438454,30132174.65733381,142.5,8.693412734217026e-08,150.4,BID
778,1712704423.83385,30132194.88205291,142.4,-4.506934402173152e-09,150.4,ASK
779,1712704423.8402765,30132224.65733381,142.4,-6.635208981761175e-09,150.4,ASK
780,1712704440.254217,30132224.65733381,142.4,-0.0,150.4,ASK
781,1712704447.0551355,30132266.76259696,142.4,-9.382726463687875e-09,150.4,ASK
782,1712704447.058959,30133037.72272258,142.4,-1.7180056438787798e-07,150.4,ASK
783,1712704447.0624392,30146368.66373381,142.4,-2.970663609503972e-06,150.4,ASK
784,1712704470.2432182,30146368.66373381,142.4,-0.0,150.4,ASK
785,1712704486.393964,30146898.94273157,142.5,1.181142287901641e-07,150.4,BID
786,1712704486.49449,30147473.99093157,142.5,1.2808611117366516e-07,150.4,BID
787,1712704486.5002358,30147959.50072707,142.5,1.0814234640168437e-07,150.4,BID
788,1712704500.2792082,30147959.50072707,142.5,0.0,150.4,BID
789,1712704514.349581,30148637.49606686,142.5,-1.511730795622845e-07,150.4,ASK
790,1712704519.8044484,30148670.94021111,142.4,-7.457063467413106e-09,150.4,ASK
791,1712704519.8109474,30148694.69925728,142.5,-5.297570597184649e-09,150.4,ASK
792,1712704530.2498937,30148694.69925728,142.5,-0.0,150.4,ASK
793,1712704560.354081,30148694.69925728,142.5,-0.0,150.4,ASK
794,1712704575.1342654,30148738.27885728,142.5,-9.716745919369869e-09,150.4,ASK
795,1712704584.6044688,30150742.86335145,142.4,-4.469531203648505e-07,150.4,ASK
796,1712704584.6150672,30157720.45464357,142.4,-1.5557619096198113e-06,150.4,ASK
797,1712704584.6208513,30159184.92732952,142.3,-3.265268381447328e-07,150.4,ASK
798,1712704584.625805,30159325.37676772,142.4,-3.131537475186869e-08,150.4,ASK
799,1712704590.3642848,30159325.37676772,142.4,-0.0,150.4,ASK
800,1712704620.244412,30159325.37676772,142.4,-0.0,150.4,ASK
801,1712704627.504579,30166447.28150125,142.3,-1.587403082521011e-06,150.4,ASK
802,1712704648.2047467,30171915.71785548,142.3,-1.2188611123104586e-06,150.4,ASK
803,1712704648.2097604,30172814.22909252,142.3,-2.002693886991773e-07,150.4,ASK
804,1712704650.265069,30172814.22909252,142.3,-0.0,150.4,ASK
805,1712704668.5348446,30173516.9697812,142.3,-1.5656705940011709e-07,150.4,ASK
806,1712704668.541982,30174390.95950379,142.3,-1.947204751558018e-07,150.4,ASK
807,1712704673.874429,30174440.95950379,142.2,-1.1139746276386058e-08,150.4,ASK
808,1712704680.3506927,30174440.95950379,142.2,-0.0,150.4,ASK
809,1712704693.8153894,30213967.39178694,142.2,-8.805834399872814e-06,150.4,ASK
810,1712704693.818454,30216676.69117536,142.2,-6.035870271112496e-07,150.4,ASK
811,1712704698.6847742,30216726.69117536,142.1,-1.1139171803808731e-08,150.4,ASK
812,1712704710.36465,30216726.69117536,142.1,-0.0,150.4,ASK
813,1712704722.685239,30217147.60321072,142.2,9.364678005318145e-08,150.4,BID
814,1712704725.7147193,30217200.91202153,142.1,-1.1860431779601108e-08,150.4,ASK
815,1712704729.7750268,30230468.46879833,142.1,-2.951837597740829e-06,150.4,ASK
816,1712704729.7811184,30233383.38786939,142.1,-6.485269181876061e-07,150.4,ASK
817,1712704740.2208624,30233383.38786939,142.1,-0.0,150.4,ASK
818,1712704742.844732,30235390.81066939,142.0,-4.463871790879906e-07,150.4,ASK
819,1712704742.86481,30236396.31196939,142.0,-2.2359160654985925e-07,150.4,ASK
820,1712704749.0447743,30236871.01875629,142.1,1.055597373402688e-07,150.4,BID
821,1712704749.1645722,30238295.13911697,142.1,3.166792120158361e-07,150.4,BID
822,1712704749.2448597,30238769.84590387,142.1,1.055597373402688e-07,150.4,BID
823,1712704749.344621,30239719.25947765,142.1,2.111194746755673e-07,150.4,BID
824,1712704751.634845,30291396.68539228,142.0,-1.1491420928662637e-05,150.4,ASK
825,1712704751.6413553,30308813.93709141,142.0,-3.8730445093341016e-06,150.4,ASK
826,1712704766.085214,30308863.93709141,141.5,-1.1118414593294714e-08,150.4,ASK
827,1712704770.24476,30308863.93709141,141.5,-0.0,150.4,ASK
828,1712704787.2850611,30310791.67727123,141.5,-4.2764900468089493e-07,150.4,ASK
829,1712704787.2918448,30322232.92104862,141.5,-2.538120315661099e-06,150.4,ASK
830,1712704800.2607603,30322232.92104862,141.5,-0.0,150.4,ASK
831,1712704809.604876,30322910.9163884,141.5,-1.5131472541176914e-07,150.4,ASK
832,1712704814.505555,30323132.03599247,141.5,-4.934938370487473e-08,150.4,ASK
833,1712704814.5095122,30323232.03599247,141.5,-2.2317959509962888e-08,150.4,ASK
834,1712704814.512527,30323332.03599247,141.5,-2.2317959509962888e-08,150.4,ASK
835,1712704814.5155652,30323368.79271047,141.4,-8.203349440104158e-09,150.4,ASK
836,1712704814.5185237,30323439.71469628,141.0,-1.5828340077292074e-08,150.4,ASK
837,1712704814.5215163,30323619.71469628,141.2,-4.01723271179332e-08,150.4,ASK
838,1712704814.5244992,30331556.91294112,141.0,-1.7714206905088554e-06,150.4,ASK
839,1712704814.527585,30332263.62672203,141.5,-1.577240954747718e-07,150.4,ASK
840,1712704814.5307927,30333043.73312272,141.0,-1.7410383064084017e-07,150.4,ASK
841,1712704814.5337744,30333143.73312272,141.2,-2.2317959509962888e-08,150.4,ASK
842,1712704814.536764,30333179.86900382,141.3,-8.064791312432842e-09,150.4,ASK
843,1712704814.5397816,30351570.65640032,141.0,-4.104448484713787e-06,150.4,ASK
844,1712704814.6861706,30351752.80741539,141.0,4.065238979016074e-08,150.4,BID
845,1712704815.005191,30351857.84943219,140.9,-2.3443234777982443e-08,150.4,ASK
846,1712704815.1647434,30351962.89144899,140.9,-2.3443234777982443e-08,150.4,ASK
847,1712704818.4951007,30352020.09463941,140.9,-1.2766584876303052e-08,150.4,ASK
848,1712704824.138502,30471361.26485217,141.0,2.66345140467998e-05,150.4,BID
849,1712704824.2347388,30482591.77850564,141.0,2.506421489941918e-06,150.4,BID
850,1712704826.1449423,30484719.4380801,141.0,4.748502023378848e-07,150.4,BID
851,1712704826.5463428,30484769.4380801,140.9,-1.1158979754981444e-08,150.4,ASK
852,1712704830.241465,30484769.4380801,140.9,-0.0,150.4,ASK
853,1712704831.2651455,30486679.20746065,141.0,4.240525434924867e-07,150.4,BID
854,1712704831.272183,30518596.70474676,141.0,7.087083940044202e-06,150.4,BID
855,1712704833.3349557,30518646.70474676,140.9,-1.1102192437763822e-08,150.4,ASK
856,1712704833.8747504,30536364.27316781,141.0,3.9340770827950885e-06,150.4,BID
857,1712704833.9748478,30539605.38538554,141.0,7.196690310720852e-07,150.4,BID
858,1712704834.074749,30541766.12686401,141.0,4.797793540444724e-07,150.4,BID
859,1712704834.1747603,30542846.49760327,141.0,2.3988967702844004e-07,150.4,BID
860,1712704834.2952566,30543926.86834248,141.0,2.398896770168596e-07,150.4,BID
861,1712704834.4012406,30544549.61355835,141.0,1.3827674452498076e-07,150.4,BID
862,1712704834.4044254,30545007.23908174,141.0,1.0161293250263213e-07,150.4,BID
863,1712704837.4071472,30545057.23908174,140.9,-1.1102192437763822e-08,150.4,ASK
864,1712704839.5853727,30547663.61768174,140.9,-5.787303356576855e-07,150.4,ASK
865,1712704839.5922694,30559484.89158968,140.9,-2.6248411557086826e-06,150.4,ASK
866,1712704841.0048957,30559534.89158968,140.7,-1.1102192437763822e-08,150.4,ASK
867,1712704849.8152072,30563107.3347715,140.8,7.932390335509059e-07,150.4,BID
868,1712704851.0252132,30563157.3347715,140.7,-1.1102192437763822e-08,150.4,ASK
869,1712704856.676169,30567467.2032715,140.7,-9.569797893695138e-07,150.4,ASK
870,1712704856.6793606,30581509.51946566,140.7,-3.118009933189398e-06,150.4,ASK
871,1712704858.4613166,30581559.51946566,140.6,-1.1102192437763822e-08,150.4,ASK
872,1712704859.7354329,30581775.92964606,140.6,-4.8052549366074384e-08,150.4,ASK
873,1712704859.7408378,30583651.56967486,140.6,-4.1647433087439053e-07,150.4,ASK
874,1712704860.371396,30583651.56967486,140.6,-0.0,150.4,ASK
875,1712704875.4952347,30583789.31072169,140.6,-3.0490217899247324e-08,150.4,ASK
876,1712704876.3757594,30585829.98370011,140.6,-4.5172129299599147e-07,150.4,ASK
877,1712704876.382597,30585866.29948958,140.6,-8.038826185478746e-09,150.4,ASK
878,1712704876.3893416,30589425.01835078,140.5,-7.877543841616647e-07,150.4,ASK
879,1712704876.3933835,30589720.91750673,140.3,-6.549993592059809e-08,150.4,ASK
880,1712704876.396373,30590220.91750673,140.6,-1.1067949097502645e-07,150.4,ASK
881,1712704876.3993826,30597331.24134836,140.5,-1.5739340469187183e-06,150.4,ASK
882,1712704876.4025197,30603838.81262419,140.3,-1.440509352585195e-06,150.4,ASK
883,1712704876.4055648,30604550.55639643,140.5,-1.575508768320031e-07,150.4,ASK
884,1712704881.6750872,30604610.55639643,140.3,-1.3281538917003172e-08,150.4,ASK
885,1712704881.835014,30604883.25731745,140.3,-6.03647982541393e-08,150.4,ASK
886,1712704883.4652286,30604984.69700206,140.5,-2.24545853147842e-08,150.4,ASK
887,1712704888.3851676,30605038.69700206,140.3,-1.1953385025302854e-08,150.4,ASK
888,1712704890.3649373,30605038.69700206,140.3,-0.0,150.4,ASK
889,1712704891.9104712,30605068.8553,140.3,-6.671374322991324e-09,150.4,ASK
890,1712704891.954839,30605117.4553,140.2,-1.0750898234237764e-08,150.4,ASK
891,1712704892.0953865,30609312.96890587,140.3,9.280975271429228e-07,150.4,BID
892,1712704897.0551865,30626469.76846725,140.3,-3.795288191730639e-06,150.4,ASK
893,1712704899.8653443,30626492.49514342,140.2,-5.027411166976324e-09,150.4,ASK
894,1712704899.8726912,30626513.50846725,140.2,-4.648397243920072e-09,150.4,ASK
895,1712704915.8653655,30627074.27732692,140.3,1.2404874369371058e-07,150.4,BID
896,1712704920.249823,30627074.27732692,140.3,0.0,150.4,BID
897,1712704947.3109767,30627334.60790543,140.3,-5.75488639633346e-08,150.4,ASK
898,1712704950.2418056,30627334.60790543,140.3,-0.0,150.4,ASK
899,1712704955.4541662,30627507.06789233,140.3,-3.812382029167975e-08,150.4,ASK
900,1712704957.4844615,30627557.06789233,140.3,-1.1052946534540956e-08,150.4,ASK
901,1712704980.3650749,30627557.06789233,140.3,-0.0,150.4,ASK
902,1712704982.9040542,30641812.23539054,140.3,-3.151210342195537e-06,150.4,ASK
903,1712704982.9111884,30645373.48895179,140.4,-7.872414725961441e-07,150.4,ASK
904,1712704982.918081,30659555.01078115,140.3,-3.134930421713008e-06,150.4,ASK
905,1712704982.921215,30659605.01078115,140.4,-1.1052870275258229e-08,150.4,ASK
906,1712704982.9839995,30662485.50371279,140.3,6.367542940438424e-07,150.4,BID
907,1712704983.0235095,30668421.15964907,140.3,1.3121207012458557e-06,150.4,BID
908,1712704988.3236082,30668460.52564907,140.3,-8.702145825201954e-09,150.4,ASK
909,1712705010.353586,30668460.52564907,140.3,-0.0,150.4,ASK
910,1712705040.2522926,30668460.52564907,140.3,-0.0,150.4,ASK
911,1712705043.8971815,30670071.11977935,140.5,-3.55582641256647e-07,150.4,ASK
912,1712705070.2376368,30670071.11977935,140.5,-0.0,150.4,ASK
913,1712705076.4517243,30671808.6045294,140.7,3.835780477719988e-07,150.4,BID
914,1712705076.4964323,30671852.6045294,140.7,9.713716394617015e-09,150.4,BID
915,1712705076.4997933,30673546.08927945,140.7,3.738643313773818e-07,150.4,BID
916,1712705076.571211,30684687.7074088,140.8,2.4596936064916283e-06,150.4,BID
917,1712705077.051523,30713160.73151711,140.8,6.285883661027491e-06,150.4,BID
1118,1712705097.891236,30713428.01874113,141.7,5.900800659187736e-08,150.4,BID
918,1712705097.891236,30713428.01874113,141.7,5.9008006591877364e-08,150.4,BID
919,1712705097.8963866,30715276.82184879,141.7,4.081533876658726e-07,150.4,BID
920,1712705100.200003,30715321.82184879,140.9,-9.934482676312856e-09,150.4,ASK
921,1712705100.3633509,30715321.82184879,140.9,-0.0,150.4,ASK
922,1712705101.2810793,30715510.32308273,141.7,4.1649840514019794e-08,150.4,BID
923,1712705105.470722,30715555.32308273,140.9,-9.942867661739528e-09,150.4,ASK
924,1712705110.2507286,30716233.31842252,140.9,-1.498048430842921e-07,150.4,ASK
925,1712705127.2807677,30716268.81168015,141.5,7.842328077894351e-09,150.4,BID
926,1712705130.3665774,30716268.81168015,141.5,0.0,150.4,BID
927,1712705130.970482,30719805.76160434,141.5,7.814752647408524e-07,150.4,BID
928,1712705130.976392,30723330.9585728,141.5,7.788784950988373e-07,150.4,BID
929,1712705132.3103578,30723370.9585728,140.9,-8.837843695736322e-09,150.4,ASK
930,1712705143.5503173,30723406.45183043,141.4,7.842096579797213e-09,150.4,BID
931,1712705153.009982,30723445.45183043,140.9,-8.616897603342914e-09,150.4,ASK
932,1712705160.2399936,30723445.45183043,140.9,-0.0,150.4,ASK
933,1712705190.2541907,30723445.45183043,140.9,-0.0,150.4,ASK
934,1712705220.3486838,30723445.45183043,140.9,-0.0,150.4,ASK
935,1712705243.812388,30748586.5330377,140.9,-5.553577660034464e-06,150.4,ASK
936,1712705243.8220203,30750000.9601947,141.0,-3.124420543452532e-07,150.4,ASK
937,1712705243.826362,30764309.54358717,140.9,-3.160716455273037e-06,150.4,ASK
938,1712705245.8585389,30774309.54358717,141.1,-2.208965324223606e-06,150.4,ASK
939,1712705250.3523595,30774309.54358717,141.1,-0.0,150.4,ASK
940,1712705252.118755,30774350.54358717,140.9,-9.042438374212988e-09,150.4,ASK
941,1712705269.8414288,30784350.54358717,141.0,-2.205472774198289e-06,150.4,ASK
942,1712705273.3783245,30784400.69058717,140.9,-1.105978432074587e-08,150.4,ASK
943,1712705277.3477974,30792533.68135014,140.9,-1.793708970053947e-06,150.4,ASK
944,1712705280.2230785,30792533.68135014,140.9,-0.0,150.4,ASK
945,1712705310.2554803,30792533.68135014,140.9,-0.0,150.4,ASK
946,1712705322.1167011,30792569.14943524,141.0,7.817960434884987e-09,150.4,BID
947,1712705322.2084649,30805075.84813524,141.0,2.7567565413997778e-06,150.4,BID
948,1712705322.2825332,30810052.96223524,140.9,-1.0970674341473556e-06,150.4,ASK
949,1712705322.2878976,30810252.96223524,140.9,-4.408447996592205e-08,150.4,ASK
950,1712705322.2912898,30813572.31879569,140.9,-7.316605389445599e-07,150.4,ASK
951,1712705325.2973258,30813627.33349569,140.8,-1.2126472200560338e-08,150.4,ASK
952,1712705340.3409903,30813627.33349569,140.8,-0.0,150.4,ASK
953,1712705343.8374617,30813727.33349569,140.9,2.2027803143904668e-08,150.4,BID
954,1712705350.887004,30813776.84672569,140.8,-1.0906676834520741e-08,150.4,ASK
955,1712705355.3073015,30818778.57312569,140.9,1.1017704451885142e-06,150.4,BID
956,1712705355.3147736,30822462.59056524,140.9,8.115081093707344e-07,150.4,BID
957,1712705355.4668405,30823122.56917078,141.0,1.4537878802075198e-07,150.4,BID
958,1712705360.2270207,30823222.56917078,141.0,2.2027803143904668e-08,150.4,BID
959,1712705361.8700707,30823267.13107778,140.9,-9.816009151314844e-09,150.4,ASK
960,1712705370.345173,30823267.13107778,140.9,-0.0,150.4,ASK
961,1712705370.7543056,30825141.60577778,141.0,4.127820893060129e-07,150.4,BID
962,1712705370.7603786,30834308.15659441,141.0,2.018585792498354e-06,150.4,BID
963,1712705385.2366211,30844183.20489591,141.1,-2.1746055414300297e-06,150.4,ASK
964,1712705385.2438087,30849778.04180989,141.0,-1.2320510224433146e-06,150.4,ASK
965,1712705393.7064018,30849979.39258782,141.4,4.433988615392703e-08,150.4,BID
966,1712705400.3416622,30849979.39258782,141.4,0.0,150.4,BID
967,1712705407.9962103,30850657.38792761,141.1,-1.4934958101584834e-07,150.4,ASK
968,1712705415.4262035,30853485.13186323,141.1,-6.228986354598857e-07,150.4,ASK
969,1712705416.2662718,30860889.28346323,141.4,1.6309948967741227e-06,150.4,BID
970,1712705416.2733965,30872907.3840853,141.4,2.647360810861834e-06,150.4,BID
971,1712705421.650665,30872962.3840853,141.6,1.2115462266140336e-08,150.4,BID
972,1712705428.576369,30873630.42437456,141.6,1.471566712144804e-07,150.4,BID
973,1712705428.5810592,30879212.3164853,141.6,1.2295855134786112e-06,150.4,BID
974,1712705428.8763528,30884691.35011075,141.6,-1.2069277298918797e-06,150.4,ASK
975,1712705430.2560055,30884691.35011075,141.6,-0.0,150.4,ASK
976,1712705432.0458975,30884746.35011075,141.7,1.2102373707156895e-08,150.4,BID
977,1712705459.0556726,30897228.88099924,141.4,-2.7466955204298143e-06,150.4,ASK
978,1712705460.3591113,30897228.88099924,141.4,-0.0,150.4,ASK
979,1712705465.9763649,30904301.01678424,141.4,-1.5555682706106365e-06,150.4,ASK
980,1712705467.4356277,30904356.01678424,141.5,1.2097654440553521e-08,150.4,BID
1180,1712705467.4356277,30904356.01678424,141.5,1.209765444055352e-08,150.4,BID
981,1712705490.3453171,30904356.01678424,141.5,0.0,150.4,BID
982,1712705520.2549198,30904356.01678424,141.5,0.0,150.4,BID
983,1712705531.1550448,30904709.37367469,141.5,7.770622137840314e-08,150.4,BID
984,1712705550.259132,30904709.37367469,141.5,0.0,150.4,BID
985,1712705555.4962242,30908243.67441682,141.4,-7.772146053659948e-07,150.4,ASK
986,1712705555.5039103,30936452.41912768,141.2,-6.203277532942149e-06,150.4,ASK
987,1712705555.5950413,30936886.63835443,141.2,9.54874951469236e-08,150.4,BID
988,1712705555.6025667,30943534.57223768,141.2,1.4619218019500602e-06,150.4,BID
989,1712705555.8947196,30943731.01668934,141.2,4.319935062491492e-08,150.4,BID
990,1712705557.4081604,30947301.24121093,141.2,7.851144667846137e-07,150.4,BID
991,1712705557.414219,30953455.88481093,141.2,1.3534442159150076e-06,150.4,BID
992,1712705571.8346832,30953731.01668934,141.2,-6.050320272848399e-08,150.4,ASK
993,1712705580.3445415,30953731.01668934,141.2,-0.0,150.4,ASK
994,1712705610.3533683,30953731.01668934,141.2,-0.0,150.4,ASK
995,1712705640.2378595,30953731.01668934,141.2,-0.0,150.4,ASK
996,1712705670.2391253,30953731.01668934,141.2,-0.0,150.4,ASK
997,1712705681.1103885,30960110.20029621,141.1,-1.4006896629400289e-06,150.4,ASK
998,1712705698.8443084,30960565.20029621,141.2,9.990522861760697e-08,150.4,BID
999,1712705698.8522615,30960665.20029621,141.2,2.1957193102770764e-08,150.4,BID
1000,1712705700.3364651,30960665.20029621,141.2,0.0,150.4,BID
1201,1712705701.843771,30960699.41609621,141.3,7.520116920394442e-09,150.4,BID
1202,1712705701.8463075,30960720.20029621,141.2,4.568053766682619e-09,150.4,BID
1203,1712705704.9554555,30960775.20029621,141.3,1.2088170687077062e-08,150.4,BID
1204,1712705712.6534884,30961103.61609402,141.0,-7.21808403685814e-08,150.4,ASK
1205,1712705712.66338,30961744.11853782,141.0,-1.4077277938479754e-07,150.4,ASK
1206,1712705713.9840307,30961789.11853782,141.3,9.890321471244869e-09,150.4,BID
1207,1712705729.0535223,30962335.2290003,141.0,-1.200268451717871e-07,150.4,ASK
1208,1712705730.357383,30962335.2290003,141.0,-0.0,150.4,ASK
1209,1712705735.485867,30962380.2290003,141.3,9.889809540996489e-09,150.4,BID
1210,1712705736.2743876,30966001.04539343,141.0,-7.957596557993087e-07,150.4,ASK
1211,1712705738.81336,30966045.04539343,141.3,9.670035995641013e-09,150.4,BID
1212,1712705760.2236395,30966045.04539343,141.3,0.0,150.4,BID
1213,1712705763.853479,30967043.24686918,141.0,-2.19353059179055e-07,150.4,ASK
1214,1712705763.8566706,30976910.91420012,141.0,-2.1684029412749954e-06,150.4,ASK
1215,1712705766.623243,30976954.91420012,141.3,9.668924398874882e-09,150.4,BID
1216,1712705771.2534437,30977972.29363274,141.0,-2.235673822490827e-07,150.4,ASK
1217,1712705771.2562916,30979764.89712152,141.0,-3.939215365949676e-07,150.4,ASK
1218,1712705771.2633553,30994934.29229234,140.9,-3.333448524621427e-06,150.4,ASK
1219,1712705771.5431182,30995138.01246443,141.2,4.476715778296338e-08,150.4,BID
1220,1712705774.223285,30995183.01246443,141.3,9.888672680667492e-09,150.4,BID
1221,1712705790.2242706,30995183.01246443,141.3,0.0,150.4,BID
1222,1712705820.3429527,30995183.01246443,141.3,0.0,150.4,BID
1223,1712705850.3525577,30995183.01246443,141.3,0.0,150.4,BID
1224,1712705880.2279732,30995183.01246443,141.3,0.0,150.4,BID
1225,1712705905.6829877,30995502.2104772,140.9,-7.007996719376493e-08,150.4,ASK
1226,1712705905.6851668,31005095.04029749,140.9,-2.106107094054343e-06,150.4,ASK
1227,1712705905.687344,31005345.62600385,140.8,-5.5016125973429643e-08,150.4,ASK
1228,1712705905.689449,31009429.36624515,140.9,-8.965857263813724e-07,150.4,ASK
1229,1712705905.692573,31060286.80684303,140.8,-1.1165758012519744e-05,150.4,ASK
1230,1712705905.7221549,31061302.08120428,140.8,2.229036243419409e-07,150.4,BID
1231,1712705910.228125,31061302.08120428,140.8,0.0,150.4,BID
1232,1712705933.7928488,31076704.6567094,140.5,-3.374738830255114e-06,150.4,ASK
1233,1712705933.7957182,31076753.4699094,140.6,-1.0695081573632655e-08,150.4,ASK
1234,1712705933.9319904,31079862.4805094,140.5,-6.811911937721032e-07,150.4,ASK
1235,1712705934.462649,31082733.6456516,140.5,-6.290787206490331e-07,150.4,ASK
1236,1712705940.3466504,31082733.6456516,140.5,-0.0,150.4,ASK
1237,1712705945.4927316,31082765.50472282,140.3,-6.975791680291791e-09,150.4,ASK
1238,1712705945.4950187,31082783.6456516,140.3,-3.972097592238218e-09,150.4,ASK
1239,1712705970.3421552,31082783.6456516,140.3,-0.0,150.4,ASK
1240,1712706000.2881868,31082783.6456516,140.3,-0.0,150.4,ASK
1241,1712706019.5018663,31085229.72734119,140.3,-5.364527087178334e-07,150.4,ASK
1242,1712706019.504805,31090556.58641241,140.3,-1.1682389798663033e-06,150.4,ASK
1243,1712706019.6519947,31090640.44243522,140.8,1.8390551210738808e-08,150.4,BID
1244,1712706026.9524815,31090679.94243522,140.3,-8.662785909622341e-09,150.4,ASK
1245,1712706030.2313051,31090679.94243522,140.3,-0.0,150.4,ASK
1246,1712706047.0416284,31154573.11345484,140.3,-1.4009073682643392e-05,150.4,ASK
1247,1712706047.052752,31154873.11345484,140.3,-6.577732858966084e-08,150.4,ASK
1248,1712706047.0547156,31164970.96759481,140.2,-2.214032899383972e-06,150.4,ASK
1249,1712706047.0560217,31169674.09946512,140.3,-1.0311981681131218e-06,150.4,ASK
1250,1712706047.0573113,31185133.70189194,140.1,-3.389637828981415e-06,150.4,ASK
1251,1712706047.0586195,31189526.35192188,140.2,-9.631226146621977e-07,150.4,ASK
1252,1712706047.0599415,31189597.72950931,140.1,-1.5650090074440455e-08,150.4,ASK
1253,1712706047.0612445,31190054.36289019,140.2,-1.0012041313104045e-07,150.4,ASK
1254,1712706047.0625796,31196069.82767742,140.1,-1.3189373464305167e-06,150.4,ASK
1255,1712706047.063907,31196269.82767742,140.2,-4.385155239310722e-08,150.4,ASK
1256,1712706047.0652266,31349584.89110484,140.1,-3.361551768269999e-05,150.4,ASK
1257,1712706051.6217148,31350091.61695711,140.8,1.1110357629872874e-07,150.4,BID
1258,1712706053.3115585,31350131.61695711,140.2,-8.770310478621444e-09,150.4,ASK
1259,1712706060.3515198,31350131.61695711,140.2,-0.0,150.4,ASK
1260,1712706065.3315258,31350515.6649032,140.3,-8.35394107247769e-08,150.4,ASK
1261,1712706082.1517563,31357617.93763047,140.8,1.5449104323579197e-06,150.4,BID
1262,1712706084.2413929,31357679.48763047,140.4,-1.3388564585485311e-08,150.4,ASK
1263,1712706085.9117,31357871.51160352,140.4,-4.1769705362793626e-08,150.4,ASK
1264,1712706090.351478,31357871.51160352,140.4,-0.0,150.4,ASK
1265,1712706103.4917755,31359201.29883756,140.5,-2.8919129071259344e-07,150.4,ASK
1266,1712706108.6721373,31371691.0250519,140.8,2.71616387351911e-06,150.4,BID
1267,1712706108.675297,31376331.06091142,140.8,1.0090771852946774e-06,150.4,BID
1268,1712706110.831416,31376386.45591142,140.5,-1.204685316477538e-08,150.4,ASK
1269,1712706112.421754,31376482.46789794,140.5,-2.087990438985233e-08,150.4,ASK
1270,1712706120.221602,31376482.46789794,140.5,-0.0,150.4,ASK
1271,1712706138.251768,31391813.67124524,140.6,-3.3322065676832903e-06,150.4,ASK
1272,1712706141.4213483,31391861.6772385,140.6,-1.043400719512038e-08,150.4,ASK
1273,1712706142.5418973,31394994.58213979,140.8,6.809306517899371e-07,150.4,BID
1274,1712706148.5926542,31397133.29836917,140.6,-4.648457204896165e-07,150.4,ASK
1275,1712706148.595162,31397821.4942811,140.8,-1.495780132605583e-07,150.4,ASK
1276,1712706150.2766109,31397821.4942811,140.8,-0.0,150.4,ASK
1277,1712706150.8713725,31403369.14719718,140.6,-1.204985358439906e-06,150.4,ASK
1278,1712706180.3417685,31403369.14719718,140.6,-0.0,150.4,ASK
1279,1712706187.5094976,31416958.13036475,140.6,-2.9511132514993063e-06,150.4,ASK
1280,1712706187.9311397,31417170.02666649,140.6,4.6017422811866975e-08,150.4,BID
1281,1712706210.337895,31417170.02666649,140.6,0.0,150.4,BID
1282,1712706222.2711926,31417881.26421983,140.6,1.543940726190549e-07,150.4,BID
1283,1712706227.6769311,31419595.36798545,140.5,-3.720943305390055e-07,150.4,ASK
1284,1712706227.7511604,31423214.09721983,140.5,-7.855467439467353e-07,150.4,ASK
1285,1712706227.764533,31423322.67641983,140.5,-2.3570162755648327e-08,150.4,ASK
1286,1712706227.8510172,31435681.36245749,140.4,-2.68279966462042e-06,150.4,ASK
1287,1712706228.3013492,31446149.37142909,140.4,-2.2723751434958228e-06,150.4,ASK
1288,1712706228.3045394,31452117.97312909,140.4,-1.2956525143708889e-06,150.4,ASK
1289,1712706228.3810976,31452217.97312909,140.3,-2.170780661022812e-08,150.4,ASK
1290,1712706230.692128,31452262.97312909,140.6,9.768512974602652e-09,150.4,BID
1291,1712706240.247687,31452262.97312909,140.6,0.0,150.4,BID
1292,1712706240.323424,31452974.21068243,140.6,1.5422909326369344e-07,150.4,BID
1293,1712706262.2408488,31453329.8294591,140.6,7.711454663225062e-08,150.4,BID
1294,1712706270.2378206,31453329.8294591,140.6,0.0,150.4,BID
1295,1712706300.250744,31453329.8294591,140.6,0.0,150.4,BID
1296,1712706301.8836455,31453636.61063465,140.6,6.685252594049834e-08,150.4,BID
1297,1712706312.540702,31463636.61063465,140.6,2.17915997683458e-06,150.4,BID
1298,1712706330.2306917,31463636.61063465,140.6,0.0,150.4,BID
1299,1712706348.4710329,31498432.03653478,140.6,7.580086239280915e-06,150.4,BID
1300,1712706348.5707896,31509093.88955046,140.6,2.3226548673770937e-06,150.4,BID
1301,1712706348.5742023,31509193.88955046,140.6,2.1784720385483453e-08,150.4,BID
1302,1712706350.6814964,31509238.88955046,141.3,9.803124173467552e-09,150.4,BID
1303,1712706360.3614004,31509238.88955046,141.3,0.0,150.4,BID
1304,1712706388.1805348,31509302.6720276,141.2,1.3875453434142941e-08,150.4,BID
1305,1712706388.1906066,31510338.88955046,140.9,2.2542222614568066e-07,150.4,BID
1306,1712706390.3504162,31510338.88955046,140.9,0.0,150.4,BID
1307,1712706391.070421,31510393.88955046,141.2,1.1964480522282528e-08,150.4,BID
1308,1712706405.61049,31511179.15442298,141.2,1.7082338676567481e-07,150.4,BID
1309,1712706420.2412612,31511179.15442298,141.2,0.0,150.4,BID
1310,1712706422.5104165,31514289.09776575,141.2,6.765072041332424e-07,150.4,BID
1311,1712706450.2445574,31514289.09776575,141.2,0.0,150.4,BID
1312,1712706462.6605425,31517645.3337208,140.9,-7.300136004396296e-07,150.4,ASK
1313,1712706462.6639626,31517800.3337208,140.9,-3.3713990787191966e-08,150.4,ASK
1314,1712706464.164836,31529720.52963232,140.9,-2.592757258983759e-06,150.4,ASK
1315,1712706464.290279,31529872.52963232,140.8,-3.3061461933246315e-08,150.4,ASK
1316,1712706464.3234618,31535058.41286424,140.6,-1.1279794806742244e-06,150.4,ASK
1317,1712706464.4204104,31544781.94392411,140.6,-2.114961526267007e-06,150.4,ASK
1318,1712706464.5203483,31550616.06256002,140.6,-1.2689769157572871e-06,150.4,ASK
1319,1712706469.2404163,31550661.06256002,140.9,9.787932809184763e-09,150.4,BID
1320,1712706480.3523924,31550661.06256002,140.9,0.0,150.4,BID
1321,1712706510.3305552,31550661.06256002,140.9,0.0,150.4,BID
1322,1712706532.000256,31550706.06256002,141.2,9.777047645147e-09,150.4,BID
1323,1712706540.251292,31550706.06256002,141.2,0.0,150.4,BID
1324,1712706543.7602088,31550811.06256002,140.9,-2.2813079678116812e-08,150.4,ASK
1325,1712706546.5904288,31550866.06256002,141.2,1.1949708402823092e-08,150.4,BID
1326,1712706553.9807618,31551418.95888109,140.4,-1.2012636025123797e-07,150.4,ASK
1327,1712706553.9843864,31551534.95888109,140.7,-2.5203021358681453e-08,150.4,ASK
1328,1712706556.0300972,31551636.95888109,141.2,2.21612774015992e-08,150.4,BID
1329,1712706570.223999,31551636.95888109,141.2,0.0,150.4,BID
1330,1712706589.6500783,31551741.95888109,140.7,-2.2812430832354413e-08,150.4,ASK
1331,1712706589.653772,31559409.8996419,140.4,-1.665946364119691e-06,150.4,ASK
1332,1712706591.963729,31559453.8996419,140.8,9.559494824986609e-09,150.4,BID
1333,1712706599.3503697,31560164.12691462,140.8,1.5430486223006858e-07,150.4,BID
1334,1712706600.270205,31560164.12691462,140.8,0.0,150.4,BID
1335,1712706612.8401875,31561071.82149355,140.8,1.9778900446704045e-07,150.4,BID
1336,1712706612.843943,31564898.17419335,140.8,8.337721837275513e-07,150.4,BID
1337,1712706612.9398267,31568695.64679335,140.8,-8.274791350302231e-07,150.4,ASK
1338,1712706612.9612465,31572493.11939335,140.8,-8.274791350294113e-07,150.4,ASK
1339,1712706612.9647143,31583637.87599335,140.8,-2.428471386860268e-06,150.4,ASK
1340,1712706614.699966,31583682.87599335,140.9,9.80561678742382e-09,150.4,BID
1341,1712706630.2322693,31583682.87599335,140.9,0.0,150.4,BID
1342,1712706631.0606616,31589275.21559335,140.9,1.217706649090555e-06,150.4,BID
1343,1712706631.0643797,31598627.62819335,140.9,2.036445534898586e-06,150.4,BID
1344,1712706631.6398752,31598727.62819335,140.9,-2.1774547616715543e-08,150.4,ASK
1345,1712706637.6803515,31598782.62819335,141.1,1.1976001189193548e-08,150.4,BID
1346,1712706660.3401055,31598782.62819335,141.1,0.0,150.4,BID
1347,1712706668.8760662,31600201.72769335,141.1,3.0885941170812977e-07,150.4,BID
1348,1712706668.8806448,31619045.48007711,141.1,4.101241861913255e-06,150.4,BID
1349,1712706668.88422,31619145.48007711,141.1,2.1764464839007133e-08,150.4,BID
1350,1712706674.0301244,31619451.90809973,141.1,6.66924192398504e-08,150.4,BID
1351,1712706674.0330691,31619458.32590753,141.3,1.3968015218119908e-09,150.4,BID
1352,1712706674.039726,31619598.48007711,141.2,3.0503804959039936e-08,150.4,BID
1353,1712706677.039894,31619653.48007711,141.3,1.1970455661453921e-08,150.4,BID
1354,1712706690.3511834,31619653.48007711,141.3,0.0,150.4,BID
1355,1712706703.2205718,31625332.6055524,140.9,-1.2352395497241071e-06,150.4,ASK
1356,1712706704.382852,31625387.6055524,141.2,1.1962788202235096e-08,150.4,BID
1357,1712706720.2742174,31625387.6055524,141.2,0.0,150.4,BID
1358,1712706738.9701626,31625442.6055524,141.3,1.196068629822582e-08,150.4,BID
1359,1712706750.2097044,31625442.6055524,141.3,0.0,150.4,BID
1360,1712706780.3806288,31625442.6055524,141.3,0.0,150.4,BID
1361,1712706810.3398924,31625442.6055524,141.3,0.0,150.4,BID
1362,1712706840.2294607,31625442.6055524,141.3,0.0,150.4,BID
1363,1712706849.6015253,31633918.44385392,141.1,1.8432122128690605e-06,150.4,BID
1364,1712706849.6044884,31636674.43478993,141.2,5.99336133029203e-07,150.4,BID
1365,1712706852.7533317,31636719.43478993,141.2,9.785999523405452e-09,150.4,BID
1366,1712706860.5995026,31638920.00456013,140.9,-4.785505493870581e-07,150.4,ASK
1367,1712706860.60246,31639558.99752758,140.9,-1.3895966388703576e-07,150.4,ASK
1368,1712706860.6994896,31650270.19756445,140.9,-2.329328854575448e-06,150.4,ASK
1369,1712706864.670142,31650325.19756445,141.0,1.196066608416222e-08,150.4,BID
1370,1712706870.2201393,31650325.19756445,141.0,0.0,150.4,BID
1371,1712706878.6595836,31650380.19756445,141.1,1.1951547276284429e-08,150.4,BID
1372,1712706900.339722,31650380.19756445,141.1,0.0,150.4,BID
1373,1712706930.349356,31650380.19756445,141.1,0.0,150.4,BID
1374,1712706941.983492,31650516.6612475,141.0,2.984522496427051e-08,150.4,BID
1375,1712706960.249494,31650516.6612475,141.0,0.0,150.4,BID
1376,1712706986.5496628,31664788.05841669,140.8,-3.1212060026144587e-06,150.4,ASK
1377,1712706990.241089,31664788.05841669,140.8,-0.0,150.4,ASK
1378,1712707020.3760471,31664788.05841669,140.8,-0.0,150.4,ASK
1379,1712707033.73974,31669788.05841669,140.9,-1.093037669981866e-06,150.4,ASK
1380,1712707033.7420344,31670426.58610669,140.8,-1.395869636994826e-07,150.4,ASK
1381,1712707039.979652,31672561.81742342,140.8,-4.66777652661443e-07,150.4,ASK
1382,1712707050.3394394,31672561.81742342,140.8,-0.0,150.4,ASK
1383,1712707080.2358282,31672561.81742342,140.8,-0.0,150.4,ASK
1384,1712707088.6394858,31672622.16546845,140.9,-1.3189379964406397e-08,150.4,ASK
1385,1712707089.2540317,31673169.27108342,140.9,-1.195727853749991e-07,150.4,ASK
1386,1712707090.84805,31673749.8660032,140.9,-1.2689204759309478e-07,150.4,ASK
1387,1712707091.1707804,31674100.85530801,140.9,-7.671054301926599e-08,150.4,ASK
1388,1712707110.2502718,31674100.85530801,140.9,-0.0,150.4,ASK
1389,1712707113.0101883,31681873.79606882,141.0,1.6987362305725605e-06,150.4,BID
1390,1712707113.0142682,31682784.17037135,141.0,1.9895762217628866e-07,150.4,BID
1391,1712707113.018156,31684910.32203684,141.0,4.646595126609352e-07,150.4,BID
1392,1712707113.0219746,31687505.11062715,141.0,5.670777025931793e-07,150.4,BID
1393,1712707123.300343,31691114.87635907,141.0,7.888957373268862e-07,150.4,BID
1394,1712707123.3041074,31694594.84114857,141.1,7.605284088672391e-07,150.4,BID
1395,1712707129.9501967,31694634.84114857,141.1,8.741794298175276e-09,150.4,BID
1396,1712707137.839704,31698186.19095152,141.1,7.761292364560347e-07,150.4,BID
1397,1712707137.8427703,31702304.48886399,141.1,9.000328302356524e-07,150.4,BID
1398,1712707137.9801564,31703385.8197781,141.2,2.363193104851745e-07,150.4,BID
1399,1712707138.0997348,31706629.81252043,141.2,7.089579314555234e-07,150.4,BID
1400,1712707138.1036675,31710916.77143599,141.3,9.36892825114166e-07,150.4,BID
1401,1712707138.2798536,31713702.70286068,141.3,6.088509860862418e-07,150.4,BID
1402,1712707138.2838438,31713765.70286068,141.4,1.376832601962606e-08,150.4,BID
1403,1712707140.3314607,31713765.70286068,141.4,0.0,150.4,BID
1404,1712707140.8298194,31734597.23578838,141.1,-4.547062572075124e-06,150.4,ASK
1405,1712707147.5903883,31734632.67873664,141.5,7.736411143323941e-09,150.4,BID
1406,1712707170.3127894,31734632.67873664,141.5,0.0,150.4,BID
1407,1712707179.2102258,31738485.78398613,141.5,8.405074131654779e-07,150.4,BID
1408,1712707195.9397871,31738521.78398613,141.1,-7.852956230032281e-09,150.4,ASK
1409,1712707199.5697412,31748936.56473026,141.1,-2.2718560369180253e-06,150.4,ASK
1410,1712707200.360381,31748936.56473026,141.1,-0.0,150.4,ASK
1411,1712707205.3558583,6113.07235951,141.1,-1.343170333646816e-06,141.1,ASK
1412,1712707228.8415756,8502.59278354,141.1,-5.250278021341008e-07,141.1,ASK
1413,1712707230.2962573,8502.59278354,141.1,-0.0,141.1,ASK
1414,1712707236.9316747,8633.97997866,141.1,-2.8860917259350844e-08,141.1,ASK
1415,1712707238.9336665,8765.46555841,141.1,-2.88825287311799e-08,141.1,ASK
1416,1712707244.3786905,8800.85833972,141.3,7.774487704325133e-09,141.3,BID
1417,1712707246.6205072,8836.25112103,141.3,7.774487704325133e-09,141.3,BID
1418,1712707252.2262013,9123.31535841,141.3,6.305741739578158e-08,141.3,BID
1419,1712707252.228171,9169.588925,141.4,1.0164594619965058e-08,141.4,BID
1420,1712707252.2300482,18519.19581169,141.4,2.053763538507427e-06,141.4,BID
1421,1712707252.2319424,19556.4136715,141.5,2.278384800326757e-07,141.5,BID
1422,1712707260.5829284,19556.4136715,141.5,0.0,141.5,BID
1423,1712707260.7152236,19556.4136715,141.5,0.0,141.5,BID
1424,1712707269.9857278,19606.4136715,141.1,-1.0979384909197528e-08,141.5,ASK
1425,1712707284.9804468,19641.75642768,141.5,7.760834477043176e-09,141.5,BID
1426,1712707290.380507,19641.75642768,141.5,0.0,141.5,BID
1427,1712707293.9827628,21954.1628077,141.1,-5.077746499976144e-07,141.5,ASK
1428,1712707307.538275,49897.09931563,141.1,-6.135908864382657e-06,141.5,ASK
1429,1712707320.5264306,49897.09931563,141.1,-0.0,141.5,ASK
1430,1712707320.6442027,49897.09931563,141.1,-0.0,141.5,ASK
1431,1712707326.3896716,51346.05357744,141.1,-3.178737064531039e-07,141.5,ASK
1432,1712707326.3916905,52267.8039,141.1,-2.022149347146981e-07,141.5,ASK
1433,1712707346.914498,52977.52710794,140.9,-1.557001160146062e-07,141.5,ASK
1434,1712707346.9192836,56476.48922335,140.9,-7.676074294953969e-07,141.5,ASK
1435,1712707346.9498703,58117.93639751,140.9,3.601030832715366e-07,141.5,BID
1436,1712707347.1769612,58167.93639751,140.8,-1.0969073173366582e-08,141.5,ASK
1437,1712707350.3261912,58167.93639751,140.8,-0.0,141.5,ASK
1438,1712707353.0733871,58203.27915369,141.5,7.751563022270783e-09,141.5,BID
1439,1712707376.411204,90058.06262285,140.8,-6.986562122218634e-06,141.5,ASK
1440,1712707376.4140372,91171.37954563,140.8,-2.441786443235501e-07,141.5,ASK
1441,1712707376.416455,91371.37954563,140.9,-4.386507369596549e-08,141.5,ASK
1442,1712707376.4183946,91429.37954563,140.8,-1.2720871371829993e-08,141.5,ASK
1443,1712707380.5762362,91429.37954563,140.8,-0.0,141.5,ASK
1444,1712707380.7166057,91429.37954563,140.8,-0.0,141.5,ASK
1445,1712707381.196874,125028.38787064,140.5,-7.361553411546513e-06,141.5,ASK
1446,1712707381.200363,125128.38787064,140.7,-2.1910031809084123e-08,141.5,ASK
1447,1712707385.336547,125164.18787064,140.2,-7.843791387652753e-09,141.5,ASK
1448,1712707388.9932027,125333.49679525,140.3,-3.709563923766903e-08,141.5,ASK
1449,1712707399.6614354,125368.86454631,141.4,7.7490855074027e-09,141.5,BID
1450,1712707402.0345483,125404.66454631,140.4,-7.843791387652753e-09,141.5,ASK
1451,1712707406.3303838,125440.03229737,141.4,7.7490855074027e-09,141.5,BID
1452,1712707408.5608246,125475.83229737,140.4,-7.843791387652753e-09,141.5,ASK
1453,1712707410.3894289,125475.83229737,140.4,-0.0,141.5,ASK
1454,1712707440.3972454,125475.83229737,140.4,-0.0,141.5,ASK
1455,1712707440.6510546,125475.83229737,140.4,-0.0,141.5,ASK
1456,1712707448.7472546,125522.37929737,140.5,-1.0187784900813272e-08,141.5,ASK
1457,1712707448.7520878,162272.514717,140.4,-8.043536097512234e-06,141.5,ASK
1458,1712707448.754103,209884.59597145,140.3,-1.0420900219140192e-05,141.5,ASK
1459,1712707448.892953,214138.46304276,140.3,9.310478165972732e-07,141.5,BID
1460,1712707470.298092,214138.46304276,140.3,0.0,141.5,BID
1461,1712707497.0354457,214338.46304276,140.1,-4.36552930134963e-08,141.5,ASK
1462,1712707497.037528,215051.72980452,140.2,-1.556893474071011e-07,141.5,ASK
1463,1712707497.0395515,215351.72980452,140.1,-6.548293952024444e-08,141.5,ASK
1464,1712707497.0415587,251066.0155188,140.0,-7.795588038123094e-06,141.5,ASK
1465,1712707497.0435815,251130.2155188,140.2,-1.40133490573285e-08,141.5,ASK
1466,1712707497.0456338,251487.35837594,140.0,-7.795588038062356e-08,141.5,ASK
1467,1712707497.0476744,257496.46426628,140.0,-1.3116463919595957e-06,141.5,ASK
1468,1712707497.049735,257567.84185371,140.1,-1.5580047469266483e-08,141.5,ASK
1469,1712707499.5005178,257604.96613871,140.0,-8.103357697957302e-09,141.5,ASK
1470,1712707499.502658,257781.64716454,140.0,-3.8565309762664665e-08,141.5,ASK
1471,1712707499.504713,282918.37533136,140.0,-5.486756167615661e-06,141.5,ASK
1472,1712707499.5247324,282973.37533136,140.3,1.2005205578711485e-08,141.5,BID
1473,1712707500.8933797,282973.37533136,140.3,0.0,141.5,BID
1474,1712707501.0282907,282973.37533136,140.3,0.0,141.5,BID
1475,1712707528.9200158,283012.57704198,140.3,8.547010047621844e-09,141.5,BID
1476,1712707530.3625495,283012.57704198,140.3,0.0,141.5,BID
1477,1712707531.0521307,283051.77875261,140.0,-8.54699980069554e-09,141.5,ASK
1478,1712707531.130077,284051.77875261,140.0,-2.180261948609996e-07,141.5,ASK
1479,1712707531.1323335,299417.66395288,140.0,-3.350165480885826e-06,141.5,ASK
1480,1712707531.1420605,300230.01492025,140.0,-1.771137903073274e-07,141.5,ASK
1481,1712707532.046718,300235.81320963,140.3,1.2641789702322575e-09,141.5,BID
1482,1712707532.0488682,304486.14847057,140.0,9.26684423826273e-07,141.5,BID
1483,1712707532.050936,310230.01492025,140.3,1.2523133458134903e-06,141.5,BID
1484,1712707547.890277,310266.51241846,139.9,-7.957410656671502e-09,141.5,ASK
1485,1712707547.893886,313069.5776579,139.9,-6.111416481022419e-07,141.5,ASK
1486,1712707550.4675434,313124.5776579,140.3,1.1991440717354977e-08,141.5,BID
1487,1712707558.9228752,313837.33603281,140.3,1.5539999633693418e-07,141.5,BID
1488,1712707560.408812,313837.33603281,140.3,0.0,141.5,BID
1489,1712707560.6923633,313837.33603281,140.3,0.0,141.5,BID
1490,1712707579.7533922,314193.71522026,140.3,7.762693189007794e-08,141.5,BID
1491,1712707590.2582543,314193.71522026,140.3,0.0,141.5,BID
1492,1712707612.9003778,314550.09440771,140.3,7.762608645981307e-08,141.5,BID
1493,1712707614.830601,315264.38012199,140.0,-1.5558485614844716e-07,141.5,ASK
1494,1712707614.8342378,318832.53492617,140.0,-7.772111926994793e-07,141.5,ASK
1495,1712707618.1219234,318887.53492617,140.3,1.1980033923526662e-08,141.5,BID
1496,1712707618.7199965,319601.82064046,140.0,-1.555848561506279e-07,141.5,ASK
1497,1712707620.3264966,319601.82064046,140.0,-0.0,141.5,ASK
1498,1712707620.8038137,319601.82064046,140.0,-0.0,141.5,ASK
1499,1712707621.3922062,319653.82064046,140.3,1.1324709572736945e-08,141.5,BID
1500,1712707650.2720892,319653.82064046,140.3,0.0,141.5,BID
1501,1712707650.9916022,319796.37231544,140.3,3.104526448612516e-08,141.5,BID
1502,1712707680.6493702,319796.37231544,140.3,0.0,141.5,BID
1503,1712707680.67941,319796.37231544,140.3,0.0,141.5,BID
1504,1712707697.9801323,319896.37231544,140.0,-2.1778158179306425e-08,141.5,ASK
1505,1712707697.9826086,322211.9907716,140.0,-5.042990502117403e-07,141.5,ASK
1506,1712707700.3105695,322256.9907716,140.2,9.800171180687892e-09,141.5,BID
1507,1712707703.0398912,326256.9907716,140.2,8.711263271722571e-07,141.5,BID
1508,1712707710.353767,326256.9907716,140.2,0.0,141.5,BID
1509,1712707720.4527235,351559.46836015,140.2,5.509327391686835e-06,141.5,BID
1510,1712707720.4676197,379660.77124202,140.2,6.118739841478375e-06,141.5,BID
1511,1712707726.580971,386533.62347569,140.2,1.4964855887120312e-06,141.5,BID
1512,1712707726.58324,419548.65716741,140.2,7.1886489699952e-06,141.5,BID
1513,1712707726.7586114,419761.69026815,140.3,4.638554043316085e-08,141.5,BID
1514,1712707726.7608705,422061.97173621,140.3,5.008601887392765e-07,141.5,BID
1515,1712707726.8714693,424261.12198391,140.3,4.788400130258843e-07,141.5,BID
1516,1712707726.98306,425822.12595437,140.3,3.398909021019793e-07,141.5,BID
1517,1712707727.1686685,427845.78597583,140.3,4.4062900752202243e-07,141.5,BID
1518,1712707727.2999196,429714.05124276,140.3,4.067935629628724e-07,141.5,BID
1519,1712707727.3169532,431475.26210267,140.3,3.834836805637321e-07,141.5,BID
1520,1712707727.3818562,432304.17514347,140.3,1.804864090887505e-07,141.5,BID
1521,1712707728.9200957,459761.69026747,140.3,5.978562362160271e-06,141.5,BID
1522,1712707729.1827486,459761.69026815,140.3,1.4805834194352308e-16,141.5,BID
1523,1712707732.2627072,459806.69026815,140.6,9.798239392101952e-09,141.5,BID
1524,1712707733.050289,459861.69026815,140.6,1.1975625923680165e-08,141.5,BID
1525,1712707733.5317032,461523.60165233,140.4,-3.618623464590065e-07,141.5,ASK
1526,1712707733.5339458,461568.17490979,140.6,-9.705321046190208e-09,141.5,ASK
1527,1712707735.120953,462560.37902034,141.1,2.1604118668881e-07,141.5,BID
1528,1712707736.0711155,462671.37902034,141.1,2.416899050051815e-08,141.5,BID
1529,1712707738.8601952,463096.60935343,141.1,9.258908000886897e-08,141.5,BID
1530,1712707740.557732,463096.60935343,141.1,0.0,141.5,BID
1531,1712707740.8328202,463096.60935343,141.1,0.0,141.5,BID
1532,1712707752.9083776,463195.18277592,141.2,2.1373932045522083e-08,141.5,BID
1533,1712707752.91066,464645.18277592,141.1,3.144072781802767e-07,141.5,BID
1534,1712707752.912875,483312.85048573,141.0,4.047759030769096e-06,141.5,BID
1535,1712707752.9151187,484017.57212069,141.9,1.5280662836037178e-07,141.9,BID
1536,1712707752.9173474,484117.57212069,141.3,2.1683260564157013e-08,141.9,BID
1537,1712707752.9195523,488867.57212069,140.9,1.029954876797458e-06,141.9,BID
1538,1712707752.9217725,504303.39245847,141.4,3.3469891440559778e-06,141.9,BID
1539,1712707752.9240048,505009.10876052,141.7,1.5302230461723193e-07,141.9,BID
1540,1712707752.9262228,508430.67431688,141.1,7.419069749589877e-07,141.9,BID
1541,1712707752.928462,509430.67431688,141.2,2.1683260564157014e-07,141.9,BID
1542,1712707752.9306874,509494.91414557,141.9,1.3929289440823696e-08,141.9,BID
1543,1712707752.9329505,511152.1001056,141.8,3.593319497459337e-07,141.9,BID
1544,1712707752.9351952,511189.2243906,141.4,8.049755449123526e-09,141.9,BID
1545,1712707752.9374404,513547.24682365,141.2,5.112961483195139e-07,141.9,BID
1546,1712707752.9396887,555869.61297441,142.0,9.176868929385862e-06,142.0,BID
1547,1712707752.9419372,557050.60827321,141.5,2.5607828788926144e-07,142.0,BID
1548,1712707752.9442124,574663.23228742,142.0,3.818991157186436e-06,142.0,BID
1549,1712707752.9464982,576320.41824745,141.7,3.593319497459463e-07,142.0,BID
1550,1712707752.9487915,579713.19735126,142.0,7.356651334453865e-07,142.0,BID
1551,1712707754.8280137,579713.19735127,142.0,2.170866830876916e-18,142.0,BID
1552,1712707754.8303432,579766.73505127,142.0,1.16087189910537e-08,142.0,BID
1553,1712707754.8326128,580266.19735126,142.1,1.0829971192656372e-07,142.1,BID
1554,1712707758.351368,580562.9624708,142.4,6.43483541333988e-08,142.4,BID
1555,1712707758.35375,581266.19735126,142.2,1.5248425150817134e-07,142.4,BID
1556,1712707761.3502707,581321.19735126,142.4,1.192579331028636e-08,142.4,BID
1557,1712707770.3814056,581321.19735126,142.4,0.0,142.4,BID
1558,1712707777.4250271,591459.03120617,141.7,-2.1902598676161583e-06,142.4,ASK
1559,1712707781.832737,591514.03120617,142.0,1.1882646178951244e-08,142.4,BID
1560,1712707788.645532,601706.86506108,141.7,-2.202142513795109e-06,142.4,ASK
1561,1712707789.7134778,605253.35848103,141.7,-7.662132088226319e-07,142.4,ASK
1562,1712707790.3911018,609526.24194776,141.9,9.231484072553328e-07,142.4,BID
1563,1712707790.476781,611264.32859423,141.9,-3.755103390611461e-07,142.4,ASK
1564,1712707792.8802378,618549.99224954,142.0,1.574053879907163e-06,142.4,BID
1565,1712707800.2764418,618549.99224954,142.0,0.0,142.4,BID
1566,1712707800.579845,619959.43551944,142.3,3.051077524002401e-07,142.4,BID
1567,1712707800.9018154,619959.43551944,142.3,0.0,142.4,BID
1568,1712707801.0237908,623731.02299826,142.3,-8.164504405525746e-07,142.4,ASK
1569,1712707801.1465309,628845.21708926,142.3,-1.1070897976293784e-06,142.4,ASK
1570,1712707807.6464348,642900.03086297,142.3,-3.042501058737237e-06,142.4,ASK
1571,1712707807.6488562,642900.03086339,142.3,-9.089959073319027e-17,142.4,ASK
1572,1712707807.7599435,653610.48387934,142.0,-2.3185340741787405e-06,142.4,ASK
1573,1712707813.270888,660896.14753465,142.0,-1.5771563922353503e-06,142.4,ASK
1574,1712707814.7796755,669482.00748071,142.0,-1.858615019497453e-06,142.4,ASK
1575,1712707817.1398244,679482.00748071,141.7,-2.164739503292692e-06,142.4,ASK
1576,1712707830.2634218,679482.00748071,141.7,-0.0,142.4,ASK
1577,1712707830.5085032,680046.92703035,141.7,-1.220616304209917e-07,142.4,ASK
1578,1712707830.6022675,680893.4400848,141.7,1.8290527149341298e-07,142.4,BID
1579,1712707860.6193168,680893.4400848,141.7,0.0,142.4,BID
1580,1712707860.6538134,680893.4400848,141.7,0.0,142.4,BID
1581,1712707890.355616,680893.4400848,141.7,0.0,142.4,BID
1582,1712707898.5730028,680893.44008522,141.7,9.075080107226483e-17,142.4,BID
1583,1712707898.58335,686123.86374222,141.7,1.1300838354731527e-06,142.4,BID
