,time,acc_trade_volume,trade_price,dev,high,ask_bid
0,1712689619.12499,881791232.9822648,13.51,0.0,13.99,ASK
1,1712689620.1720624,881791232.9822648,13.51,-0.0,13.99,ASK
2,1712689650.183739,881791232.9822648,13.51,-0.0,13.99,ASK
3,1712689663.2830827,881791436.6962187,13.51,-1.4188958442362605e-08,13.99,ASK
4,1712689663.2849455,881853887.4521837,13.51,-4.349781464669941e-06,13.99,ASK
5,1712689663.3821793,881853887.4521842,13.51,-3.3212367094170316e-17,13.99,ASK
6,1712689680.1947496,881853887.4521842,13.51,-0.0,13.99,ASK
7,1712689710.1838408,881853887.4521842,13.51,-0.0,13.99,ASK
8,1712689730.0623257,881854484.0561574,13.5,-4.155184150020201e-08,13.99,ASK
9,1712689740.2623234,881854484.0561574,13.5,-0.0,13.99,ASK
10,1712689751.8622398,881855068.6604524,13.5,-4.071607376717123e-08,13.99,ASK
11,1712689770.2619278,881855068.6604524,13.5,-0.0,13.99,ASK
12,1712689800.1842191,881855068.6604524,13.5,-0.0,13.99,ASK
13,1712689830.184306,881855068.6604524,13.5,-0.0,13.99,ASK
14,1712689860.2619903,881855068.6604524,13.5,-0.0,13.99,ASK
15,1712689890.2727172,881855068.6604524,13.5,-0.0,13.99,ASK
16,1712689920.1723075,881855068.6604524,13.5,-0.0,13.99,ASK
17,1712689950.18272,881855068.6604524,13.5,-0.0,13.99,ASK
18,1712689971.7620842,881910101.6604524,13.5,-3.835759605284801e-06,13.99,ASK
19,1712689972.201851,881920888.6741344,13.5,-7.51846916270237e-07,13.99,ASK
20,1712689972.7533925,881920957.0051806,13.5,-4.762623642023669e-09,13.99,ASK
21,1712689972.7547626,881947310.3917212,13.5,-1.8368116503749845e-06,13.99,ASK
22,1712689977.8521554,881960736.6804748,13.5,-9.35802446706548e-07,13.99,ASK
23,1712689980.2620597,881960736.6804748,13.5,-0.0,13.99,ASK
24,1712689980.8821616,882126667.8046913,13.5,-1.156412747178166e-05,13.99,ASK
25,1712689980.8834586,882141573.7504748,13.5,-1.0388301648752013e-06,13.99,ASK
26,1712689986.1519997,882322518.5904748,13.5,-1.2610468379582863e-05,13.99,ASK
27,1712689986.5722349,882360052.5904748,13.5,-2.615832096450918e-06,13.99,ASK
28,1712689986.6121483,882369359.565714,13.5,-6.486248348554007e-07,13.99,ASK
29,1712689996.872094,882382266.2758502,13.5,-8.994987646878928e-07,13.99,ASK
30,1712689996.9719794,882392637.7876066,13.5,-7.228148702819264e-07,13.99,ASK
31,1712689997.07208,882402835.7248505,13.5,-7.107180572357437e-07,13.99,ASK
32,1712690002.0959938,882411669.3066181,13.5,-6.156329385145361e-07,13.99,ASK
33,1712690002.101912,882429493.3113002,13.5,-1.242196502761086e-06,13.99,ASK
34,1712690007.6422465,882610348.1413001,13.5,-1.2604195372514914e-05,13.99,ASK
35,1712690010.272726,882610348.1413001,13.5,-0.0,13.99,ASK
36,1712690016.3121388,882624752.9630536,13.5,-1.0032924641866253e-06,13.99,ASK
37,1712690016.3520377,882635683.6536249,13.5,-7.613200403457398e-07,13.99,ASK
38,1712690017.9821503,882653619.8222378,13.5,-1.2492499465594356e-06,13.99,ASK
39,1712690018.0618825,882671696.0801858,13.5,-1.2590071359567208e-06,13.99,ASK
40,1712690018.085715,882685279.625475,13.5,-9.46090750644469e-07,13.99,ASK
41,1712690018.1418562,882697221.9640291,13.5,-8.317810856011161e-07,13.99,ASK
42,1712690019.0420518,882706249.14048,13.5,-6.287407273149468e-07,13.99,ASK
43,1712690025.5724475,882716383.366999,13.5,-7.058465054862431e-07,13.99,ASK
44,1712690025.5823326,882719532.7012175,13.5,-2.193503913271287e-07,13.99,ASK
45,1712690025.631996,882729455.2226185,13.5,-6.911012935555356e-07,13.99,ASK
46,1712690028.972896,882747520.8775117,13.5,-1.2582686356821325e-06,13.99,ASK
47,1712690028.9758966,882823074.2415266,13.5,-5.262274123012599e-06,13.99,ASK
48,1712690028.9803512,882833588.2226185,13.5,-7.32296322618246e-07,13.99,ASK
49,1712690040.172119,882833588.2226185,13.5,-0.0,13.99,ASK
50,1712690062.0326934,882840995.6300259,13.5,-5.158159194377441e-07,13.99,ASK
51,1712690062.034658,883014421.3926184,13.5,-1.2076528840099676e-05,13.99,ASK
52,1712690062.1722286,883039317.690316,13.5,-1.7336574028073908e-06,13.99,ASK
53,1712690062.2022333,883205133.7820754,13.5,-1.154662827685041e-05,13.99,ASK
54,1712690062.21197,883217483.2318745,13.5,-8.599557783586435e-07,13.99,ASK
55,1712690062.2134693,883246406.3177314,13.5,-2.014063396776459e-06,13.99,ASK
56,1712690062.2321212,883276355.2387561,13.5,-2.085497581660602e-06,13.99,ASK
57,1712690062.2336333,883280034.2676663,13.5,-2.561897267993084e-07,13.99,ASK
58,1712690062.352411,883287425.2506671,13.49,-5.146722034315572e-07,13.99,ASK
59,1712690062.3541205,883301774.3314677,13.49,-9.992003813477277e-07,13.99,ASK
60,1712690062.3618577,883311095.2061894,13.49,-6.490605012092393e-07,13.99,ASK
61,1712690062.3720071,883311095.2061898,13.49,-2.4903469964553225e-17,13.99,ASK
62,1712690070.1744564,883311095.2061898,13.49,-0.0,13.99,ASK
63,1712690077.9824214,883311751.2061898,13.49,-4.566016232482017e-08,13.99,ASK
64,1712690100.212387,883311751.2061898,13.49,-0.0,13.99,ASK
65,1712690103.1456358,883322695.0579318,13.49,-7.622984685573238e-07,13.99,ASK
66,1712690103.146497,883343886.7861897,13.49,-1.476118498118527e-06,13.99,ASK
67,1712690113.0521986,883343886.79255,13.49,-4.4302877056736763e-13,13.99,ASK
68,1712690113.0542188,883380954.9861897,13.49,-2.582000186940799e-06,13.99,ASK
69,1712690130.164435,883380954.9861897,13.49,-0.0,13.99,ASK
70,1712690160.2725391,883380954.9861897,13.49,-0.0,13.99,ASK
71,1712690187.3023143,883388367.884633,13.49,-5.163148979199961e-07,13.99,ASK
72,1712690187.3042338,883407091.976553,13.49,-1.3041494743757462e-06,13.99,ASK
73,1712690190.3122585,883407091.976553,13.49,-0.0,13.99,ASK
74,1712690196.46503,883408576.7575477,13.49,1.0341376285055844e-07,13.99,BID
75,1712690199.8711605,883417914.6536965,13.48,-6.503767095987968e-07,13.99,ASK
76,1712690199.8728714,883421238.9079992,13.48,-2.3153155065724925e-07,13.99,ASK
77,1712690200.2823226,883454866.8579341,13.49,2.3421587776022303e-06,13.99,BID
78,1712690220.1827986,883454866.8579341,13.49,0.0,13.99,BID
79,1712690250.2242486,883454866.8579341,13.49,0.0,13.99,BID
80,1712690251.0726123,883524262.9975219,13.49,4.83316656643076e-06,13.99,BID
81,1712690280.2621772,883524262.9975219,13.49,0.0,13.99,BID
82,1712690283.4623406,883531675.8959651,13.49,5.16245389604252e-07,13.99,BID
83,1712690305.8321445,883581585.6068621,13.49,3.4757872840683508e-06,13.99,BID
84,1712690310.2720184,883581585.6068621,13.49,0.0,13.99,BID
85,1712690334.222259,883585292.0560838,13.49,2.581087950011848e-07,13.99,BID
86,1712690340.1720903,883585292.0560838,13.49,0.0,13.99,BID
87,1712690342.4524124,883593868.4202367,13.49,5.972366480616691e-07,13.99,BID
88,1712690353.892773,883607999.8723892,13.48,-9.840791465151737e-07,13.99,ASK
89,1712690353.9028444,883608661.9762404,13.48,-4.610726383683319e-08,13.99,ASK
90,1712690370.183098,883608661.9762404,13.48,-0.0,13.99,ASK
91,1712690400.2021873,883608661.9762404,13.48,-0.0,13.99,ASK
92,1712690400.6123638,883609403.8160031,13.48,-5.173262311961132e-08,13.99,ASK
93,1712690400.6141694,883688055.2506045,13.48,-5.48480309185763e-06,13.99,ASK
94,1712690430.1823187,883688055.2506045,13.48,-0.0,13.99,ASK
95,1712690460.262105,883688055.2506045,13.48,-0.0,13.99,ASK
96,1712690475.602441,883696193.231803,13.48,-5.674644547249109e-07,13.99,ASK
97,1712690475.604368,883698452.4905725,13.48,-1.5753895399569118e-07,13.99,ASK
98,1712690479.5534496,883707784.252558,13.48,-6.507072328566363e-07,13.99,ASK
99,1712690479.5742047,883709232.3389289,13.48,-1.009756010531647e-07,13.99,ASK
100,1712690480.5828445,883717888.3117336,13.48,-6.035842020117765e-07,13.99,ASK
101,1712690485.172526,883725707.0392963,13.48,-5.452027799943554e-07,13.99,ASK
102,1712690485.183119,883729974.4973845,13.48,-2.975714391621129e-07,13.99,ASK
103,1712690486.402264,883734483.4973845,13.48,-3.144142464731613e-07,13.99,ASK
104,1712690490.2721338,883734483.4973845,13.48,-0.0,13.99,ASK
105,1712690493.7924244,883748879.3799189,13.48,-1.0037864354081187e-06,13.99,ASK
106,1712690495.392198,883759666.5430003,13.48,-7.521600674213145e-07,13.99,ASK
107,1712690498.6226358,883770505.8975997,13.48,-7.55799242555978e-07,13.99,ASK
108,1712690498.624477,883940581.1330004,13.48,-1.1858891866217804e-05,13.99,ASK
109,1712690504.4333682,883953808.6767998,13.48,-9.223212962380774e-07,13.99,ASK
110,1712690508.3223107,883974281.8927997,13.48,-1.427542664428912e-06,13.99,ASK
111,1712690508.3244157,884010188.4987582,13.48,-2.5036717211716737e-06,13.99,ASK
112,1712690511.6551173,884019028.9007213,13.48,-6.164176147543943e-07,13.99,ASK
113,1712690511.6573095,884031399.3107134,13.48,-8.625556453970152e-07,13.99,ASK
114,1712690511.678485,884042504.344063,13.48,-7.743243121421474e-07,13.99,ASK
115,1712690517.612289,884056672.8509942,13.48,-9.879321419538094e-07,13.99,ASK
116,1712690519.0221896,884130856.8272554,13.48,-5.17265050737313e-06,13.99,ASK
117,1712690519.1222556,884311830.8872553,13.48,-1.261883779301354e-05,13.99,ASK
118,1712690520.1721852,884311830.8872553,13.48,-0.0,13.99,ASK
119,1712690523.5828352,884325319.7834704,13.48,-9.400345801826996e-07,13.99,ASK
120,1712690534.702593,884334007.4842776,13.48,-6.054416203403888e-07,13.99,ASK
121,1712690534.704481,884342731.3133402,13.48,-6.079593807876034e-07,13.99,ASK
122,1712690536.8929152,884360608.3584542,13.48,-1.245842530828824e-06,13.99,ASK
123,1712690536.9520886,884375744.274059,13.48,-1.0548145559426172e-06,13.99,ASK
124,1712690536.9723186,884387376.7060295,13.48,-8.106584949215891e-07,13.99,ASK
125,1712690539.902321,884388433.7060295,13.48,-7.366181305051512e-08,13.99,ASK
126,1712690540.9224324,884392761.8032111,13.48,-3.016229758301151e-07,13.99,ASK
127,1712690540.924569,884403887.2860863,13.48,-7.753294604084646e-07,13.99,ASK
128,1712690541.2422018,884414142.5263305,13.48,-7.146826770602727e-07,13.99,ASK
129,1712690544.3421848,884487275.9226164,13.49,5.09663061964104e-06,13.99,BID
130,1712690544.6022866,884594987.3363304,13.49,7.506355743056891e-06,13.99,BID
131,1712690550.193309,884594987.3363304,13.49,0.0,13.99,BID
132,1712690554.0922365,884604532.2302904,13.48,-6.650020167145208e-07,13.99,ASK
133,1712690580.2655363,884604532.2302904,13.48,-0.0,13.99,ASK
134,1712690592.682691,884658791.3990189,13.51,3.780255006756601e-06,13.99,BID
135,1712690592.69238,884669894.2857693,13.51,7.735419508160164e-07,13.99,BID
136,1712690593.5722575,884702308.9051324,13.51,2.2583377152819592e-06,13.99,BID
137,1712690593.5922973,884702308.9051327,13.51,1.6610704669339254e-17,13.99,BID
138,1712690596.262283,884882947.0651326,13.5,1.2585122934123854e-05,13.99,BID
139,1712690596.383097,884957268.8785746,13.51,5.178026386310947e-06,13.99,BID
140,1712690596.3857026,884963579.8785746,13.51,4.3968954753121003e-07,13.99,BID
141,1712690610.2623696,884963579.8785746,13.51,0.0,13.99,BID
142,1712690640.164819,884963579.8785746,13.51,0.0,13.99,BID
143,1712690653.562153,884970976.3282788,13.52,5.151391753071522e-07,13.99,BID
144,1712690670.172197,884970976.3282788,13.52,0.0,13.99,BID
145,1712690700.2619383,884970976.3282788,13.52,0.0,13.99,BID
146,1712690701.3721216,884977277.3282788,13.51,-4.388449052590172e-07,13.99,ASK
147,1712690704.4220955,884980049.3282788,13.51,-1.930611136927465e-07,13.99,ASK
148,1712690715.4318745,884984400.3282788,13.51,-3.03033515756544e-07,13.99,ASK
149,1712690727.392486,884989084.3282788,13.51,-3.2622592227158175e-07,13.99,ASK
150,1712690728.471763,885001573.2647041,13.51,-8.69815286836862e-07,13.99,ASK
151,1712690728.521914,885014224.7149322,13.51,-8.811338639481901e-07,13.99,ASK
152,1712690730.271984,885014224.7149322,13.51,-0.0,13.99,ASK
153,1712690738.8926349,885014865.7149322,13.51,-4.46418247301772e-08,13.99,ASK
154,1712690741.6219902,885015524.7149322,13.51,-4.5895417312303846e-08,13.99,ASK
155,1712690760.1625032,885015524.7149322,13.51,-0.0,13.99,ASK
156,1712690768.5432808,885026168.563334,13.51,-7.412796156177073e-07,13.99,ASK
157,1712690768.607736,885026840.563334,13.51,-4.680073248803176e-08,13.99,ASK
158,1712690790.1746628,885026840.563334,13.51,-0.0,13.99,ASK
159,1712690795.8622303,885039387.6064117,13.51,-8.738163015609422e-07,13.99,ASK
160,1712690795.941897,885049444.2203515,13.51,-7.00374832910425e-07,13.99,ASK
161,1712690798.0923054,885118940.8360323,13.51,-4.83996709894994e-06,13.99,ASK
162,1712690798.0955863,885156704.5547591,13.51,-2.629986430008655e-06,13.99,ASK
163,1712690798.172017,885188596.3370872,13.51,2.221045955724907e-06,13.99,BID
164,1712690798.174717,885226243.417652,13.51,2.62186337450281e-06,13.99,BID
165,1712690798.2117565,885295782.280544,13.51,-4.842909330169602e-06,13.99,ASK
166,1712690799.154841,885406740.877652,13.51,7.727512398803831e-06,13.99,BID
167,1712690820.2820222,885406740.877652,13.51,0.0,13.99,BID
168,1712690824.4522526,885407683.2636019,13.51,-6.560732780630016e-08,13.99,ASK
169,1712690850.2820609,885407683.2636019,13.51,-0.0,13.99,ASK
170,1712690880.203029,885407683.2636019,13.51,-0.0,13.99,ASK
171,1712690886.3922107,885443750.5001539,13.51,-2.510938235606172e-06,13.99,ASK
172,1712690886.4716654,885552328.7411519,13.51,7.559028163517453e-06,13.99,BID
173,1712690886.4728692,885552328.7411525,13.51,4.149571630487245e-17,13.99,BID
174,1712690886.5318365,885683844.818058,13.52,9.15592037728773e-06,13.99,BID
175,1712690886.534167,885823846.1589396,13.52,9.746649687144225e-06,13.99,BID
176,1712690886.5518906,885862987.1547632,13.52,2.72492800637878e-06,13.99,BID
177,1712690886.5542214,885898105.8290207,13.52,2.4449009795874524e-06,13.99,BID
178,1712690886.6318204,885912887.7950215,13.53,1.0290947457345274e-06,13.99,BID
179,1712690886.6341784,885983125.1435368,13.53,4.889801959191503e-06,13.99,BID
180,1712690902.295423,885983787.1435368,13.51,-4.6087287823527727e-08,13.99,ASK
181,1712690910.1745117,885983787.1435368,13.51,-0.0,13.99,ASK
182,1712690940.2615645,885983787.1435368,13.51,-0.0,13.99,ASK
183,1712690970.2701266,885983787.1435368,13.51,-0.0,13.99,ASK
184,1712691000.2018034,885983787.1435368,13.51,-0.0,13.99,ASK
185,1712691028.1219237,886059886.2431746,13.51,-5.296402074729377e-06,13.99,ASK
186,1712691030.1718392,886059886.2431746,13.51,-0.0,13.99,ASK
187,1712691060.261717,886059886.2431746,13.51,-0.0,13.99,ASK
188,1712691090.2718625,886059886.2431746,13.51,-0.0,13.99,ASK
189,1712691120.1917863,886059886.2431746,13.51,-0.0,13.99,ASK
190,1712691150.1748478,886059886.2431746,13.51,-0.0,13.99,ASK
191,1712691153.2596643,886059886.2431753,13.53,4.977734217929119e-17,13.99,BID
192,1712691153.2671275,886077445.5803035,13.53,1.222020442603833e-06,13.99,BID
193,1712691156.0419476,886117320.8926506,13.52,-2.775073255176024e-06,13.99,ASK
194,1712691166.582126,886369294.470676,13.52,-1.7535790849818505e-05,13.99,ASK
195,1712691166.7015512,886398880.2694925,13.52,-2.0589872328592204e-06,13.99,ASK
196,1712691168.9114523,886412385.4258788,13.52,-9.398747267051244e-07,13.99,ASK
197,1712691171.8217723,886412385.4258792,13.53,3.3184894786194127e-17,13.99,BID
198,1712691176.8630252,886425857.1242989,13.54,9.375462607264252e-07,13.99,BID
199,1712691180.2519774,886425857.1242989,13.54,0.0,13.99,BID
200,1712691210.261526,886425857.1242989,13.54,0.0,13.99,BID
201,1712691240.1716614,886425857.1242989,13.54,0.0,13.99,BID
202,1712691270.1758268,886425857.1242989,13.54,0.0,13.99,BID
203,1712691300.2614508,886425857.1242989,13.54,0.0,13.99,BID
204,1712691329.6817193,886427343.8106894,13.52,-1.0346992116642685e-07,13.99,ASK
205,1712691330.261466,886427343.8106894,13.52,-0.0,13.99,ASK
206,1712691339.6415837,886434740.2603936,13.54,5.147750070771363e-07,13.99,BID
207,1712691360.1946466,886434740.2603936,13.54,0.0,13.99,BID
208,1712691369.202269,886473320.8458806,13.52,-2.685096706515704e-06,13.99,ASK
209,1712691369.2046547,886506716.7991221,13.52,-2.324261359118393e-06,13.99,ASK
210,1712691390.201668,886506716.7991221,13.52,-0.0,13.99,ASK
211,1712691397.091666,886520140.3570861,13.52,-9.34177381830819e-07,13.99,ASK
212,1712691420.2627585,886520140.3570861,13.52,-0.0,13.99,ASK
213,1712691423.551791,886529130.1509584,13.53,-6.256132732154695e-07,13.99,ASK
214,1712691427.6048996,886555617.0754895,13.53,-1.8432649055801376e-06,13.99,ASK
215,1712691435.5715437,886559315.3003416,13.52,-2.5736502834778617e-07,13.99,ASK
216,1712691436.1714532,886572738.8968686,13.52,-9.341682669045144e-07,13.99,ASK
217,1712691436.9594443,886573343.8968686,13.52,-4.210285971731044e-08,13.99,ASK
218,1712691450.2715075,886573343.8968686,13.52,-0.0,13.99,ASK
219,1712691460.3620667,886792492.015117,13.52,-1.525008330917886e-05,13.99,ASK
220,1712691460.3713589,886797355.1997044,13.52,-3.384193790843384e-07,13.99,ASK
221,1712691464.8226109,886803769.8502514,13.51,-4.463828210038792e-07,13.99,ASK
222,1712691464.8262887,886810857.010294,13.51,-4.931814242248823e-07,13.99,ASK
223,1712691478.371684,887196713.6355217,13.51,-2.685099797867944e-05,13.99,ASK
224,1712691478.3742642,887567374.4769595,13.51,-2.579355349503072e-05,13.99,ASK
225,1712691480.1716118,887567374.4769595,13.51,-0.0,13.99,ASK
226,1712691510.1820483,887567374.4769595,13.51,-0.0,13.99,ASK
227,1712691540.261937,887567374.4769595,13.51,-0.0,13.99,ASK
228,1712691570.2615545,887567374.4769595,13.51,-0.0,13.99,ASK
229,1712691596.0514438,887568374.4769595,13.52,-6.952303686008877e-08,13.99,ASK
230,1712691596.0540235,887676957.5327162,13.51,-7.549023787753303e-06,13.99,ASK
231,1712691600.1844146,887676957.5327162,13.51,-0.0,13.99,ASK
232,1712691630.1821942,887676957.5327162,13.51,-0.0,13.99,ASK
233,1712691641.2417,887696084.2523907,13.52,-1.3298970458946925e-06,13.99,ASK
234,1712691641.2452147,887750976.7777199,13.51,-3.816723856411218e-06,13.99,ASK
235,1712691660.261747,887750976.7777199,13.51,-0.0,13.99,ASK
236,1712691689.7820456,887941837.0214434,13.51,-1.3269751836470086e-05,13.99,ASK
237,1712691689.7857196,888058009.5639988,13.51,-8.077013734488364e-06,13.99,ASK
238,1712691689.901484,888064581.8799306,13.51,4.569469246417064e-07,13.99,BID
239,1712691690.2712307,888064581.8799306,13.51,0.0,13.99,BID
240,1712691707.841541,888065286.6015656,13.53,4.8982057186256864e-08,13.99,BID
241,1712691716.321496,888142113.0461055,13.51,-5.339863448290115e-06,13.99,ASK
242,1712691720.1816468,888142113.0461055,13.51,-0.0,13.99,ASK
243,1712691723.6818624,888185061.3685026,13.51,-2.984928987943951e-06,13.99,ASK
244,1712691750.1716,888185061.3685026,13.51,-0.0,13.99,ASK
245,1712691757.3516855,888252537.0531806,13.51,-4.689403313555306e-06,13.99,ASK
246,1712691780.2612915,888252537.0531806,13.51,-0.0,13.99,ASK
247,1712691798.9514098,888268738.0029966,13.51,1.1258570439052262e-06,13.99,BID
248,1712691802.581627,888268738.002997,13.51,3.3136975267272734e-17,13.99,BID
249,1712691810.30164,888268738.002997,13.51,0.0,13.99,BID
250,1712691814.031609,888327953.399,13.51,-4.115009146191406e-06,13.99,ASK
251,1712691840.1717212,888327953.399,13.51,-0.0,13.99,ASK
252,1712691870.171425,888327953.399,13.51,-0.0,13.99,ASK
253,1712691889.431564,888342757.2480003,13.51,-1.0286950974682569e-06,13.99,ASK
254,1712691889.435073,888408953.399,13.51,-4.599861563283665e-06,13.99,ASK
255,1712691900.1917758,888408953.399,13.51,-0.0,13.99,ASK
256,1712691930.17122,888408953.399,13.51,-0.0,13.99,ASK
257,1712691960.2515829,888408953.399,13.51,-0.0,13.99,ASK
258,1712691990.261275,888408953.399,13.51,-0.0,13.99,ASK
259,1712692005.3921154,888477945.3531076,13.51,-4.797679431881442e-06,13.99,ASK
260,1712692005.3962145,888586552.8679249,13.51,-7.552533432737999e-06,13.99,ASK
261,1712692020.1713972,888586552.8679249,13.51,-0.0,13.99,ASK
262,1712692050.171487,888586552.8679249,13.51,-0.0,13.99,ASK
263,1712692080.2512014,888586552.8679249,13.51,-0.0,13.99,ASK
264,1712692106.261753,888593954.7924253,13.52,5.146417019665701e-07,13.99,BID
265,1712692106.3818376,888653638.8027853,13.52,4.149715478781976e-06,13.99,BID
266,1712692110.26125,888653638.8027853,13.52,0.0,13.99,BID
267,1712692140.1818285,888653638.8027853,13.52,0.0,13.99,BID
268,1712692157.441512,888653638.8027858,13.52,3.3151488124917986e-17,13.99,BID
269,1712692166.9912946,888664492.2316388,13.52,-7.545706360047533e-07,13.99,ASK
270,1712692167.1018658,888716749.8709729,13.52,-3.633144942706215e-06,13.99,ASK
271,1712692167.34155,888727603.2998258,13.52,-7.545706359964655e-07,13.99,ASK
272,1712692167.361307,888727603.2998267,13.52,-6.630297624983599e-17,13.99,ASK
273,1712692170.174358,888727603.2998267,13.52,-0.0,13.99,ASK
274,1712692200.2016077,888727603.2998267,13.52,-0.0,13.99,ASK
275,1712692230.1758463,888727603.2998267,13.52,-0.0,13.99,ASK
276,1712692260.2614129,888727603.2998267,13.52,-0.0,13.99,ASK
277,1712692290.2617946,888727603.2998267,13.52,-0.0,13.99,ASK
278,1712692320.1818683,888727603.2998267,13.52,-0.0,13.99,ASK
279,1712692330.8918967,888740981.6241378,13.52,-9.332352651283464e-07,13.99,ASK
280,1712692331.831236,888754307.9192499,13.52,-9.296058507049096e-07,13.99,ASK
281,1712692332.8231428,889198368.6413099,13.51,-3.097645983536355e-05,13.99,ASK
282,1712692332.8267944,889491907.5861232,13.51,-2.047647288403612e-05,13.99,ASK
283,1712692332.8300085,889539167.4637413,13.52,-3.296719633453172e-06,13.99,ASK
284,1712692332.833187,889675790.539241,13.51,-9.530451581410915e-06,13.99,ASK
285,1712692350.1732616,889675790.539241,13.51,-0.0,13.99,ASK
286,1712692380.2511618,889675790.539241,13.51,-0.0,13.99,ASK
287,1712692384.7917004,889785382.2342187,13.51,-7.637990870799929e-06,13.99,ASK
288,1712692410.2613547,889785382.2342187,13.51,-0.0,13.99,ASK
289,1712692414.7917104,889786711.965528,13.51,-9.26660334256008e-08,13.99,ASK
290,1712692416.781467,889810513.0749954,13.52,1.6586466679807126e-06,13.99,BID
291,1712692419.0213375,889821017.6533034,13.52,7.320408249438029e-07,13.99,BID
292,1712692430.7516856,889859550.5019224,13.52,2.6852689811480228e-06,13.99,BID
293,1712692440.161521,889859550.5019224,13.52,0.0,13.99,BID
294,1712692458.9211757,889874657.1937684,13.52,1.0526783770484936e-06,13.99,BID
295,1712692460.4896047,889876788.0395583,13.52,1.484835535620194e-07,13.99,BID
296,1712692460.4913094,889898434.5062956,13.52,1.508388977950709e-06,13.99,BID
297,1712692466.701534,889953367.7462956,13.52,-3.827908487091238e-06,13.99,ASK
298,1712692470.1817064,889953367.7462956,13.52,-0.0,13.99,ASK
299,1712692471.8521695,889953367.753337,13.52,-4.90625722657756e-13,13.99,ASK
300,1712692471.8559933,889967467.1690755,13.52,-9.824016071250266e-07,13.99,ASK
301,1712692472.031318,890147850.8090755,13.52,-1.2568547599573158e-05,13.99,ASK
302,1712692472.0719488,890164593.824168,13.52,-1.1665990449598172e-06,13.99,ASK
303,1712692472.0927844,890181349.6868051,13.52,-1.16749422024691e-06,13.99,ASK
304,1712692473.74127,890195215.5932144,13.52,-9.66131433627074e-07,13.99,ASK
305,1712692500.2614224,890195215.5932144,13.52,-0.0,13.99,ASK
306,1712692530.2713802,890195215.5932144,13.52,-0.0,13.99,ASK
307,1712692536.4213803,890212306.1096027,13.52,-1.1907902962360988e-06,13.99,ASK
308,1712692559.71128,890271543.335496,13.52,-4.127383407674041e-06,13.99,ASK
309,1712692560.0513246,890360235.095496,13.52,-6.17964283610245e-06,13.99,ASK
310,1712692560.181636,890360235.095496,13.52,-0.0,13.99,ASK
311,1712692579.561555,890360235.1036855,13.52,-5.705146345305446e-13,13.99,ASK
312,1712692590.1647818,890360235.1036855,13.52,-0.0,13.99,ASK
313,1712692592.6739285,890434199.5925374,13.52,5.152711845015025e-06,13.99,BID
314,1712692603.1512425,890445007.5941794,13.52,-7.529358878302185e-07,13.99,ASK
315,1712692603.2311704,890455632.577434,13.52,-7.401859719254431e-07,13.99,ASK
316,1712692606.2211823,890517179.5918595,13.52,-4.287652563795148e-06,13.99,ASK
317,1712692608.391307,890527838.5243727,13.52,-7.425510358915648e-07,13.99,ASK
318,1712692611.9215636,890581832.8843727,13.52,-3.76149937158545e-06,13.99,ASK
319,1712692620.2667494,890581832.8843727,13.52,-0.0,13.99,ASK
320,1712692620.6312158,890743552.5640688,13.52,-1.12637974899353e-05,13.99,ASK
321,1712692620.6410506,890743552.5643728,13.52,-2.1172504869557536e-14,13.99,ASK
322,1712692637.061351,890744552.5643728,13.53,6.965013479561148e-08,13.99,BID
323,1712692640.6111865,890753043.9647264,13.52,-5.91427179236627e-07,13.99,ASK
324,1712692642.4826686,890767343.9647264,13.52,-9.959969275772443e-07,13.99,ASK
325,1712692650.271078,890767343.9647264,13.52,-0.0,13.99,ASK
326,1712692658.3609278,890780146.4280202,13.52,-8.91537550646807e-07,13.99,ASK
327,1712692674.9808488,890793436.4280202,13.52,-9.254886170103368e-07,13.99,ASK
328,1712692680.2143438,890793436.4280202,13.52,-0.0,13.99,ASK
329,1712692681.6705546,890804726.375801,13.52,-7.861897275226283e-07,13.99,ASK
330,1712692681.6753452,890881589.1023462,13.52,-5.352432731564876e-06,13.99,ASK
331,1712692710.171919,890881589.1023462,13.52,-0.0,13.99,ASK
332,1712692712.1899743,890884221.034614,13.53,1.832627072783865e-07,13.99,BID
333,1712692715.1596923,890901778.1261189,13.53,-1.2225087098597212e-06,13.99,ASK
334,1712692740.2489665,890901778.1261189,13.53,-0.0,13.99,ASK
335,1712692743.8093324,890902360.2663404,13.55,4.053393212186911e-08,13.99,BID
336,1712692751.276403,890909714.9388933,13.55,5.12099640329664e-07,13.99,BID
337,1712692770.2483592,890909714.9388933,13.55,0.0,13.99,BID
338,1712692800.207754,890909714.9388933,13.55,0.0,13.99,BID
339,1712692815.098028,890910453.4913305,13.54,5.1481557903728064e-08,13.99,BID
340,1712692830.167825,890910453.4913305,13.54,0.0,13.99,BID
341,1712692834.34749,890926039.6065447,13.54,1.0864454481166438e-06,13.99,BID
342,1712692860.257172,890926039.6065447,13.54,0.0,13.99,BID
343,1712692868.767243,890929531.7259691,13.53,-2.4341802880597375e-07,13.99,ASK
344,1712692887.677409,890935816.2230105,13.52,-4.380605861318339e-07,13.99,ASK
345,1712692887.6825554,891049991.4251997,13.52,-7.95857737902197e-06,13.99,ASK
346,1712692890.2562468,891049991.4251997,13.52,-0.0,13.99,ASK
347,1712692893.256992,891254612.86157,13.52,-1.426146213396356e-05,13.99,ASK
348,1712692901.846269,891263295.3728644,13.52,-6.051433723113931e-07,13.99,ASK
349,1712692901.966277,891281418.2748628,13.52,1.2631085246613826e-06,13.99,BID
350,1712692906.1967187,891285591.9168898,13.52,-2.908895508942095e-07,13.99,ASK
351,1712692906.2068782,891530193.9392873,13.51,-1.704798159075101e-05,13.99,ASK
352,1712692906.2104125,891540193.9392873,13.5,-6.969681372071921e-07,13.99,ASK
353,1712692906.2132142,891824615.0600519,13.51,-1.9823245872169422e-05,13.99,ASK
354,1712692906.2160685,892086393.094426,13.5,-1.824509489794892e-05,13.99,ASK
355,1712692906.218852,892171152.5318798,13.51,-5.907462723286741e-06,13.99,ASK
356,1712692906.22166,892522634.0133613,13.5,-2.449713934110216e-05,13.99,ASK
357,1712692920.16846,892522634.0133613,13.5,-0.0,13.99,ASK
358,1712692930.7763212,892596489.2570835,13.5,-5.140348708453346e-06,13.99,ASK
359,1712692950.1763537,892596489.2570835,13.5,-0.0,13.99,ASK
360,1712692980.265442,892596489.2570835,13.5,-0.0,13.99,ASK
361,1712693010.2656004,892596489.2570835,13.5,-0.0,13.99,ASK
362,1712693040.1563115,892596489.2570835,13.5,-0.0,13.99,ASK
363,1712693070.1744287,892596489.2570835,13.5,-0.0,13.99,ASK
364,1712693100.253719,892596489.2570835,13.5,-0.0,13.99,ASK
365,1712693115.733634,892655759.4821569,13.51,-4.128100275683965e-06,13.99,ASK
366,1712693115.737605,892670563.3311577,13.51,-1.031070374135038e-06,13.99,ASK
367,1712693123.8273668,892671303.5236077,13.55,5.1553518707167073e-08,13.99,BID
368,1712693130.2837176,892671303.5236077,13.55,0.0,13.99,BID
369,1712693160.1734593,892671303.5236077,13.55,0.0,13.99,BID
370,1712693178.1528778,892672861.0958743,13.51,-1.0847540860200897e-07,13.99,ASK
371,1712693190.1628702,892672861.0958743,13.51,-0.0,13.99,ASK
372,1712693193.48359,892673601.2883244,13.55,5.15498141028916e-08,13.99,BID
373,1712693198.7629237,892678944.2382513,13.55,3.721033299909604e-07,13.99,BID
374,1712693198.7727046,892679325.6425679,13.55,2.6562445502753897e-08,13.99,BID
375,1712693204.6737862,892705083.7975494,13.55,1.7938957643326374e-06,13.99,BID
376,1712693220.274251,892705083.7975494,13.55,0.0,13.99,BID
377,1712693246.9725325,892719601.6070714,13.51,-1.0110446625739643e-06,13.99,ASK
378,1712693246.9755695,892774479.9371371,13.52,-3.821819167672692e-06,13.99,ASK
379,1712693250.242076,892774479.9371371,13.52,-0.0,13.99,ASK
380,1712693280.1719162,892774479.9371371,13.52,-0.0,13.99,ASK
381,1712693310.1721036,892774479.9371371,13.52,-0.0,13.99,ASK
382,1712693334.4514658,892778696.4399563,13.52,-2.936251625535072e-07,13.99,ASK
383,1712693335.7615864,892779747.9245763,13.52,-7.322237306666976e-08,13.99,ASK
384,1712693340.251547,892779747.9245763,13.52,-0.0,13.99,ASK
385,1712693341.2015684,892780930.5473442,13.52,-8.235404910160074e-08,13.99,ASK
386,1712693341.204861,892786535.5073735,13.52,-3.9031140443093147e-07,13.99,ASK
387,1712693347.9813683,892787101.0621072,13.52,3.9383414201355497e-08,13.99,BID
388,1712693370.2511294,892787101.0621072,13.52,0.0,13.99,BID
389,1712693383.5411265,893277312.2434987,13.52,3.4136495014097536e-05,13.99,BID
390,1712693392.2112415,893283367.2390742,13.51,-4.2164751462489533e-07,13.99,ASK
391,1712693392.2151425,893291891.4297667,13.51,-5.935931372377175e-07,13.99,ASK
392,1712693400.184986,893291891.4297667,13.51,-0.0,13.99,ASK
393,1712693407.310951,894096788.1013643,13.52,5.604996100214266e-05,13.99,BID
394,1712693430.170993,894096788.1013643,13.52,0.0,13.99,BID
395,1712693442.7707608,894099007.0362755,13.52,1.544012331644721e-07,13.99,BID
396,1712693458.7905724,894101225.9711868,13.52,1.544012331644721e-07,13.99,BID
397,1712693460.250347,894101225.9711868,13.52,0.0,13.99,BID
398,1712693476.3102837,894143777.1803317,13.51,-2.960849235270725e-06,13.99,ASK
399,1712693483.3007782,894147280.9284881,13.51,-2.438020037034195e-07,13.99,ASK
400,1712693484.6101196,894147962.2818683,13.51,-4.741074755012775e-08,13.99,ASK
401,1712693490.2501702,894147962.2818683,13.51,-0.0,13.99,ASK
402,1712693520.1604078,894147962.2818683,13.51,-0.0,13.99,ASK
403,1712693550.1767795,894147962.2818683,13.51,-0.0,13.99,ASK
404,1712693572.329872,894474475.767631,13.51,-2.2718854554185337e-05,13.99,ASK
405,1712693572.334149,894491659.3501625,13.51,-1.19563610470781e-06,13.99,ASK
406,1712693572.338689,894566879.5143218,13.51,-5.233829668888293e-06,13.99,ASK
407,1712693572.4295857,894798000.6331062,13.51,1.6081440157972167e-05,13.99,BID
408,1712693572.5294306,894881782.0386655,13.51,5.829522057261178e-06,13.99,BID
409,1712693573.8398323,894989500.9886705,13.51,7.495099787915524e-06,13.99,BID
410,1712693580.239406,894989500.9886705,13.51,0.0,13.99,BID
411,1712693607.8394692,895063520.2336742,13.51,-5.146198542299128e-06,13.99,ASK
412,1712693607.843612,895289136.2336742,13.51,-1.5685984506614703e-05,13.99,ASK
413,1712693608.0344217,895348406.9248084,13.51,4.1208032357086045e-06,13.99,BID
414,1712693608.036523,895407495.7714251,13.51,4.1081604697538944e-06,13.99,BID
415,1712693608.140145,895437495.7714251,13.51,2.085754269193856e-06,13.99,BID
416,1712693608.1442728,895622970.2994311,13.51,1.2895142953838052e-05,13.99,BID
417,1712693608.2395377,895765092.3220164,13.51,9.88105384512328e-06,13.99,BID
418,1712693608.2497334,895831039.6954726,13.51,4.585000524282452e-06,13.99,BID
419,1712693610.2491586,895831039.6954726,13.51,0.0,13.99,BID
420,1712693640.1893811,895831039.6954726,13.51,0.0,13.99,BID
421,1712693670.1635144,895831039.6954726,13.51,0.0,13.99,BID
422,1712693700.1830454,895831039.6954726,13.51,0.0,13.99,BID
423,1712693730.161119,895831039.6954726,13.51,0.0,13.99,BID
424,1712693745.6590323,895976003.9631537,13.51,-1.0078191687269536e-05,13.99,ASK
425,1712693745.6621182,895980964.7329538,13.51,-3.448821544869793e-07,13.99,ASK
426,1712693760.24851,895980964.7329538,13.51,-0.0,13.99,ASK
427,1712693763.15858,896030018.5043443,13.51,-3.409831355192537e-06,13.99,ASK
428,1712693790.2483375,896030018.5043443,13.51,-0.0,13.99,ASK
429,1712693820.1692712,896030018.5043443,13.51,-0.0,13.99,ASK
430,1712693850.169104,896030018.5043443,13.51,-0.0,13.99,ASK
431,1712693880.2477586,896030018.5043443,13.51,-0.0,13.99,ASK
432,1712693910.247473,896030018.5043443,13.51,-0.0,13.99,ASK
433,1712693940.1678102,896030018.5043443,13.51,-0.0,13.99,ASK
434,1712693970.1706064,896030018.5043443,13.51,-0.0,13.99,ASK
435,1712694000.1873915,896030018.5043443,13.51,-0.0,13.99,ASK
436,1712694030.1571422,896030018.5043443,13.51,-0.0,13.99,ASK
437,1712694060.2467997,896030018.5043443,13.51,-0.0,13.99,ASK
438,1712694090.2466044,896030018.5043443,13.51,-0.0,13.99,ASK
439,1712694120.1692097,896030018.5043443,13.51,-0.0,13.99,ASK
440,1712694138.6181073,896030758.6967944,13.52,-5.149791782380439e-08,13.99,ASK
441,1712694138.620466,896033485.9107244,13.52,-1.89742328291514e-07,13.99,ASK
442,1712694150.1764383,896033485.9107244,13.52,-0.0,13.99,ASK
443,1712694180.2462502,896033485.9107244,13.52,-0.0,13.99,ASK
444,1712694210.256255,896033485.9107244,13.52,-0.0,13.99,ASK
445,1712694222.756399,896040882.3604285,13.52,-5.145965980741731e-07,13.99,ASK
446,1712694222.761414,896045551.5962026,13.52,-3.248548886464649e-07,13.99,ASK
447,1712694226.018564,896135344.0191133,13.52,6.247169549111013e-06,13.99,BID
448,1712694234.1461377,896161844.0191133,13.52,1.843696691602829e-06,13.99,BID
449,1712694240.1602294,896161844.0191133,13.52,0.0,13.99,BID
450,1712694240.8059373,896188344.0191133,13.52,1.843474114417524e-06,13.99,BID
451,1712694263.5461416,896189823.3090541,13.52,1.0290689485455821e-07,13.99,BID
452,1712694270.157595,896189823.3090541,13.52,0.0,13.99,BID
453,1712694300.2467744,896189823.3090541,13.52,0.0,13.99,BID
454,1712694318.6861606,896216453.5015836,13.52,1.8540383103739504e-06,13.99,BID
455,1712694318.6913168,896246061.1995851,13.52,2.061337195218733e-06,13.99,BID
456,1712694330.2358098,896246061.1995851,13.52,0.0,13.99,BID
457,1712694360.1676884,896246061.1995851,13.52,0.0,13.99,BID
458,1712694390.1553836,896246061.1995851,13.52,0.0,13.99,BID
459,1712694420.265609,896246061.1995851,13.52,0.0,13.99,BID
460,1712694450.2652938,896246061.1995851,13.52,0.0,13.99,BID
461,1712694469.7554233,896263787.8060956,13.52,-1.2340905105678971e-06,13.99,ASK
462,1712694469.758853,896264658.1022995,13.52,-6.058826239073223e-08,13.99,ASK
463,1712694477.9252536,896267784.550327,13.52,-2.1765699149588045e-07,13.99,ASK
464,1712694477.9297311,896277981.1072797,13.52,-7.09863682501377e-07,13.99,ASK
465,1712694479.19483,896296658.1022995,13.52,1.3002546373538778e-06,13.99,BID
466,1712694480.1489437,896296658.1022995,13.52,0.0,13.99,BID
467,1712694500.8448453,896355888.9454948,13.52,-4.123335198927079e-06,13.99,ASK
468,1712694510.1453326,896355888.9454948,13.52,-0.0,13.99,ASK
469,1712694531.3448,896432674.1334172,13.52,-5.345077019821218e-06,13.99,ASK
470,1712694531.354519,896440039.0434433,13.52,-5.126771503530084e-07,13.99,ASK
471,1712694540.1850464,896440039.0434433,13.52,-0.0,13.99,ASK
472,1712694543.6247869,896591938.9961935,13.52,-1.0573037229721524e-05,13.99,ASK
473,1712694570.1574967,896591938.9961935,13.52,-0.0,13.99,ASK
474,1712694600.3444505,896591938.9961935,13.52,-0.0,13.99,ASK
475,1712694611.0745904,896599329.9791943,13.53,5.155535526186782e-07,13.99,BID
476,1712694630.236948,896599329.9791943,13.53,0.0,13.99,BID
477,1712694652.7960358,896599329.9791943,13.53,0.0,13.99,BID
478,1712694660.1547618,896599329.9791943,13.53,0.0,13.99,BID
479,1712694690.2144384,896599329.9791943,13.53,0.0,13.99,BID
480,1712694720.244851,896599329.9791943,13.53,0.0,13.99,BID
481,1712694743.1748593,896599347.9961935,13.52,-1.256756127658535e-09,13.99,ASK
482,1712694743.178512,896606738.9791943,13.53,-5.155499564311134e-07,13.99,ASK
483,1712694750.2347858,896606738.9791943,13.53,-0.0,13.99,ASK
484,1712694774.8255825,896609894.7878925,13.52,-2.201284538630625e-07,13.99,ASK
485,1712694774.83027,896610633.8861924,13.53,-5.1554635146743224e-08,13.99,ASK
486,1712694780.1852224,896610633.8861924,13.53,-0.0,13.99,ASK
487,1712694793.7252924,896618019.4105647,13.54,5.151637009757706e-07,13.99,BID
488,1712694804.8253973,896618019.4105647,13.54,0.0,13.99,BID
489,1712694804.9654417,896632057.6618648,13.54,-9.792124608224334e-07,13.99,ASK
490,1712694805.5952556,896850140.4600648,13.54,-1.5211965430979786e-05,13.99,ASK
491,1712694805.65546,896862446.00118,13.54,-8.583504412095831e-07,13.99,ASK
492,1712694809.1054013,896871071.00118,13.54,-6.016210490928756e-07,13.99,ASK
493,1712694810.1523354,896871071.00118,13.54,-0.0,13.99,ASK
494,1712694810.4354286,896871440.00487,13.55,2.5732845759463647e-08,13.99,BID
495,1712694833.8556125,896878857.40145,13.54,-5.172596570163592e-07,13.99,ASK
496,1712694840.255946,896878857.40145,13.54,-0.0,13.99,ASK
497,1712694862.1160483,896886273.194085,13.54,-5.17144002050339e-07,13.99,ASK
498,1712694870.2356784,896886273.194085,13.54,-0.0,13.99,ASK
499,1712694900.166826,896886273.194085,13.54,-0.0,13.99,ASK
500,1712694930.161199,896886273.194085,13.54,-0.0,13.99,ASK
501,1712694953.996455,896913661.7524748,13.54,-1.9124190970890187e-06,13.99,ASK
502,1712694954.0012991,896915514.6600602,13.54,-1.2938015214223216e-07,13.99,ASK
503,1712694960.246205,896915514.6600602,13.54,-0.0,13.99,ASK
504,1712694961.9964948,896916050.3660603,13.55,3.740489178244263e-08,13.99,BID
505,1712694962.0003152,896930274.8076617,13.55,9.93200932371192e-07,13.99,BID
506,1712694990.247073,896930274.8076617,13.55,0.0,13.99,BID
507,1712695020.1470597,896930274.8076617,13.55,0.0,13.99,BID
508,1712695029.9572403,896981973.4782673,13.54,-3.6097340232051618e-06,13.99,ASK
509,1712695029.9619708,897033911.0579354,13.53,-3.626415267826001e-06,13.99,ASK
510,1712695029.9657292,897044273.8076617,13.54,-7.235538133329447e-07,13.99,ASK
511,1712695050.1673822,897044273.8076617,13.54,-0.0,13.99,ASK
512,1712695080.2572322,897044273.8076617,13.54,-0.0,13.99,ASK
513,1712695110.2470703,897044273.8076617,13.54,-0.0,13.99,ASK
514,1712695140.1674542,897044273.8076617,13.54,-0.0,13.99,ASK
515,1712695162.9272752,897057557.940503,13.55,9.274323692046112e-07,13.99,BID
516,1712695170.1580105,897057557.940503,13.55,0.0,13.99,BID
517,1712695200.190626,897057557.940503,13.55,0.0,13.99,BID
518,1712695224.847636,897079698.1619052,13.55,1.5487485125662003e-06,13.99,BID
519,1712695230.1621385,897079698.1619052,13.55,0.0,13.99,BID
520,1712695238.0000644,897088514.1641177,13.54,-6.166823510774918e-07,13.99,ASK
521,1712695238.4078093,897097820.8123236,13.54,-6.510032050692449e-07,13.99,ASK
522,1712695252.937511,897101510.849224,13.55,2.5811933532290485e-07,13.99,BID
523,1712695259.8175204,897115807.1918606,13.54,-1.0000340263542505e-06,13.99,ASK
524,1712695260.2385485,897115807.1918606,13.54,-0.0,13.99,ASK
525,1712695290.237547,897115807.1918606,13.54,-0.0,13.99,ASK
526,1712695292.557917,897120977.0589211,13.54,-3.6162158963668e-07,13.99,ASK
527,1712695294.4329298,897170686.1216811,13.55,3.477046911286365e-06,13.99,BID
528,1712695294.4379694,897172525.7717019,13.55,1.286797430417394e-07,13.99,BID
529,1712695320.1630878,897172525.7717019,13.55,0.0,13.99,BID
530,1712695346.1579013,897185943.1199614,13.55,-9.38465525160498e-07,13.99,ASK
531,1712695346.217867,897190377.6061873,13.55,-3.101665369633868e-07,13.99,ASK
532,1712695346.2216153,897212626.3589725,13.55,-1.5561709410076637e-06,13.99,ASK
533,1712695346.337805,897226010.2725644,13.55,-9.361269644949236e-07,13.99,ASK
534,1712695350.178401,897226010.2725644,13.55,-0.0,13.99,ASK
535,1712695354.6707675,897235964.0362421,13.55,-6.961726263313939e-07,13.99,ASK
536,1712695355.3880465,897249347.2277161,13.55,-9.360290096078424e-07,13.99,ASK
537,1712695356.4981484,897251904.2439642,13.54,-1.7883935912622457e-07,13.99,ASK
538,1712695356.503956,897304361.5875922,13.54,-3.668900314125807e-06,13.99,ASK
539,1712695356.508763,897368015.0524752,13.55,-4.451964227549094e-06,13.99,ASK
540,1712695370.5280695,897382783.7566841,13.55,-1.032932660397074e-06,13.99,ASK
541,1712695374.068715,897390678.078218,13.56,5.52133919722853e-07,13.99,BID
542,1712695380.2377987,897390678.078218,13.56,0.0,13.99,BID
543,1712695399.2579858,897404929.0815151,13.54,-9.965688393564269e-07,13.99,ASK
544,1712695410.2481933,897404929.0815151,13.54,-0.0,13.99,ASK
545,1712695439.5079618,897412313.822907,13.54,-5.164060172729415e-07,13.99,ASK
546,1712695440.161523,897412313.822907,13.54,-0.0,13.99,ASK
547,1712695470.1624868,897412313.822907,13.54,-0.0,13.99,ASK
548,1712695497.9781976,897414513.7500894,13.54,-1.5383716651433873e-07,13.99,ASK
549,1712695500.1739168,897414513.7500894,13.54,-0.0,13.99,ASK
550,1712695525.1581123,897626943.8754581,13.56,1.4868035050814668e-05,13.99,BID
551,1712695530.1685658,897626943.8754581,13.56,0.0,13.99,BID
552,1712695558.568525,897649766.6014292,13.56,1.5970460431085644e-06,13.99,BID
553,1712695558.574438,897674374.1426255,13.56,1.721940505609402e-06,13.99,BID
554,1712695560.1383965,897687615.929021,13.55,-9.266089683361256e-07,13.99,ASK
555,1712695560.2477546,897687615.929021,13.55,-0.0,13.99,ASK
556,1712695562.058669,897700942.2241331,13.55,-9.324688874370844e-07,13.99,ASK
557,1712695563.2080636,897714350.2672223,13.55,-9.381889652636016e-07,13.99,ASK
558,1712695569.2480478,897763588.0868601,13.55,-3.44527376222238e-06,13.99,ASK
559,1712695587.7781577,897765325.86474,13.55,-1.215959719260292e-07,13.99,ASK
560,1712695590.2384262,897765325.86474,13.55,-0.0,13.99,ASK
561,1712695606.9281566,897765694.5963035,13.56,2.5799021916816463e-08,13.99,BID
562,1712695620.1616924,897765694.5963035,13.56,0.0,13.99,BID
563,1712695623.748175,897767103.1508758,13.56,9.855222924307709e-08,13.99,BID
564,1712695639.06839,897785741.613263,13.55,-1.3040758618714274e-06,13.99,ASK
565,1712695639.368717,897788855.3110048,13.56,2.17855850006348e-07,13.99,BID
566,1712695639.374631,897836374.114758,13.56,3.3247444811848023e-06,13.99,BID
567,1712695639.3797922,897850400.6348763,13.57,9.813924524591668e-07,13.99,BID
568,1712695639.3824914,897859477.581906,13.56,6.350860535071056e-07,13.99,BID
569,1712695650.158718,897859477.581906,13.56,0.0,13.99,BID
570,1712695659.7181246,897933286.5870961,13.54,-5.163729544437929e-06,13.99,ASK
571,1712695665.4980998,897942935.8295212,13.55,-6.750677381912596e-07,13.99,ASK
572,1712695673.369556,897956262.1246334,13.55,-9.32316911896732e-07,13.99,ASK
573,1712695675.5125809,898084563.1684954,13.55,-8.976030622086162e-06,13.99,ASK
574,1712695676.318084,898228967.1507963,13.56,1.0102603440063776e-05,13.99,BID
575,1712695676.3380475,898238879.4816685,13.55,-6.934735896664261e-07,13.99,ASK
576,1712695676.4380126,898253085.8151371,13.55,-9.938850098489507e-07,13.99,ASK
577,1712695680.2784686,898253085.8151371,13.55,-0.0,13.99,ASK
578,1712695683.9480815,898262770.9695036,13.55,-6.77327399556396e-07,13.99,ASK
579,1712695683.96831,898272447.7403722,13.55,-6.767411029778284e-07,13.99,ASK
580,1712695684.190795,898280802.8724821,13.55,-5.84312824637458e-07,13.99,ASK
581,1712695685.6180634,898354603.6104894,13.55,-5.161225115086257e-06,13.99,ASK
582,1712695687.1686082,898367929.9056016,13.55,-9.319691222816432e-07,13.99,ASK
583,1712695687.208062,898373525.9233007,13.56,3.913552611129476e-07,13.99,BID
584,1712695687.2279782,898383543.7088922,13.56,-7.005898313265193e-07,13.99,ASK
585,1712695687.388105,898384220.7088922,13.56,-4.734572440952336e-08,13.99,ASK
586,1712695687.4682446,898411243.8805279,13.56,-1.8898547074323189e-06,13.99,ASK
587,1712695687.928311,898434497.5494279,13.55,-1.626236040251578e-06,13.99,ASK
588,1712695687.947905,898454423.7486898,13.55,-1.393530781068454e-06,13.99,ASK
589,1712695688.0683622,898461543.7486898,13.55,-4.979343542035544e-07,13.99,ASK
590,1712695689.4383132,898464631.149,13.55,-2.1591610669467681e-07,13.99,ASK
591,1712695695.8497236,898477099.3442742,13.55,-8.719582530758521e-07,13.99,ASK
592,1712695697.457973,898489277.986558,13.55,-8.517084804295915e-07,13.99,ASK
593,1712695697.9079747,898563078.7245654,13.55,-5.161225115094594e-06,13.99,ASK
594,1712695698.4281209,898601300.4193523,13.56,2.673018948073528e-06,13.99,BID
595,1712695710.2380662,898601300.4193523,13.56,0.0,13.99,BID
596,1712695731.6730084,898602059.1375448,13.56,-5.304314770717343e-08,13.99,ASK
597,1712695740.1517153,898602059.1375448,13.56,-0.0,13.99,ASK
598,1712695770.1612127,898602059.1375448,13.56,-0.0,13.99,ASK
599,1712695800.2082217,898602059.1375448,13.56,-0.0,13.99,ASK
600,1712695807.078117,898605146.5378549,13.55,-2.1631449935444697e-07,13.99,ASK
601,1712695816.8508224,898614369.7973157,13.55,-6.462151170082723e-07,13.99,ASK
602,1712695819.7381887,898827299.3899083,13.55,-1.4918622009546265e-05,13.99,ASK
603,1712695830.158468,898827299.3899083,13.55,-0.0,13.99,ASK
604,1712695833.3684862,898840625.6850204,13.55,-9.33489111518151e-07,13.99,ASK
605,1712695839.151542,898849677.5081155,13.55,-6.340680757516443e-07,13.99,ASK
606,1712695840.801507,898859205.709323,13.55,-6.674377240433954e-07,13.99,ASK
607,1712695841.741742,898870731.0148128,13.55,-8.073322023188002e-07,13.99,ASK
608,1712695845.3078556,898879966.5812247,13.55,-6.469390488222083e-07,13.99,ASK
609,1712695855.187954,898894096.4977455,13.55,-9.897817141127168e-07,13.99,ASK
610,1712695860.2480357,898894096.4977455,13.55,-0.0,13.99,ASK
611,1712695867.1683826,898904692.7055784,13.55,-7.422031002240721e-07,13.99,ASK
612,1712695877.5281036,898978493.4435859,13.55,-5.169315042849382e-06,13.99,ASK
613,1712695890.258361,898978493.4435859,13.55,-0.0,13.99,ASK
614,1712695896.0180275,899084514.7542804,13.55,-7.4255850896769e-06,13.99,ASK
615,1712695916.7080178,899088204.7911808,13.56,2.584450504192651e-07,13.99,BID
616,1712695918.5181134,899146824.8530277,13.55,-4.10566757149321e-06,13.99,ASK
617,1712695920.1585124,899146824.8530277,13.55,-0.0,13.99,ASK
618,1712695933.8080502,899160151.1481398,13.55,-9.332060858254424e-07,13.99,ASK
619,1712695950.161312,899160151.1481398,13.55,-0.0,13.99,ASK
620,1712695963.4253695,899269102.1330494,13.55,-7.629460076985316e-06,13.99,ASK
621,1712695969.3180132,899342902.8710568,13.55,-5.1680100436654e-06,13.99,ASK
622,1712695980.2585087,899342902.8710568,13.55,-0.0,13.99,ASK
623,1712695981.3882303,899357162.5992342,13.55,-9.983862439877918e-07,13.99,ASK
624,1712695981.669767,899371368.9327029,13.55,-9.94647845747863e-07,13.99,ASK
625,1712695981.747946,899379954.0488541,13.55,-6.010817150060818e-07,13.99,ASK
626,1712695981.8679416,899388555.8776221,13.55,-6.02251838763548e-07,13.99,ASK
627,1712695981.872319,899397164.3443118,13.55,-6.027165888360911e-07,13.99,ASK
628,1712695983.2732625,899410539.2352605,13.55,-9.364349005690852e-07,13.99,ASK
629,1712695983.347967,899423865.5303726,13.55,-9.330324924661284e-07,13.99,ASK
630,1712695983.3522184,899433882.1224406,13.55,-7.01305635553076e-07,13.99,ASK
631,1712695983.447814,899444662.7589806,13.55,-7.547997471691279e-07,13.99,ASK
632,1712696002.0779228,899453598.4486682,13.55,-6.256269091282232e-07,13.99,ASK
633,1712696002.21787,899466924.7437805,13.55,-9.33032492474475e-07,13.99,ASK
634,1712696002.3377666,899476936.7114165,13.55,-7.009818587457346e-07,13.99,ASK
635,1712696003.3377218,899489369.1329806,13.55,-8.704484766199363e-07,13.99,ASK
636,1712696003.417873,899498710.5306156,13.55,-6.540323056893775e-07,13.99,ASK
637,1712696005.648358,899568008.0882071,13.56,4.851826583263839e-06,13.99,BID
638,1712696005.6550865,899586411.5999371,13.56,1.2885107432370038e-06,13.99,BID
639,1712696009.886336,899600672.8423682,13.55,-9.984922635472574e-07,13.99,ASK
640,1712696010.247811,899600672.8423682,13.55,-0.0,13.99,ASK
641,1712696012.793465,899611133.4689728,13.55,-7.322153404468196e-07,13.99,ASK
642,1712696012.9478495,899621526.5587122,13.55,-7.274879440343075e-07,13.99,ASK
643,1712696017.2078729,899657136.4436579,13.55,-2.4925948525280933e-06,13.99,ASK
644,1712696017.947888,899666830.2685348,13.55,-6.7854131026743e-07,13.99,ASK
645,1712696020.7779648,899710125.617115,13.55,-3.030556351818799e-06,13.99,ASK
646,1712696025.108099,899728743.6390122,13.55,-1.303210769033998e-06,13.99,ASK
647,1712696028.8677669,899789928.3390123,13.55,-4.282762174223362e-06,13.99,ASK
648,1712696035.1085582,899830142.3212676,13.55,-2.8148691107078043e-06,13.99,ASK
649,1712696040.088109,899853127.046203,13.55,-1.6088680754867808e-06,13.99,ASK
650,1712696040.200298,899853127.046203,13.55,-0.0,13.99,ASK
651,1712696044.8877962,899862486.5900136,13.55,-6.549857150125349e-07,13.99,ASK
652,1712696049.900433,899881443.2114495,13.55,-1.3265941691872185e-06,13.99,ASK
653,1712696050.0581186,899924616.887591,13.55,-3.021316178382136e-06,13.99,ASK
654,1712696070.159716,899924616.887591,13.55,-0.0,13.99,ASK
655,1712696100.2503572,899924616.887591,13.55,-0.0,13.99,ASK
656,1712696130.2477312,899924616.887591,13.55,-0.0,13.99,ASK
657,1712696160.157419,899924616.887591,13.55,-0.0,13.99,ASK
658,1712696175.1680002,899925816.887591,13.55,-8.417260164551526e-08,13.99,ASK
659,1712696180.7903087,899926185.3474289,13.57,2.584518596588772e-08,13.99,BID
660,1712696190.174627,899926185.3474289,13.57,0.0,13.99,BID
661,1712696218.7301269,899926528.7609879,13.57,2.408830799312433e-08,13.99,BID
662,1712696218.7365067,899940923.7409439,13.57,1.0097175888624436e-06,13.99,BID
663,1712696220.2476096,899940923.7409439,13.57,0.0,13.99,BID
664,1712696239.6780484,899948292.9377015,13.55,-5.16895697033512e-07,13.99,ASK
665,1712696250.2578363,899948292.9377015,13.55,-0.0,13.99,ASK
666,1712696265.2277968,899952064.7218431,13.55,-2.645614443734353e-07,13.99,ASK
667,1712696280.163856,899952064.7218431,13.55,-0.0,13.99,ASK
668,1712696310.1612325,899952064.7218431,13.55,-0.0,13.99,ASK
669,1712696340.2574236,899952064.7218431,13.55,-0.0,13.99,ASK
670,1712696370.257566,899952064.7218431,13.55,-0.0,13.99,ASK
671,1712696373.7072914,899963721.9315124,13.55,-8.176600399033407e-07,13.99,ASK
672,1712696383.4573798,899973197.4286644,13.55,-6.646303531737155e-07,13.99,ASK
673,1712696400.2775202,899973197.4286644,13.55,-0.0,13.99,ASK
674,1712696413.0176296,899975408.1876917,13.57,1.551227469593125e-07,13.99,BID
675,1712696420.707384,899989348.6476825,13.57,9.781628938345091e-07,13.99,BID
676,1712696429.637442,899998991.3902413,13.57,-6.76604141608048e-07,13.99,ASK
677,1712696430.1623626,899998991.3902413,13.57,-0.0,13.99,ASK
678,1712696445.9975147,900015603.3902413,13.57,-1.1655887200372884e-06,13.99,ASK
679,1712696460.247761,900015603.3902413,13.57,-0.0,13.99,ASK
680,1712696476.8274798,900022967.1604917,13.58,5.166741983712633e-07,13.99,BID
681,1712696490.250527,900022967.1604917,13.58,0.0,13.99,BID
682,1712696496.2372406,900034740.9336237,13.57,-8.260934148896725e-07,13.99,ASK
683,1712696497.7471848,900059463.5108566,13.57,1.7346315426952444e-06,13.99,BID
684,1712696512.737258,900171245.2680445,13.57,-7.84303999088945e-06,13.99,ASK
685,1712696512.7428622,900267102.0799097,13.57,-6.725684295646181e-06,13.99,ASK
686,1712696520.1582966,900267102.0799097,13.57,-0.0,13.99,ASK
687,1712696525.9873152,900296578.8669399,13.57,2.067724635951617e-06,13.99,BID
688,1712696538.0470984,900326055.6539701,13.57,2.067724635951617e-06,13.99,BID
689,1712696550.1623912,900326055.6539701,13.57,0.0,13.99,BID
690,1712696559.0271938,900338661.7701292,13.57,8.842386461405256e-07,13.99,BID
691,1712696559.032657,900423566.3982589,13.57,5.9555181374720405e-06,13.99,BID
692,1712696562.5970438,900425040.2376105,13.57,1.0338043029144669e-07,13.99,BID
693,1712696576.1683936,900425408.7711403,13.57,2.585027659622628e-08,13.99,BID
694,1712696578.07785,900434595.8936002,13.55,-6.444180446494401e-07,13.99,ASK
695,1712696580.2371595,900434595.8936002,13.55,-0.0,13.99,ASK
696,1712696588.926469,900449005.6868141,13.55,-1.0106506863410152e-06,13.99,ASK
697,1712696589.1773987,900459778.593343,13.55,-7.555726314594358e-07,13.99,ASK
698,1712696610.2473726,900459778.593343,13.55,-0.0,13.99,ASK
699,1712696610.9371383,900607380.0693578,13.55,-1.0351984989745894e-05,13.99,ASK
700,1712696628.0723605,900636690.1002812,13.55,-2.055650176144756e-06,13.99,ASK
701,1712696640.149952,900636690.1002812,13.55,-0.0,13.99,ASK
702,1712696670.1469903,900636690.1002812,13.55,-0.0,13.99,ASK
703,1712696698.4470327,900674723.2446358,13.55,-2.6669947205488133e-06,13.99,ASK
704,1712696700.2509816,900674723.2446358,13.55,-0.0,13.99,ASK
705,1712696717.3372324,900701216.6196358,13.55,-1.8585295881957009e-06,13.99,ASK
706,1712696720.2556758,900709134.9626169,13.55,-5.554775380583355e-07,13.99,ASK
707,1712696730.2605803,900709134.9626169,13.55,-0.0,13.99,ASK
708,1712696760.1606295,900709134.9626169,13.55,-0.0,13.99,ASK
709,1712696787.388719,900715013.959282,13.55,-4.124024163029826e-07,13.99,ASK
710,1712696787.3943365,900968806.345851,13.55,-1.7803138770478956e-05,13.99,ASK
711,1712696787.3997884,902399206.12751,13.55,-0.0001003403063205,13.99,ASK
712,1712696787.4490232,902436088.0555496,13.55,-2.5872095372521936e-06,13.99,ASK
713,1712696787.4583836,902674805.1156085,13.55,-1.6745628206440738e-05,13.99,ASK
714,1712696787.4638853,902705454.200416,13.55,-2.149985337988963e-06,13.99,ASK
715,1712696787.5284986,902706034.707799,13.54,-4.0721684508978006e-08,13.99,ASK
716,1712696787.5344388,902750261.891986,13.54,-3.1024677617664325e-06,13.99,ASK
717,1712696787.5394428,902751539.735413,13.54,-8.963871675681159e-08,13.99,ASK
718,1712696787.6576176,902766321.7014143,13.53,-1.0369317834282111e-06,13.99,ASK
719,1712696787.6604447,902795883.0618552,13.53,-2.0736831757775155e-06,13.99,ASK
720,1712696790.1759377,902795883.0618552,13.53,-0.0,13.99,ASK
721,1712696801.1286514,902797244.0321432,13.52,-9.528095735761476e-08,13.99,ASK
722,1712696820.2494953,902797244.0321432,13.52,-0.0,13.99,ASK
723,1712696836.630266,902798233.48019,13.52,-6.927075229335976e-08,13.99,ASK
724,1712696840.2540717,902798603.3766396,13.52,-2.5896261479425432e-08,13.99,ASK
725,1712696840.2590885,902827250.7271718,13.52,-2.0055863761396377e-06,13.99,ASK
726,1712696840.2665882,902911910.200005,13.52,-5.9269664444393695e-06,13.99,ASK
727,1712696840.2697952,902911910.2000057,13.52,-3.338312585169912e-17,13.99,ASK
728,1712696850.2401578,902911910.2000057,13.52,-0.0,13.99,ASK
729,1712696851.0500834,902921910.2000057,13.52,-7.000189150679699e-07,13.99,ASK
730,1712696859.0302458,902936703.0994136,13.52,-1.03553093943692e-06,13.99,ASK
731,1712696859.0501137,902936703.099414,13.52,-1.6689751507472272e-17,13.99,ASK
732,1712696874.5406828,902936703.0994146,13.52,-5.006925452241682e-17,13.99,ASK
733,1712696874.5470483,902968076.5399126,13.52,-2.1962001779355563e-06,13.99,ASK
734,1712696880.1675923,902968076.5399126,13.52,-0.0,13.99,ASK
735,1712696881.050335,903002631.35242,13.51,-2.4187736608070083e-06,13.99,ASK
736,1712696881.0587184,903004851.9297702,13.51,-1.554363521762699e-07,13.99,ASK
737,1712696883.7307773,903024851.9297702,13.52,-1.399963411916247e-06,13.99,ASK
738,1712696894.926709,903077062.028174,13.51,-3.6546113748858e-06,13.99,ASK
739,1712696897.0139809,903077431.577324,13.53,2.586776444454319e-08,13.99,BID
740,1712696906.4513526,903097431.577324,13.51,-1.399963411916247e-06,13.99,ASK
741,1712696910.1655345,903097431.577324,13.51,-0.0,13.99,ASK
742,1712696910.841534,903173235.4206347,13.52,-5.30548127069878e-06,13.99,ASK
743,1712696910.8612056,903173235.4206352,13.52,-1.668682286755767e-17,13.99,ASK
744,1712696934.3620224,903175636.5776056,13.53,1.680560348650231e-07,13.99,BID
745,1712696934.3684332,903188017.3866364,13.53,8.665279695736714e-07,13.99,BID
746,1712696940.2464457,903188017.3866364,13.53,0.0,13.99,BID
747,1712696954.0223303,903217327.41756,13.51,-2.051221724697638e-06,13.99,ASK
748,1712696970.2524326,903217327.41756,13.51,-0.0,13.99,ASK
749,1712697000.193499,903217327.41756,13.51,-0.0,13.99,ASK
750,1712697030.1751442,903217327.41756,13.51,-0.0,13.99,ASK
751,1712697060.2649374,903217327.41756,13.51,-0.0,13.99,ASK
752,1712697090.2648034,903217327.41756,13.51,-0.0,13.99,ASK
753,1712697120.1685336,903217327.41756,13.51,-0.0,13.99,ASK
754,1712697150.1695476,903217327.41756,13.51,-0.0,13.99,ASK
755,1712697150.220161,903247208.41756,13.52,-2.105265266844371e-06,13.99,ASK
756,1712697168.7258258,903249425.7124602,13.53,1.562194685485029e-07,13.99,BID
757,1712697168.8056924,903264194.416669,13.53,1.040528764338275e-06,13.99,BID
758,1712697180.2762957,903264194.416669,13.53,0.0,13.99,BID
759,1712697188.7561612,903269194.416669,13.53,3.5225917138345024e-07,13.99,BID
760,1712697190.5260203,903290768.4042504,13.53,1.5199269977618092e-06,13.99,BID
761,1712697206.8966715,903305513.4338048,13.53,1.0388143785859623e-06,13.99,BID
762,1712697210.2590394,903305513.4338048,13.53,0.0,13.99,BID
763,1712697218.4264517,903307936.4338048,13.52,-1.706980713659348e-07,13.99,ASK
764,1712697219.8485377,903387852.353096,13.53,5.630001359658861e-06,13.99,BID
765,1712697219.852043,903390645.7718228,13.53,1.967937223037009e-07,13.99,BID
766,1712697220.3566642,903391101.9873476,13.52,-3.2139954696514895e-08,13.99,ASK
767,1712697224.5168023,903468748.1744874,13.52,-5.4701008640832414e-06,13.99,ASK
768,1712697224.5242894,904029631.3082256,13.52,-3.951368930696889e-05,13.99,ASK
769,1712697240.1631625,904029631.3082256,13.52,-0.0,13.99,ASK
770,1712697243.7568734,904039127.6222136,13.51,-6.685452543518334e-07,13.99,ASK
771,1712697243.7644637,904061528.1461092,13.51,-1.577008085874933e-06,13.99,ASK
772,1712697270.1716888,904061528.1461092,13.51,-0.0,13.99,ASK
773,1712697300.187778,904061528.1461092,13.51,-0.0,13.99,ASK
774,1712697324.4577582,904064001.0698696,13.51,-1.745545900244278e-07,13.99,ASK
775,1712697324.4652543,904179327.5811728,13.51,-8.140474131739881e-06,13.99,ASK
776,1712697324.472424,904186299.9534895,13.51,-4.921541095859472e-07,13.99,ASK
777,1712697330.170255,904186299.9534895,13.51,-0.0,13.99,ASK
778,1712697360.2684343,904186299.9534895,13.51,-0.0,13.99,ASK
779,1712697390.2619696,904186299.9534895,13.51,-0.0,13.99,ASK
780,1712697420.1791005,904186299.9534895,13.51,-0.0,13.99,ASK
781,1712697422.8086438,904208309.7326236,13.52,-1.5534045003505484e-06,13.99,ASK
782,1712697433.408935,904356274.2403772,13.52,-1.0443027657700696e-05,13.99,ASK
783,1712697450.1794307,904356274.2403772,13.52,-0.0,13.99,ASK
784,1712697457.4630368,904546930.090648,13.52,-1.3453911835524162e-05,13.99,ASK
785,1712697480.2556813,904546930.090648,13.52,-0.0,13.99,ASK
786,1712697510.2592432,904546930.090648,13.52,-0.0,13.99,ASK
787,1712697540.175786,904546930.090648,13.52,-0.0,13.99,ASK
788,1712697542.8798149,904628291.0373936,13.52,-5.740311301789808e-06,13.99,ASK
789,1712697542.887262,904792093.2602432,13.52,-1.1556843776948952e-05,13.99,ASK
790,1712697550.59037,905011464.0219072,13.52,-1.547740670226432e-05,13.99,ASK
791,1712697556.2698278,905015464.0219072,13.52,-2.822145774554301e-07,13.99,ASK
792,1712697570.17676,905015464.0219072,13.52,-0.0,13.99,ASK
793,1712697583.689768,905044600.5344664,13.52,-2.0547688121757265e-06,13.99,ASK
794,1712697587.8800309,905093272.302511,13.52,-3.432436562495441e-06,13.99,ASK
795,1712697587.9803703,905133524.565222,13.52,-2.8386751458392847e-06,13.99,ASK
796,1712697592.8402624,905159319.0884566,13.52,-1.819084619676596e-06,13.99,ASK
797,1712697592.8471642,905182196.333266,13.52,-1.6133519427684038e-06,13.99,ASK
798,1712697593.1410842,905182196.3332664,13.52,-1.6813785094773372e-17,13.99,ASK
799,1712697600.2062497,905182196.3332664,13.52,-0.0,13.99,ASK
800,1712697630.1977296,905182196.3332664,13.52,-0.0,13.99,ASK
801,1712697631.0302608,905218424.8830274,13.51,-2.555235691315959e-06,13.99,ASK
802,1712697638.3579574,905237750.1530576,13.51,-1.363030539482355e-06,13.99,ASK
803,1712697640.983173,905274704.664892,13.52,2.606438519257692e-06,13.99,BID
804,1712697645.8004525,905289497.5643004,13.52,1.0433579261414673e-06,13.99,BID
805,1712697651.100491,905303000.421451,13.51,-9.523699610829437e-07,13.99,ASK
806,1712697651.106844,905308000.421451,13.52,-3.526549790373126e-07,13.99,ASK
807,1712697651.1117752,905627333.1084756,13.51,-2.252285240972574e-05,13.99,ASK
808,1712697655.1979103,905630158.2380092,13.51,-1.9925919929330025e-07,13.99,ASK
809,1712697655.205006,905662820.5489092,13.51,-2.3037053131396187e-06,13.99,ASK
810,1712697655.20872,905663560.7413592,13.51,-5.220651059094788e-08,13.99,ASK
811,1712697660.2122264,905663560.7413592,13.51,-0.0,13.99,ASK
812,1712697665.1707969,905676259.7180192,13.51,-8.952607959422194e-07,13.99,ASK
813,1712697665.1771965,905676521.8999614,13.51,-1.8483474736896208e-08,13.99,ASK
814,1712697690.1712596,905676521.8999614,13.51,-0.0,13.99,ASK
815,1712697708.7706811,905712536.0113336,13.51,-2.5389151317428825e-06,13.99,ASK
816,1712697708.7761366,905777318.7419906,13.51,-4.5670391097945135e-06,13.99,ASK
817,1712697709.950467,905814300.9905112,13.52,2.6071666576748467e-06,13.99,BID
818,1712697720.2606306,905814300.9905112,13.52,0.0,13.99,BID
819,1712697740.0807648,905888265.4875528,13.52,5.213649022168883e-06,13.99,BID
820,1712697749.321363,906001500.0678968,13.51,-7.981739654846401e-06,13.99,ASK
821,1712697749.3281617,906003720.645247,13.51,-1.565252437762897e-07,13.99,ASK
822,1712697749.3336017,906348484.3506556,13.51,-2.430188843947252e-05,13.99,ASK
823,1712697749.3823998,906587477.0421329,13.51,-1.6846244645270484e-05,13.99,ASK
824,1712697749.4209104,907035387.6455252,13.51,-3.157256214541913e-05,13.99,ASK
825,1712697749.4242127,907035511.0981268,13.51,-8.701992998141004e-09,13.99,ASK
826,1712697749.4498644,907042913.0226272,13.51,-5.217508125792295e-07,13.99,ASK
827,1712697749.4550867,907363573.5155804,13.51,-2.2602888310016976e-05,13.99,ASK
828,1712697749.4581711,907393181.213582,13.51,-2.0870032503253206e-06,13.99,ASK
829,1712697749.8734157,907414575.589204,13.5,-1.5080581901233214e-06,13.99,ASK
830,1712697750.2662036,907414575.589204,13.5,-0.0,13.99,ASK
831,1712697750.5581286,907744900.9580542,13.5,-2.32487206951011e-05,13.99,ASK
832,1712697760.3835318,907745641.6987948,13.5,-5.2134277930157394e-08,13.99,ASK
833,1712697760.391385,907807289.3831232,13.5,-4.33884263699758e-06,13.99,ASK
834,1712697762.791147,907828148.8993548,13.5,-1.468119352716085e-06,13.99,ASK
835,1712697765.8813105,907840586.9761173,13.5,-8.754077037544423e-07,13.99,ASK
836,1712697765.888612,907855280.2045522,13.5,-1.03412815425564e-06,13.99,ASK
837,1712697780.1813414,907855280.2045522,13.5,-0.0,13.99,ASK
838,1712697786.744279,907856356.2045522,13.5,-7.569855455146664e-08,13.99,ASK
839,1712697790.991688,907914661.0501914,13.5,-4.101851801334576e-06,13.99,ASK
840,1712697790.9989946,907924256.83261,13.5,-6.750807238569038e-07,13.99,ASK
841,1712697791.170708,907943255.83261,13.5,-1.336614161638768e-06,13.99,ASK
842,1712697791.230985,908069102.1814775,13.5,-8.853519242435937e-06,13.99,ASK
843,1712697791.241159,908204810.31011,13.5,-9.547313362778946e-06,13.99,ASK
844,1712697810.188876,908204810.31011,13.5,-0.0,13.99,ASK
845,1712697824.1411543,908218807.31011,13.5,-9.843875922559602e-07,13.99,ASK
846,1712697829.1212356,908309943.83415,13.5,-6.409492281669767e-06,13.99,ASK
847,1712697829.1609025,908378150.777227,13.5,-4.796889938606562e-06,13.99,ASK
848,1712697837.9913712,908672575.4573452,13.5,-2.0706437233848107e-05,13.99,ASK
849,1712697840.2629435,908672575.4573452,13.5,-0.0,13.99,ASK
850,1712697870.2613685,908672575.4573452,13.5,-0.0,13.99,ASK
851,1712697881.26467,908685956.4573452,13.5,-9.406475017177876e-07,13.99,ASK
852,1712697887.8214865,908759056.833812,13.5,-5.138755436686603e-06,13.99,ASK
853,1712697893.9155622,908772973.833812,13.5,-9.783268276964686e-07,13.99,ASK
854,1712697900.168524,908772973.833812,13.5,-0.0,13.99,ASK
855,1712697900.9416523,908787038.833812,13.5,-9.89553189194663e-07,13.99,ASK
856,1712697901.5213802,908797812.756202,13.5,-7.580070573156475e-07,13.99,ASK
857,1712697901.742622,908808574.9574035,13.5,-7.571824046667971e-07,13.99,ASK
858,1712697901.7613623,908819354.0556526,13.5,-7.583712086041622e-07,13.99,ASK
859,1712697910.9015648,908826702.5756526,13.5,-5.17010408947166e-07,13.99,ASK
860,1712697921.6576228,908829665.5386156,13.5,-2.084613899386785e-07,13.99,ASK
861,1712697921.6620843,908834133.7046655,13.5,-3.143610355282265e-07,13.99,ASK
862,1712697930.1761398,908834133.7046655,13.5,-0.0,13.99,ASK
863,1712697933.2817917,908857020.7046655,13.5,-1.610137810576424e-06,13.99,ASK
864,1712697941.7356644,908887416.7046655,13.5,-2.13840821821475e-06,13.99,ASK
865,1712697946.8140752,908901427.7046655,13.5,-9.856967214569963e-07,13.99,ASK
866,1712697948.971755,908916220.604074,13.5,-1.0407046211924075e-06,13.99,ASK
867,1712697950.2451508,908926874.307756,13.5,-7.49505445071966e-07,13.99,ASK
868,1712697951.583615,908933478.9911516,13.5,-4.6465025830370346e-07,13.99,ASK
869,1712697951.592384,908940801.307756,13.5,-5.151369260322889e-07,13.99,ASK
870,1712697955.8218255,908947698.2021384,13.5,-4.852077782403154e-07,13.99,ASK
871,1712697955.832203,908954905.307756,13.5,-5.070316450292211e-07,13.99,ASK
872,1712697959.8819234,908955275.4039812,13.51,2.603687357283903e-08,13.99,BID
873,1712697960.261747,908955275.4039812,13.51,0.0,13.99,BID
874,1712697970.0116506,908955805.5205857,13.5,-3.729027808559669e-08,13.99,ASK
875,1712697970.021596,909221814.0039812,13.5,-1.8711978144986965e-05,13.99,ASK
876,1712697978.2321782,909276665.7847629,13.51,3.858468384543158e-06,13.99,BID
877,1712697978.2393851,909294593.6128452,13.51,1.2611068751614529e-06,13.99,BID
878,1712697978.2449443,909355312.449577,13.51,4.2711778640062266e-06,13.99,BID
879,1712697979.1139002,909369337.449577,13.5,-9.865681354729452e-07,13.99,ASK
880,1712697984.4318247,909370224.6837972,13.5,-6.241119503857095e-08,13.99,ASK
881,1712697990.2617457,909370224.6837972,13.5,-0.0,13.99,ASK
882,1712698020.204213,909370224.6837972,13.5,-0.0,13.99,ASK
883,1712698035.557608,909383767.309278,13.53,9.52260875362176e-07,13.99,BID
884,1712698041.4553893,909384210.768258,13.53,-3.118218376867157e-08,13.99,ASK
885,1712698050.1734388,909384210.768258,13.53,-0.0,13.99,ASK
886,1712698080.27998,909384210.768258,13.53,-0.0,13.99,ASK
887,1712698086.912223,909392964.367938,13.51,-6.155083881230558e-07,13.99,ASK
888,1712698086.9336712,909401779.8142948,13.51,-6.198571303268968e-07,13.99,ASK
889,1712698087.0473351,909438734.7292984,13.53,2.5984807391779056e-06,13.99,BID
890,1712698087.0620828,909449531.533959,13.51,-7.591761191265482e-07,13.99,ASK
891,1712698087.7519894,909458133.5200644,13.51,-6.048476964740746e-07,13.99,ASK
892,1712698110.2626102,909458133.5200644,13.51,-0.0,13.99,ASK
893,1712698130.832405,909590212.5200644,13.51,-9.286467589795033e-06,13.99,ASK
894,1712698135.7128468,909614219.5200644,13.51,-1.687930915801977e-06,13.99,ASK
895,1712698135.8924825,909624939.2877572,13.51,-7.537063064481055e-07,13.99,ASK
896,1712698136.1123483,909633500.4082834,13.51,-6.019319369380059e-07,13.99,ASK
897,1712698140.1763833,909633500.4082834,13.51,-0.0,13.99,ASK
898,1712698141.6524374,909644343.5847348,13.51,-7.622561941014369e-07,13.99,ASK
899,1712698141.7727177,909652934.0821916,13.51,-6.038968309776787e-07,13.99,ASK
900,1712698170.1738176,909652934.0821916,13.51,-0.0,13.99,ASK
901,1712698200.2328932,909652934.0821916,13.51,-0.0,13.99,ASK
902,1712698202.0525975,909656413.5533118,13.51,-2.4487619279047016e-07,13.99,ASK
903,1712698230.1746783,909656413.5533118,13.51,-0.0,13.99,ASK
904,1712698231.882966,909680626.4837742,13.51,-1.7040378860909268e-06,13.99,ASK
905,1712698246.383304,909689350.4837742,13.51,-6.13970561777595e-07,13.99,ASK
906,1712698249.0733764,909690089.5820744,13.53,5.2015657785520105e-08,13.99,BID
907,1712698252.172815,909753011.2013428,13.51,-4.4282464385984105e-06,13.99,ASK
908,1712698252.1785655,909826593.9164952,13.53,-5.178544355694964e-06,13.99,ASK
909,1712698260.2657456,909826593.9164952,13.53,-0.0,13.99,ASK
910,1712698290.2528276,909826593.9164952,13.53,-0.0,13.99,ASK
911,1712698320.1730692,909826593.9164952,13.53,-0.0,13.99,ASK
912,1712698350.1856265,909826593.9164952,13.53,-0.0,13.99,ASK
913,1712698354.4530735,909871188.9164952,13.53,-3.137962492405726e-06,13.99,ASK
914,1712698360.9291215,909960504.5765924,13.53,-6.28476715707986e-06,13.99,ASK
915,1712698364.0131192,909977319.5765924,13.53,-1.1832007917883685e-06,13.99,ASK
916,1712698374.5810962,910070697.972572,13.53,-6.570644784947974e-06,13.99,ASK
917,1712698380.193463,910070697.972572,13.53,-0.0,13.99,ASK
918,1712698383.8330734,910123811.1744916,13.53,-3.736484161123559e-06,13.99,ASK
919,1712698384.2531688,910206682.2167648,13.53,-5.829931649364838e-06,13.99,ASK
920,1712698384.260466,910280592.046772,13.53,-5.199515359513396e-06,13.99,ASK
921,1712698384.8782568,910285592.046772,13.51,-3.517472140714444e-07,13.99,ASK
922,1712698384.8844423,910535312.0559858,13.51,-1.7567663507761893e-05,13.99,ASK
923,1712698384.8887954,910822508.4193696,13.51,-2.0204104142329863e-05,13.99,ASK
924,1712698384.959269,911032402.4935696,13.51,1.4765931169993407e-05,13.99,BID
925,1712698384.972991,911032402.4935696,13.51,1.6772614196369378e-17,13.99,BID
926,1712698398.3832498,911039804.41807,13.51,-5.207212643527876e-07,13.99,ASK
927,1712698398.3892827,911048486.6054738,13.51,-6.107870462580475e-07,13.99,ASK
928,1712698403.6048856,911049437.127946,13.51,6.686872631450529e-08,13.99,BID
929,1712698406.033259,911049807.2981904,13.54,2.60412704354758e-08,13.99,BID
930,1712698410.1845083,911049807.2981904,13.54,0.0,13.99,BID
931,1712698431.68424,911147543.95889,13.57,6.869325227975108e-06,13.99,BID
932,1712698431.691639,911180548.640686,13.54,2.319701652179037e-06,13.99,BID
933,1712698431.697502,911195308.7882874,13.55,1.0374024809222123e-06,13.99,BID
934,1712698431.7030103,911210058.0508244,13.56,1.0366374348532766e-06,13.99,BID
935,1712698431.7063751,911225230.282018,13.54,1.066365371583207e-06,13.99,BID
936,1712698431.7097936,911260370.1576574,13.57,2.469771654868422e-06,13.99,BID
937,1712698440.2632208,911260370.1576574,13.57,0.0,13.99,BID
938,1712698463.3132637,911286067.621,13.53,-1.8057585760529192e-06,13.99,ASK
939,1712698470.2639828,911286067.621,13.53,-0.0,13.99,ASK
940,1712698470.7436287,911294737.1904484,13.53,-6.091950282280152e-07,13.99,ASK
941,1712698499.773758,911309508.2391928,13.54,-1.0379349874650918e-06,13.99,ASK
942,1712698500.2011704,911309508.2391928,13.54,-0.0,13.99,ASK
943,1712698503.54518,911422901.7030038,13.54,7.994871460799824e-06,13.99,BID
944,1712698517.1536582,911619610.1900886,13.55,1.3869045151616956e-05,13.99,BID
945,1712698517.1630185,911774610.1900886,13.54,1.0928364252901736e-05,13.99,BID
946,1712698529.6835873,911776095.7776718,13.53,-1.0474220799113137e-07,13.99,ASK
947,1712698530.1782506,911776095.7776718,13.53,-0.0,13.99,ASK
948,1712698560.2637062,911776095.7776718,13.53,-0.0,13.99,ASK
949,1712698587.076612,911799002.8890722,13.53,-1.6143597802458765e-06,13.99,ASK
950,1712698590.2638414,911799002.8890722,13.53,-0.0,13.99,ASK
951,1712698598.7943552,912064526.5690722,13.56,1.87121536056958e-05,13.99,BID
952,1712698598.8057382,912160679.1961492,13.57,6.776129072387242e-06,13.99,BID
953,1712698598.8119454,912168042.9663996,13.58,5.189442992090737e-07,13.99,BID
954,1712698598.8179502,912182814.015144,13.57,1.0409547390391445e-06,13.99,BID
955,1712698598.821495,912519480.6818109,13.58,2.372578739713217e-05,13.99,BID
956,1712698598.8250766,912523168.9647878,13.57,2.59923023094698e-07,13.99,BID
957,1712698598.8287103,912535855.3627974,13.58,8.940439069593377e-07,13.99,BID
958,1712698618.1436372,912558022.491936,13.54,-1.5621760192479498e-06,13.99,ASK
959,1712698618.753662,912613396.1305952,13.58,3.9023262719833925e-06,13.99,BID
960,1712698620.1770794,912613396.1305952,13.58,0.0,13.99,BID
961,1712698647.503848,912643100.3442116,13.57,2.091705058783476e-06,13.99,BID
962,1712698647.5131245,912650214.981847,13.58,5.009970546845525e-07,13.99,BID
963,1712698650.1861222,912650214.981847,13.58,0.0,13.99,BID
964,1712698650.453776,912651681.257507,13.58,1.0324825752775673e-07,13.99,BID
965,1712698653.5680175,912688658.2741612,13.58,2.603748150842411e-06,13.99,BID
966,1712698653.571794,912762703.7828652,13.59,5.213937570136042e-06,13.99,BID
967,1712698653.5754075,912784870.9120036,13.58,1.5609053062140636e-06,13.99,BID
968,1712698653.5789747,912808213.5134796,13.58,1.6436765571781353e-06,13.99,BID
969,1712698653.58252,912822930.216938,13.59,1.0362812601824157e-06,13.99,BID
970,1712698653.5861058,912873651.27109,13.58,3.5715388342845976e-06,13.99,BID
971,1712698653.5896716,913007228.5935588,13.6,9.405888788239025e-06,13.99,BID
972,1712698653.5932229,913110301.6846004,13.59,7.257923826303693e-06,13.99,BID
973,1712698653.596806,913154666.4160312,13.6,3.123956389059761e-06,13.99,BID
974,1712698653.6004002,913192240.4036124,13.61,2.645784044692405e-06,13.99,BID
975,1712698653.6039531,913227642.7065508,13.62,2.492864193792696e-06,13.99,BID
976,1712698653.6075747,913229849.1723849,13.61,1.553689793022096e-07,13.99,BID
977,1712698653.6111505,913365172.1882764,13.6,9.528812334648024e-06,13.99,BID
978,1712698653.6147573,913387198.6199946,13.62,1.5509980535140589e-06,13.99,BID
979,1712698680.274123,913387198.6199946,13.62,0.0,13.99,BID
980,1712698700.463735,913387938.264965,13.54,-5.204561003478327e-08,13.99,ASK
981,1712698710.2536623,913387938.264965,13.54,-0.0,13.99,ASK
982,1712698740.1708057,913387938.264965,13.54,-0.0,13.99,ASK
983,1712698746.5440226,913388307.6150388,13.58,2.5989545160831986e-08,13.99,BID
984,1712698770.181344,913388307.6150388,13.58,0.0,13.99,BID
985,1712698775.824087,913388675.8771892,13.57,2.5912983606924924e-08,13.99,BID
986,1712698778.6138964,913420920.6060472,13.55,-2.2689193816345872e-06,13.99,ASK
987,1712698800.1900196,913420920.6060472,13.55,-0.0,13.99,ASK
988,1712698804.7805345,913429806.896881,13.55,-6.260176080259521e-07,13.99,ASK
989,1712698804.853274,913438766.9183804,13.55,-6.312117543697814e-07,13.99,ASK
990,1712698809.95323,913449427.8710858,13.55,-7.510382269403687e-07,13.99,ASK
991,1712698812.2456615,913486328.2400897,13.55,-2.5995413802328e-06,13.99,ASK
992,1712698812.3630917,913494847.9156924,13.55,-6.001904553764099e-07,13.99,ASK
993,1712698818.00309,913495088.1363336,13.58,1.6922960760793223e-08,13.99,BID
994,1712698818.010954,913495216.9931833,13.57,9.077652118070173e-09,13.99,BID
995,1712698830.1827435,913495216.9931833,13.57,0.0,13.99,BID
996,1712698850.6021156,913532062.9769702,13.57,-2.595525995484341e-06,13.99,ASK
997,1712698850.862164,913532062.9769708,13.57,-5.0384456290338505e-17,13.99,ASK
998,1712698858.3955204,913550485.9688648,13.56,-1.2977629977673623e-06,13.99,ASK
999,1712698859.4320345,913574546.3818934,13.57,1.6948774617804578e-06,13.99,BID
1000,1712698859.8520942,913615730.8351934,13.57,-2.901138961785578e-06,13.99,ASK
1201,1712698860.26184,913615730.8351934,13.57,-0.0,13.99,ASK
1202,1712698866.1808162,913637956.8350992,13.56,-1.565476354491825e-06,13.99,ASK
1203,1712698866.1820743,913637956.8351934,13.57,-6.624792912841432e-15,13.99,ASK
1204,1712698870.1119757,913818133.9536934,13.57,-1.2690678476822134e-05,13.99,ASK
1205,1712698890.2517076,913818133.9536934,13.57,-0.0,13.99,ASK
1206,1712698897.4414532,913985924.5959508,13.56,-1.181595799849899e-05,13.99,ASK
1207,1712698897.4429204,913985924.595966,13.57,-1.0661419272580144e-15,13.99,ASK
1208,1712698905.7013085,914072815.4826428,13.56,-6.118929241898158e-06,13.99,ASK
1209,1712698908.1911683,914122252.444338,13.57,-3.4813923774685287e-06,13.99,ASK
1210,1712698908.1936374,914122989.3640136,13.57,-5.1894502692688347e-08,13.99,ASK
1211,1712698908.270971,914122989.3640144,13.57,-5.87637282740638e-17,13.99,ASK
1212,1712698911.5610652,914171851.4293404,13.56,-3.440907692135661e-06,13.99,ASK
1213,1712698913.050634,914182578.4901004,13.56,-7.554086311521821e-07,13.99,ASK
1214,1712698913.3107672,914191136.4843484,13.56,-6.026611450182323e-07,13.99,ASK
1215,1712698917.651093,914208265.677424,13.56,-1.2062521676084663e-06,13.99,ASK
1216,1712698920.181443,914208265.677424,13.56,-0.0,13.99,ASK
1217,1712698926.6026535,914218993.8765988,13.56,-7.552074281112868e-07,13.99,ASK
1218,1712698927.9007869,914227604.8711164,13.56,-6.061676258217546e-07,13.99,ASK
1219,1712698931.4440072,914238399.9672987,13.56,-7.599166170480956e-07,13.99,ASK
1220,1712698931.5038755,914249129.8751068,13.56,-7.553277066912978e-07,13.99,ASK
1221,1712698931.5805583,914310840.510508,13.56,-4.344096291335634e-06,13.99,ASK
1222,1712698950.1800358,914310840.510508,13.56,-0.0,13.99,ASK
1223,1712698970.280106,914321570.4183164,13.56,-7.552537576190595e-07,13.99,ASK
1224,1712698970.2830129,914327070.5443594,13.56,-3.8714133761286194e-07,13.99,ASK
1225,1712698980.2594638,914327070.5443594,13.56,-0.0,13.99,ASK
1226,1712698990.829342,914330329.4450616,13.56,2.2938304018613369e-07,13.99,BID
1227,1712699010.249188,914330329.4450616,13.56,0.0,13.99,BID
1228,1712699036.6486375,914342906.4450616,13.56,-8.852499006856721e-07,13.99,ASK
1229,1712699040.168728,914342906.4450616,13.56,-0.0,13.99,ASK
1230,1712699040.6205204,914347963.9324737,13.56,-3.559741183330911e-07,13.99,ASK
1231,1712699040.626984,914365063.0181783,13.55,-1.203528839955913e-06,13.99,ASK
1232,1712699065.4380405,914365432.0956692,13.57,2.5977728402320105e-08,13.99,BID
1233,1712699070.1696014,914365432.0956692,13.57,0.0,13.99,BID
1234,1712699100.1883235,914365432.0956692,13.57,0.0,13.99,BID
1235,1712699130.167451,914365432.0956692,13.57,0.0,13.99,BID
1236,1712699160.2632823,914365432.0956692,13.57,0.0,13.99,BID
1237,1712699161.1167445,914366537.4751828,13.57,7.78639665547127e-08,13.99,BID
1238,1712699161.2166328,914367642.8546964,13.57,7.78639665547127e-08,13.99,BID
1239,1712699169.1267097,914385182.8957947,13.57,1.2355368962614565e-06,13.99,BID
1240,1712699169.1301973,914463269.1194838,13.57,5.500466613309374e-06,13.99,BID
1241,1712699184.956514,914621129.4893688,13.57,-1.1119832066344708e-05,13.99,ASK
1242,1712699190.2662969,914621129.4893688,13.57,-0.0,13.99,ASK
1243,1712699220.1963522,914621129.4893688,13.57,-0.0,13.99,ASK
1244,1712699227.82592,914635638.5253688,13.57,-1.0217803225142033e-06,13.99,ASK
1245,1712699240.5396383,914662410.7249984,13.57,-1.885397952825134e-06,13.99,ASK
1246,1712699240.541036,914915461.7022004,13.57,-1.782079175333023e-05,13.99,ASK
1247,1712699249.9901755,914924765.332638,13.57,-6.551962865822337e-07,13.99,ASK
1248,1712699250.1760628,914924765.332638,13.57,-0.0,13.99,ASK
1249,1712699265.7658217,915171560.8945636,13.57,-1.7375220364714332e-05,13.99,ASK
1250,1712699274.3155615,915281247.8109752,13.57,-7.722320162091529e-06,13.99,ASK
1251,1712699278.436466,915283792.9361593,13.58,1.79185195162111e-07,13.99,BID
1252,1712699280.256153,915283792.9361593,13.58,0.0,13.99,BID
1253,1712699280.3204792,915286083.422168,13.58,1.6120246501626018e-07,13.99,BID
1254,1712699280.379746,915286819.799193,13.58,5.1825591240337336e-08,13.99,BID
1255,1712699305.3650134,915302902.1827012,13.58,1.1318645278599808e-06,13.99,BID
1256,1712699305.444858,915314230.0263324,13.58,-7.972440388870045e-07,13.99,ASK
1257,1712699310.2548149,915314230.0263324,13.58,-0.0,13.99,ASK
1258,1712699340.174967,915314230.0263324,13.58,-0.0,13.99,ASK
1259,1712699350.2750642,915314230.0263329,13.58,-2.5168814281426378e-17,13.99,ASK
1260,1712699350.2785602,915324834.2848665,13.57,-7.462970227406645e-07,13.99,ASK
1261,1712699350.2820053,915464834.2848665,13.57,-9.852794785478751e-06,13.99,ASK
1262,1712699350.294555,915475517.5581968,13.57,-7.518578554519794e-07,13.99,ASK
1263,1712699350.4346144,915810947.8502964,13.57,-2.360661309207504e-05,13.99,ASK
1264,1712699350.4379468,915825686.2438116,13.57,-1.0372454769429277e-06,13.99,ASK
1265,1712699350.6146,915837099.4899908,13.56,-8.032312317145306e-07,13.99,ASK
1266,1712699350.618296,915875521.9738216,13.56,-2.704063202372628e-06,13.99,ASK
1267,1712699351.997077,915906919.4962908,13.56,-2.2096667547390694e-06,13.99,ASK
1268,1712699362.6746082,915911149.7804798,13.56,-2.977151571225587e-07,13.99,ASK
1269,1712699363.3845105,915911163.2855444,13.56,9.50447366490447e-10,13.99,BID
1270,1712699370.1747837,915911163.2855444,13.56,0.0,13.99,BID
1271,1712699380.304356,915917682.6492966,13.57,4.585525213450958e-07,13.99,BID
1272,1712699400.2026622,915917682.6492966,13.57,0.0,13.99,BID
1273,1712699400.595962,915937897.0777992,13.57,1.4269521591867816e-06,13.99,BID
1274,1712699413.2240877,915973014.4453996,13.56,-2.4789621688320243e-06,13.99,ASK
1275,1712699413.227376,915993902.9731568,13.57,-1.4745373474881674e-06,13.99,ASK
1276,1712699429.1237843,916075325.2853804,13.58,5.747664061786773e-06,13.99,BID
1277,1712699430.1739428,916075325.2853804,13.58,0.0,13.99,BID
1278,1712699437.753836,916136381.839136,13.58,4.309378509374937e-06,13.99,BID
1279,1712699442.8938298,916139683.7228038,13.58,2.3304732487135242e-07,13.99,BID
1280,1712699460.25377,916139683.7228038,13.58,0.0,13.99,BID
1281,1712699490.2532349,916139683.7228038,13.58,0.0,13.99,BID
1282,1712699509.037802,916152188.3688608,13.58,8.825249015761599e-07,13.99,BID
1283,1712699520.1766524,916152188.3688608,13.58,0.0,13.99,BID
1284,1712699525.7731662,916166300.378916,13.58,9.959539014776108e-07,13.99,BID
1285,1712699525.776036,916296065.105014,13.58,9.158134434864427e-06,13.99,BID
1286,1712699550.1772392,916296065.105014,13.58,0.0,13.99,BID
1287,1712699552.0031269,916296440.646998,13.57,-2.6500189189108592e-08,13.99,ASK
1288,1712699559.1531403,916345459.4940392,13.57,-3.459023959763608e-06,13.99,ASK
1289,1712699559.156865,916366140.2548392,13.57,-1.4593416906137897e-06,13.99,ASK
1290,1712699580.2427344,916366140.2548392,13.57,-0.0,13.99,ASK
1291,1712699588.2727816,916797596.8848828,13.56,-3.0443773643917585e-05,13.99,ASK
1292,1712699588.282755,916841789.4641092,13.56,-3.118248243351518e-06,13.99,ASK
1293,1712699588.2852306,917036720.685814,13.56,-1.3754434574596307e-05,13.99,ASK
1294,1712699610.2432752,917036720.685814,13.56,-0.0,13.99,ASK
1295,1712699614.1524484,917047525.6537004,13.56,-7.619145352422579e-07,13.99,ASK
1296,1712699640.162535,917047525.6537004,13.56,-0.0,13.99,ASK
1297,1712699670.1624143,917047525.6537004,13.56,-0.0,13.99,ASK
1298,1712699700.192301,917047525.6537004,13.56,-0.0,13.99,ASK
1299,1712699725.042044,917083801.8497792,13.56,-2.564182652101314e-06,13.99,ASK
1300,1712699725.1249774,917110804.8282694,13.56,-1.908705335285241e-06,13.99,ASK
1301,1712699725.1690044,917137454.9318224,13.56,-1.883762372955208e-06,13.99,ASK
1302,1712699725.1823363,917150760.6008646,13.56,-9.405111180593884e-07,13.99,ASK
1303,1712699725.2027042,917164187.840943,13.56,-9.491043658404944e-07,13.99,ASK
1304,1712699725.2223043,917184471.390453,13.56,-1.4337425474170225e-06,13.99,ASK
1305,1712699730.197802,917184471.390453,13.56,-0.0,13.99,ASK
1306,1712699749.8518205,917185082.067453,13.59,4.316003401578827e-08,13.99,BID
1307,1712699749.855276,917402248.3655064,13.59,1.534838353231621e-05,13.99,BID
1308,1712699749.9341812,917405710.328506,13.59,-2.446767125949016e-07,13.99,ASK
1309,1712699760.185769,917405710.328506,13.59,-0.0,13.99,ASK
1310,1712699762.701684,917416446.400024,13.56,-7.586183343768024e-07,13.99,ASK
1311,1712699790.1716332,917416446.400024,13.56,-0.0,13.99,ASK
1312,1712699820.251264,917416446.400024,13.56,-0.0,13.99,ASK
1313,1712699822.081426,917429720.7363071,13.56,-9.37964252104558e-07,13.99,ASK
1314,1712699842.4112852,917430088.6538936,13.59,2.5997046966734355e-08,13.99,BID
1315,1712699850.251429,917430088.6538936,13.59,0.0,13.99,BID
1316,1712699857.651411,917433859.948854,13.59,2.664761191489945e-07,13.99,BID
1317,1712699857.655127,917516125.1361624,13.59,5.812779983015143e-06,13.99,BID
1318,1712699857.7515242,917522068.0505089,13.59,-4.199206819234073e-07,13.99,ASK
1319,1712699880.164022,917522068.0505089,13.59,-0.0,13.99,ASK
1320,1712699886.4209182,917752702.1447653,13.58,1.6294946765154292e-05,13.99,BID
1321,1712699903.510867,917772438.9708807,13.56,-1.394462219065972e-06,13.99,ASK
1322,1712699907.6610906,917855709.3757362,13.56,-5.883288065481456e-06,13.99,ASK
1323,1712699910.1970327,917855709.3757362,13.56,-0.0,13.99,ASK
1324,1712699924.1823547,917904928.4640156,13.56,-3.476354541407087e-06,13.99,ASK
1325,1712699928.8809123,917941276.2216284,13.56,-2.567249753396665e-06,13.99,ASK
1326,1712699928.8829894,917957938.22923,13.56,-1.1768410960035896e-06,13.99,ASK
1327,1712699940.2508855,917957938.22923,13.56,-0.0,13.99,ASK
1328,1712699951.9710443,917968196.4063066,13.56,-7.244662692518981e-07,13.99,ASK
1329,1712699959.3308709,917973777.7104644,13.56,-3.941700918673754e-07,13.99,ASK
1330,1712699959.3345315,917976661.7094032,13.56,-2.0367750879936209e-07,13.99,ASK
1331,1712699965.7008972,917978258.2854408,13.56,-1.1275546101763397e-07,13.99,ASK
1332,1712699965.704964,917987426.2438198,13.56,-6.474714321904726e-07,13.99,ASK
1333,1712699970.250596,917987426.2438198,13.56,-0.0,13.99,ASK
1334,1712699984.751189,917997855.6756904,13.56,-7.365400477882251e-07,13.99,ASK
1335,1712699984.7540562,918009390.0710404,13.56,-8.145740063122911e-07,13.99,ASK
1336,1712700000.2024696,918009390.0710404,13.56,-0.0,13.99,ASK
1337,1712700030.190417,918009390.0710404,13.56,-0.0,13.99,ASK
1338,1712700031.3668735,918021890.4279028,13.56,-8.842074343288423e-07,13.99,ASK
1339,1712700036.0809076,918031188.701459,13.57,-6.577094314385948e-07,13.99,ASK
1340,1712700036.0847783,918040580.1793716,13.57,-6.643022020110819e-07,13.99,ASK
1341,1712700060.2403245,918040580.1793716,13.57,-0.0,13.99,ASK
1342,1712700061.9407468,918271526.0375112,13.57,-1.633536829288225e-05,13.99,ASK
1343,1712700080.1705468,918302350.0375112,13.57,-2.1802572963026e-06,13.99,ASK
1344,1712700086.970496,918360660.1734648,13.57,-4.124419262939734e-06,13.99,ASK
1345,1712700086.9743114,918371853.8153006,13.57,-7.917538049805367e-07,13.99,ASK
1346,1712700089.651253,918409176.3756348,13.57,-2.6399164445025246e-06,13.99,ASK
1347,1712700089.6542487,918413124.8153006,13.57,-2.7928284422394174e-07,13.99,ASK
1348,1712700090.2501702,918413124.8153006,13.57,-0.0,13.99,ASK
1349,1712700095.1541855,918459915.9829218,13.57,-3.308471261885176e-06,13.99,ASK
1350,1712700095.1559567,918497207.80953,13.57,-2.6367996976490665e-06,13.99,ASK
1351,1712700103.2301338,918497779.594382,13.57,-4.042929139605035e-08,13.99,ASK
1352,1712700103.2476726,918585593.0270996,13.57,-6.209039725308375e-06,13.99,ASK
1353,1712700113.3561325,918607689.5691012,13.57,-1.5623840548518528e-06,13.99,ASK
1354,1712700113.366243,918663142.4305992,13.57,-3.920915163751583e-06,13.99,ASK
1355,1712700120.1632028,918663142.4305992,13.57,-0.0,13.99,ASK
1356,1712700122.9733982,918681566.1590444,13.57,-1.3023773566006957e-06,13.99,ASK
1357,1712700122.975206,918692409.9418375,13.57,-7.665493557257696e-07,13.99,ASK
1358,1712700144.2038271,918707409.9418375,13.59,1.0603532508171273e-06,13.99,BID
1359,1712700144.8299985,918708145.7770108,13.58,-5.2016347851174186e-08,13.99,ASK
1360,1712700144.8399112,918740572.063798,13.57,-2.2922212404625467e-06,13.99,ASK
1361,1712700150.1602705,918740572.063798,13.57,-0.0,13.99,ASK
1362,1712700176.6300557,918741307.898971,13.57,-5.2012483452518784e-08,13.99,ASK
1363,1712700176.63353,918753181.6103356,13.57,-8.392928724131615e-07,13.99,ASK
1364,1712700180.2500458,918753181.6103356,13.57,-0.0,13.99,ASK
1365,1712700183.1498334,918786399.8994212,13.56,-2.34800520270626e-06,13.99,ASK
1366,1712700183.1525683,918826873.5779113,13.56,-2.8608459461189334e-06,13.99,ASK
1367,1712700210.244733,918826873.5779113,13.56,-0.0,13.99,ASK
1368,1712700240.169816,918826873.5779113,13.56,-0.0,13.99,ASK
1369,1712700270.160171,918826873.5779113,13.56,-0.0,13.99,ASK
1370,1712700300.2432315,918826873.5779113,13.56,-0.0,13.99,ASK
1371,1712700330.2471566,918826873.5779113,13.56,-0.0,13.99,ASK
1372,1712700360.1696684,918826873.5779113,13.56,-0.0,13.99,ASK
1373,1712700390.1595285,918826873.5779113,13.56,-0.0,13.99,ASK
1374,1712700420.249621,918826873.5779113,13.56,-0.0,13.99,ASK
1375,1712700450.2592397,918826873.5779113,13.56,-0.0,13.99,ASK
1376,1712700474.7492998,918858628.5779113,13.56,-2.248794265541027e-06,13.99,ASK
1377,1712700478.2690616,918877594.5779113,13.56,-1.3431154791450517e-06,13.99,ASK
1378,1712700480.1616647,918877594.5779113,13.56,-0.0,13.99,ASK
1379,1712700510.1698754,918877594.5779113,13.56,-0.0,13.99,ASK
1380,1712700512.09408,918887963.0143932,13.56,-7.342259454851286e-07,13.99,ASK
1381,1712700512.0962744,918896208.5779113,13.56,-5.838977439646677e-07,13.99,ASK
1382,1712700540.2487595,918896208.5779113,13.56,-0.0,13.99,ASK
1383,1712700570.25894,918896208.5779113,13.56,-0.0,13.99,ASK
1384,1712700579.9890623,918905621.9259938,13.56,-6.665808172228913e-07,13.99,ASK
1385,1712700579.993046,918984718.1149032,13.56,-5.600982963788488e-06,13.99,ASK
1386,1712700579.996977,919148995.8147594,13.56,-1.1632881570014376e-05,13.99,ASK
1387,1712700588.779153,919374546.529176,13.56,1.5971764586071922e-05,13.99,BID
1388,1712700600.1823173,919374546.529176,13.56,0.0,13.99,BID
1389,1712700620.258804,919401501.93633,13.56,-1.916761012283875e-06,13.99,ASK
1390,1712700628.329639,919411419.6855184,13.56,7.052371668976825e-07,13.99,BID
1391,1712700630.1590889,919411419.6855184,13.56,0.0,13.99,BID
1392,1712700641.858834,919467466.8831584,13.56,-3.985295537989651e-06,13.99,ASK
1393,1712700657.3529203,919475811.821665,13.56,-5.933757189551567e-07,13.99,ASK
1394,1712700660.248684,919475811.821665,13.56,-0.0,13.99,ASK
1395,1712700687.628593,919728317.9432356,13.56,-1.79536013790481e-05,13.99,ASK
1396,1712700690.24851,919728317.9432356,13.56,-0.0,13.99,ASK
1397,1712700715.408672,919730525.4487544,13.59,1.5691907832108517e-07,13.99,BID
1398,1712700720.1692088,919730525.4487544,13.59,0.0,13.99,BID
1399,1712700745.528455,919733025.4487544,13.57,-1.777104772232199e-07,13.99,ASK
1400,1712700745.8883932,919734865.0366868,13.59,1.3076561974067368e-07,13.99,BID
1401,1712700750.16243,919734865.0366868,13.59,0.0,13.99,BID
1402,1712700758.578734,919775806.4548148,13.56,-2.9102753914057505e-06,13.99,ASK
1403,1712700758.5828454,919776578.363444,13.57,-5.4870270522535e-08,13.99,ASK
1404,1712700758.5860784,919790870.932044,13.56,-1.0159714191303972e-06,13.99,ASK
1405,1712700780.2593796,919790870.932044,13.56,-0.0,13.99,ASK
1406,1712700810.2584658,919790870.932044,13.56,-0.0,13.99,ASK
1407,1712700821.948747,919816260.2561276,13.56,-1.8046745757169016e-06,13.99,ASK
1408,1712700836.4483843,919831009.5186644,13.56,-1.0483784059553004e-06,13.99,ASK
1409,1712700840.1815567,919831009.5186644,13.56,-0.0,13.99,ASK
1410,1712700870.161519,919831009.5186644,13.56,-0.0,13.99,ASK
1411,1712700884.591181,919895569.8206064,13.56,-4.588772344824958e-06,13.99,ASK
1412,1712700884.5944605,919896307.2837332,13.56,-5.2416892428376144e-08,13.99,ASK
1413,1712700884.6685655,919970629.0971854,13.56,5.282594286699397e-06,13.99,BID
1414,1712700884.9886825,919978003.728454,13.56,5.24168924249869e-07,13.99,BID
1415,1712700900.1928122,919978003.728454,13.56,0.0,13.99,BID
1416,1712700930.163865,919978003.728454,13.56,0.0,13.99,BID
1417,1712700949.5889027,919999003.728454,13.56,1.497832051694294e-06,13.99,BID
1418,1712700959.9289277,920172118.09417,13.56,1.2347440265641932e-05,13.99,BID
1419,1712700960.2489617,920172118.09417,13.56,0.0,13.99,BID
1420,1712700990.2526157,920172118.09417,13.56,0.0,13.99,BID
1421,1712701020.1697252,920172118.09417,13.56,0.0,13.99,BID
1422,1712701043.0192196,920175472.465786,13.58,-2.392067727519773e-07,13.99,ASK
1423,1712701050.160501,920175472.465786,13.58,-0.0,13.99,ASK
1424,1712701066.6794658,920179513.35325,13.58,2.8816261884459e-07,13.99,BID
1425,1712701071.7194655,920180838.2674248,13.58,-9.448190322166405e-08,13.99,ASK
1426,1712701071.721969,920198728.1643188,13.58,-1.2757592448465926e-06,13.99,ASK
1427,1712701074.5897293,920260298.4943188,13.58,-4.390685881078155e-06,13.99,ASK
1428,1712701080.279649,920260298.4943188,13.58,-0.0,13.99,ASK
1429,1712701085.0894754,920260298.5040776,13.58,-6.95870255159974e-13,13.99,ASK
1430,1712701099.779656,920275036.8975928,13.57,-1.0509338005529115e-06,13.99,ASK
1431,1712701110.249713,920275036.8975928,13.57,-0.0,13.99,ASK
1432,1712701140.1800122,920275036.8975928,13.57,-0.0,13.99,ASK
1433,1712701150.3297336,920282758.7546798,13.56,-5.506057954918674e-07,13.99,ASK
1434,1712701170.169939,920282758.7546798,13.56,-0.0,13.99,ASK
1435,1712701200.199793,920282758.7546798,13.56,-0.0,13.99,ASK
1436,1712701230.162653,920282758.7546798,13.56,-0.0,13.99,ASK
1437,1712701244.1500566,920325233.594392,13.56,-3.054795115214954e-06,13.99,ASK
1438,1712701257.5998378,920346709.4151976,13.56,-1.544543379950301e-06,13.99,ASK
1439,1712701260.250178,920346709.4151976,13.56,-0.0,13.99,ASK
1440,1712701283.6099946,920366502.86035,13.57,-1.423457962214136e-06,13.99,ASK
1441,1712701290.2604797,920366502.86035,13.57,-0.0,13.99,ASK
1442,1712701320.1733973,920366502.86035,13.57,-0.0,13.99,ASK
1443,1712701350.1653898,920366502.86035,13.57,-0.0,13.99,ASK
1444,1712701372.840228,920625088.500998,13.58,1.85959885373959e-05,13.99,BID
1445,1712701378.6008096,920689702.5842084,13.58,4.646672366367103e-06,13.99,BID
1446,1712701380.281531,920689702.5842084,13.58,0.0,13.99,BID
1447,1712701398.9703314,920697066.3544588,13.58,5.293928094331187e-07,13.99,BID
1448,1712701403.3302214,920709760.9256682,13.58,9.126323185660168e-07,13.99,BID
1449,1712701410.260371,920709760.9256682,13.58,0.0,13.99,BID
1450,1712701440.1706417,920709760.9256682,13.58,0.0,13.99,BID
1451,1712701455.7369432,920717927.4369332,13.58,-5.870916031717315e-07,13.99,ASK
1452,1712701460.9352033,920763785.288567,13.58,3.296727177655399e-06,13.99,BID
1453,1712701470.1645005,920763785.288567,13.58,0.0,13.99,BID
1454,1712701470.69026,920792481.3234656,13.58,2.0628530438810504e-06,13.99,BID
1455,1712701500.2504125,920792481.3234656,13.58,0.0,13.99,BID
1456,1712701501.8602283,920806567.8001094,13.58,1.0278820737373712e-06,13.99,BID
1457,1712701530.250939,920806567.8001094,13.58,0.0,13.99,BID
1458,1712701532.670779,920807304.1771344,13.58,5.3732256645098615e-08,13.99,BID
1459,1712701540.6232314,920822875.3111552,13.58,1.1362008061636844e-06,13.99,BID
1460,1712701543.4922664,920823611.68818,13.58,5.3732256645098615e-08,13.99,BID
1461,1712701560.164864,920823611.68818,13.58,0.0,13.99,BID
1462,1712701570.150483,920855435.11816,13.58,2.322065694898101e-06,13.99,BID
1463,1712701570.230339,920855435.1181604,13.58,3.4793459027352315e-17,13.99,BID
1464,1712701590.170618,920855435.1181604,13.58,0.0,13.99,BID
1465,1712701617.7003756,920859117.0032858,13.58,-2.68648274444581e-07,13.99,ASK
1466,1712701620.2505045,920859117.0032858,13.58,-0.0,13.99,ASK
1467,1712701650.2504056,920859117.0032858,13.58,-0.0,13.99,ASK
1468,1712701657.8407557,920984301.097542,13.58,9.134008007786252e-06,13.99,BID
1469,1712701658.8605237,920989916.6045516,13.57,-4.097332516527944e-07,13.99,ASK
1470,1712701662.9906516,921003047.5759392,13.59,9.580961424544818e-07,13.99,BID
1471,1712701663.0006049,921058053.0504156,13.59,4.013452725966453e-06,13.99,BID
1472,1712701663.0050523,921060293.8442771,13.58,1.6349863932411688e-07,13.99,BID
1473,1712701663.0085502,921063464.97894,13.59,2.313805885364394e-07,13.99,BID
1474,1712701680.1740618,921063464.97894,13.59,0.0,13.99,BID
1475,1712701688.9504645,921076576.0235755,13.57,-9.564484872354354e-07,13.99,ASK
1476,1712701709.3708515,921080457.1548802,13.57,-2.831278718167696e-07,13.99,ASK
1477,1712701709.3757813,921128693.30732,13.57,-3.518819156958029e-06,13.99,ASK
1478,1712701710.1706035,921128693.30732,13.57,-0.0,13.99,ASK
1479,1712701724.0225382,921142096.9916942,13.57,-9.777333729974456e-07,13.99,ASK
1480,1712701724.0272706,921147396.9916942,13.57,-3.866091391186407e-07,13.99,ASK
1481,1712701724.142487,921167398.0610894,13.57,1.458980418929147e-06,13.99,BID
1482,1712701724.16056,921174334.7702764,13.57,5.05999088143477e-07,13.99,BID
1483,1712701724.1640792,921180277.6846228,13.57,4.335066036402434e-07,13.99,BID
1484,1712701740.2505908,921180277.6846228,13.57,0.0,13.99,BID
1485,1712701770.2608728,921180277.6846228,13.57,0.0,13.99,BID
1486,1712701798.440667,921207688.353368,13.58,-1.999372445900098e-06,13.99,ASK
1487,1712701800.2006435,921207688.353368,13.58,-0.0,13.99,ASK
1488,1712701807.2612226,921327961.4019198,13.58,8.789520434470796e-06,13.99,BID
1489,1712701807.265898,921374520.4352947,13.6,3.4025210151943967e-06,13.99,BID
1490,1712701807.2695775,921419643.1834012,13.59,3.297557693239769e-06,13.99,BID
1491,1712701819.7807662,921456721.83158,13.6,2.7096971414077936e-06,13.99,BID
1492,1712701819.7854526,921497203.2569308,13.6,2.95837113651398e-06,13.99,BID
1493,1712701826.5495937,921511951.5948676,13.59,-1.0778043728873812e-06,13.99,ASK
1494,1712701830.1779776,921511951.5948676,13.59,-0.0,13.99,ASK
1495,1712701831.230545,921536537.1587805,13.59,-1.7961633003458106e-06,13.99,ASK
1496,1712701860.300794,921536537.1587805,13.59,-0.0,13.99,ASK
1497,1712701872.5910628,921659635.3121644,13.59,8.993041169848418e-06,13.99,BID
1498,1712701873.210697,921674483.258854,13.59,-1.0847294796603067e-06,13.99,ASK
1499,1712701890.2404993,921674483.258854,13.59,-0.0,13.99,ASK
1500,1712701910.3005672,921812291.4702744,13.59,1.0066318423895592e-05,13.99,BID
1501,1712701920.1707897,921812291.4702744,13.59,0.0,13.99,BID
1502,1712701945.9005997,921827008.1737328,13.59,1.0748471245173914e-06,13.99,BID
1503,1712701950.173932,921827008.1737328,13.59,0.0,13.99,BID
1504,1712701953.500603,921981329.0863748,13.59,1.1270796262182875e-05,13.99,BID
1505,1712701953.5104,922275078.6287248,13.59,2.1453937689037524e-05,13.99,BID
1506,1712701953.5905638,922297840.0955758,13.59,1.662379071727845e-06,13.99,BID
1507,1712701953.5952375,922297840.095576,13.59,1.7412852115556154e-17,13.99,BID
1508,1712701957.0204856,922326206.3308376,13.6,2.071722185183397e-06,13.99,BID
1509,1712701960.0908177,922382456.3308376,13.6,4.108207234482317e-06,13.99,BID
1510,1712701973.7907376,922477408.848428,13.6,6.934837683497167e-06,13.99,BID
1511,1712701973.7955914,922610397.507308,13.6,9.71279947583782e-06,13.99,BID
1512,1712701980.1607327,922610397.507308,13.6,0.0,13.99,BID
1513,1712701985.9808486,922646797.1016288,13.6,2.656370858570131e-06,13.99,BID
1514,1712701992.70076,922689419.8789028,13.6,3.1105265203038864e-06,13.99,BID
1515,1712701992.7053852,922720326.5133932,13.6,2.255505445309256e-06,13.99,BID
1516,1712702010.165379,922720326.5133932,13.6,0.0,13.99,BID
1517,1712702026.230844,923118461.0490668,13.6,2.905190627365757e-05,13.99,BID
1518,1712702026.2907958,923271883.9628272,13.6,1.1195281271594786e-05,13.99,BID
1519,1712702026.2957006,923394286.6350868,13.6,8.931731973755504e-06,13.99,BID
1520,1712702033.280663,923394666.8130866,13.6,2.7741616546402265e-08,13.99,BID
1521,1712702040.250919,923394666.8130866,13.6,0.0,13.99,BID
1522,1712702060.9437163,923403656.391573,13.6,-6.555315129553571e-07,13.99,ASK
1523,1712702070.260519,923403656.391573,13.6,-0.0,13.99,ASK
1524,1712702078.9679627,923455602.5689102,13.6,-3.787947643166349e-06,13.99,ASK
1525,1712702078.9709868,923476374.861677,13.6,-1.5147285413957653e-06,13.99,ASK
1526,1712702100.196105,923476374.861677,13.6,-0.0,13.99,ASK
1527,1712702122.3014526,923511852.5689102,13.6,-2.5997892589676105e-06,13.99,ASK
1528,1712702122.3066137,923513139.5675594,13.59,-9.43106397010526e-08,13.99,ASK
1529,1712702122.3115523,923520492.5087358,13.6,-5.388199797302384e-07,13.99,ASK
1530,1712702130.1636074,923520492.5087358,13.6,-0.0,13.99,ASK
1531,1712702130.7306192,923521970.4499124,13.58,-1.0829805441587792e-07,13.99,ASK
1532,1712702160.245777,923525951.9361885,13.61,2.91748564988104e-07,13.99,BID
1533,1712702160.2543836,923878318.8768028,13.61,2.5820144072654428e-05,13.99,BID
1534,1712702160.2634618,923878318.8768028,13.61,0.0,13.99,BID
1535,1712702188.1707797,923934486.277684,13.62,4.115716670463762e-06,13.99,BID
1536,1712702190.240811,923934486.277684,13.62,0.0,13.99,BID
1537,1712702193.2917058,923988425.303434,13.62,3.950820658019028e-06,13.99,BID
1538,1712702193.296861,924037250.853434,13.62,3.576278749885965e-06,13.99,BID
