,time,acc_trade_volume,trade_price,dev,high,ask_bid
0,1712689619.1364152,2118356.39060389,47260.0,0.0,51000.0,ASK
1,1712689620.0967357,2118356.39060389,47260.0,-0.0,51000.0,ASK
2,1712689638.535306,2118356.72865586,47330.0,2.9090510355098085e-12,51000.0,BID
3,1712689643.5767353,2118370.45805146,47320.0,1.1814607241728303e-10,51000.0,BID
4,1712689648.6249945,2118370.56371502,47320.0,9.092705181199765e-13,51000.0,BID
5,1712689650.1049223,2118370.56371502,47320.0,0.0,51000.0,BID
6,1712689651.154989,2118402.27003503,47310.0,2.728419858910824e-10,51000.0,BID
7,1712689653.3849306,2118402.37574327,47300.0,9.096497523457824e-13,51000.0,BID
8,1712689655.6351705,2118402.52350374,47290.0,1.2715212626439572e-12,51000.0,BID
9,1712689661.9984405,2118414.78484213,47300.0,1.0551233681410264e-10,51000.0,BID
10,1712689661.9999769,2118434.20481452,47300.0,1.6711443747912023e-10,51000.0,BID
11,1712689662.634884,2118442.69333961,47270.0,-7.304619527223016e-11,51000.0,ASK
12,1712689662.6548114,2118452.96441952,47270.0,-8.838559123333311e-11,51000.0,ASK
13,1712689662.7765503,2118455.35988116,47270.0,-2.06136350968777e-11,51000.0,ASK
14,1712689662.937658,2118468.15036364,47260.0,-1.1006577361568923e-10,51000.0,ASK
15,1712689663.364958,2118474.60563438,47260.0,-5.554945788994529e-11,51000.0,ASK
16,1712689663.366262,2118503.19644732,47260.0,-2.46032153158342e-10,51000.0,ASK
17,1712689663.7048354,2118507.42477712,47270.0,3.6385991792862494e-11,51000.0,BID
18,1712689665.475072,2118507.84634955,47270.0,3.627751785109991e-12,51000.0,BID
19,1712689675.1650536,2118527.84634955,47250.0,-1.7210574157326078e-10,51000.0,ASK
20,1712689675.175051,2118549.01037071,47250.0,-1.82122477820595e-10,51000.0,ASK
21,1712689675.1766772,2118569.01037071,47260.0,-1.7210574157326078e-10,51000.0,ASK
22,1712689675.1782668,2118705.25858618,47250.0,-1.1724550080748662e-09,51000.0,ASK
23,1712689676.4775078,2118705.47013684,47270.0,1.820454160685681e-12,51000.0,BID
24,1712689676.8755386,2118722.4291912,47270.0,1.4593753135188219e-10,51000.0,BID
25,1712689677.6250997,2118726.45878713,47270.0,3.467582978977475e-11,51000.0,BID
26,1712689680.125533,2118726.45878713,47270.0,0.0,51000.0,BID
27,1712689686.9584196,2118737.63194346,47270.0,-9.613430226716066e-11,51000.0,ASK
28,1712689694.8548677,2118754.57403302,47270.0,-1.4577044397365528e-10,51000.0,ASK
29,1712689708.1664302,2118754.74320197,47290.0,1.4555366898097352e-12,51000.0,BID
30,1712689710.1076753,2118754.74320197,47290.0,0.0,51000.0,BID
31,1712689740.144848,2118754.74320197,47290.0,0.0,51000.0,BID
32,1712689740.478151,2118781.13717806,47260.0,-2.2709225682182684e-10,51000.0,ASK
33,1712689755.705284,2118782.35760098,47260.0,1.0500448822046168e-11,51000.0,BID
34,1712689757.8450022,2118782.69615366,47260.0,2.912887844627238e-12,51000.0,BID
35,1712689762.2649472,2118848.75795873,47250.0,-5.683919827764714e-10,51000.0,ASK
36,1712689762.275139,2119022.69615366,47250.0,-1.496554255386816e-09,51000.0,ASK
37,1712689762.4648488,2119052.69615366,47250.0,-2.58118279770411e-10,51000.0,ASK
38,1712689762.4750214,2119097.64243954,47250.0,-3.8671526644862624e-10,51000.0,ASK
39,1712689762.4768,2119107.70197816,47250.0,-8.655169346311668e-11,51000.0,ASK
40,1712689763.2552774,2119127.70197816,47240.0,-1.7207885318027398e-10,51000.0,ASK
41,1712689763.2573893,2119170.0389807,47240.0,-3.6426514220873957e-10,51000.0,ASK
42,1712689767.6253216,2119178.92850452,47260.0,7.648495321339072e-11,51000.0,BID
43,1712689767.6347957,2119247.09892568,47260.0,5.865343946999582e-10,51000.0,BID
44,1712689770.1548636,2119247.09892568,47260.0,0.0,51000.0,BID
45,1712689773.4749286,2119289.44824213,47240.0,-3.6429817095621674e-10,51000.0,ASK
46,1712689774.115499,2119289.56824213,47260.0,1.032266493300358e-12,51000.0,BID
47,1712689795.085137,2119294.56824213,47230.0,-4.301110401436274e-11,51000.0,ASK
48,1712689795.0868804,2119340.99590404,47230.0,-3.99380999112548e-10,51000.0,ASK
49,1712689800.1148348,2119340.99590404,47230.0,-0.0,51000.0,ASK
50,1712689803.8649583,2119341.29199851,47240.0,-2.549246526489578e-12,51000.0,ASK
51,1712689804.1449378,2119341.43760144,47240.0,-1.253578848507912e-12,51000.0,ASK
52,1712689804.6248393,2119360.40565858,47240.0,-1.6330684535433415e-10,51000.0,ASK
53,1712689808.8250177,2119361.40565858,47260.0,-8.609571562913226e-12,51000.0,ASK
54,1712689811.2751017,2119446.41148308,47260.0,7.31863729299165e-10,51000.0,BID
55,1712689814.4247165,2119509.72585017,47250.0,5.45109574420933e-10,51000.0,BID
56,1712689815.385475,2119520.30562164,47260.0,9.108729958862128e-11,51000.0,BID
57,1712689818.3249657,2119534.58352289,47260.0,1.229266125835561e-10,51000.0,BID
58,1712689818.4861066,2119545.16329436,47260.0,9.108729958862128e-11,51000.0,BID
59,1712689822.484986,2119547.27924865,47260.0,1.821745988484928e-11,51000.0,BID
60,1712689823.6449616,2119547.7024395,47260.0,3.643491906408918e-12,51000.0,BID
61,1712689826.2750697,2119547.87832146,47260.0,1.5142683209319661e-12,51000.0,BID
62,1712689830.1049802,2119547.87832146,47260.0,0.0,51000.0,BID
63,1712689830.8551989,2119549.99472357,47250.0,-1.821978187725318e-11,51000.0,ASK
64,1712689830.857156,2119578.62161515,47250.0,-2.4644452862950787e-10,51000.0,ASK
65,1712689831.6350138,2119580.73801726,47250.0,1.821978187725318e-11,51000.0,BID
66,1712689832.964922,2119755.12384024,47240.0,-1.5012608624967694e-09,51000.0,ASK
67,1712689833.785473,2119759.35574883,47250.0,3.643185341201785e-11,51000.0,BID
68,1712689842.0651133,2119759.69437316,47250.0,2.9151650368610094e-12,51000.0,BID
69,1712689848.3569615,2119846.88728465,47240.0,-7.506304312483847e-10,51000.0,ASK
70,1712689851.245159,2119885.82262551,47240.0,-3.3518839090361843e-10,51000.0,ASK
71,1712689851.2468312,2119898.77994825,47240.0,-1.1154760851491991e-10,51000.0,ASK
72,1712689851.2485096,2119902.77994825,47240.0,-3.443538785079431e-11,51000.0,ASK
73,1712689852.2853217,2119968.45129775,47230.0,-5.653545976820251e-10,51000.0,ASK
74,1712689852.485048,2120175.95394774,47230.0,-1.786358558117546e-09,51000.0,ASK
75,1712689853.255077,2120185.95394774,47220.0,-8.608846962698578e-11,51000.0,ASK
76,1712689853.256862,2120239.88552334,47220.0,-4.642886807981067e-10,51000.0,ASK
77,1712689853.294997,2120250.46753392,47230.0,9.109890963882072e-11,51000.0,BID
78,1712689855.1949253,2120250.67921893,47240.0,1.8223638573848404e-12,51000.0,BID
79,1712689860.1569417,2120250.67921893,47240.0,0.0,51000.0,BID
80,1712689876.3552032,2120252.79606905,47240.0,-1.821843218588965e-11,51000.0,ASK
81,1712689885.8163593,2120254.91291917,47240.0,1.821843218588965e-11,51000.0,BID
82,1712689890.1600387,2120254.91291917,47240.0,0.0,51000.0,BID
83,1712689891.6150708,2120264.91291917,47240.0,8.6063725791006e-11,51000.0,BID
84,1712689897.0059123,2120267.02932128,47250.0,1.8214545082577603e-11,51000.0,BID
85,1712689899.796222,2120277.61357191,47240.0,-9.109200439533112e-11,51000.0,ASK
86,1712689900.8579128,2120283.96412229,47240.0,-5.465520264922164e-11,51000.0,ASK
87,1712689906.1450205,2120284.96412229,47250.0,8.6063725791006e-12,51000.0,BID
88,1712689906.2652364,2120285.30274662,47250.0,2.9143271503723934e-12,51000.0,BID
89,1712689908.185093,2120295.30274662,47210.0,-8.6063725791006e-11,51000.0,ASK
90,1712689908.195168,2120383.51681942,47210.0,-7.59203177234774e-10,51000.0,ASK
91,1712689909.8952742,2120463.51681942,47210.0,-6.88509806328048e-10,51000.0,ASK
92,1712689909.8970852,2120528.31984469,47210.0,-5.577189797294736e-10,51000.0,ASK
93,1712689909.8988583,2120529.31984469,47200.0,-8.6063725791006e-12,51000.0,ASK
94,1712689909.900645,2120531.90142977,47190.0,-2.221808304224245e-11,51000.0,ASK
95,1712689909.902393,2120581.65050286,47200.0,-4.281590584777207e-10,51000.0,ASK
96,1712689909.90499,2120661.76050286,47190.0,-6.89456507310626e-10,51000.0,ASK
97,1712689909.9057808,2120696.63758971,47200.0,-3.001652039037449e-10,51000.0,ASK
98,1712689909.9065828,2120696.74758971,47190.0,-9.46700986586577e-13,51000.0,ASK
99,1712689909.9074004,2120696.9879075,47200.0,-2.068264436729397e-12,51000.0,ASK
100,1712689909.9082167,2120697.9879075,47190.0,-8.6063725791006e-12,51000.0,ASK
101,1712689909.9550118,2120777.9879075,47190.0,6.88509806328048e-10,51000.0,BID
102,1712689909.9568765,2120796.30259419,47190.0,1.576230173235616e-10,51000.0,BID
103,1712689910.4449358,2120797.29889419,47250.0,8.574529002552136e-12,51000.0,BID
104,1712689911.1866794,2120837.29889419,47250.0,3.44254903164024e-10,51000.0,BID
105,1712689920.09965,2120837.29889419,47250.0,0.0,51000.0,BID
106,1712689925.1451807,2120884.41420038,47190.0,-4.0539595813255525e-10,51000.0,ASK
107,1712689925.1472578,2120889.87715187,47190.0,-4.7005073991836394e-11,51000.0,ASK
108,1712689931.1450765,2120891.46214135,47200.0,-1.3637783148063396e-11,51000.0,ASK
109,1712689931.1469994,2120911.67537974,47200.0,-1.7392150888588544e-10,51000.0,ASK
110,1712689950.1066074,2120911.67537974,47200.0,-0.0,51000.0,ASK
111,1712689961.1862106,2120911.78119984,47250.0,9.104842703144861e-13,51000.0,BID
112,1712689966.4452322,2120911.88701994,47250.0,9.104842743210715e-13,51000.0,BID
113,1712689980.145768,2120911.88701994,47250.0,0.0,51000.0,BID
114,1712689991.164969,2120912.22564427,47250.0,2.91354950326853e-12,51000.0,BID
115,1712689994.9850998,2120912.39695248,47240.0,-1.4739488767274425e-12,51000.0,ASK
116,1712689997.215022,2120924.04329861,47240.0,1.0020604840960552e-10,51000.0,BID
117,1712690010.1572957,2120924.04329861,47240.0,0.0,51000.0,BID
118,1712690021.3564007,2120977.62032789,47240.0,4.6097855952301834e-10,51000.0,BID
119,1712690040.097231,2120977.62032789,47240.0,0.0,51000.0,BID
120,1712690050.6455572,2120980.32143589,47220.0,-2.3239917874562063e-11,51000.0,ASK
121,1712690050.648032,2120991.50610751,47210.0,-9.623119470875335e-11,51000.0,ASK
122,1712690050.6503882,2120991.66030822,47230.0,-1.3267191958766862e-12,51000.0,ASK
123,1712690050.6530476,2120991.87208289,47220.0,-1.822076695752644e-12,51000.0,ASK
124,1712690050.6553943,2120998.22532304,47220.0,-5.466230128925303e-11,51000.0,ASK
125,1712690050.6577818,2121000.95430651,47210.0,-2.3479754127898663e-11,51000.0,ASK
126,1712690050.9653049,2121025.06965841,47250.0,2.0748477943937988e-10,51000.0,BID
127,1712690055.7651527,2121025.40806788,47280.0,2.911623044777979e-12,51000.0,BID
128,1712690068.395162,2121046.56313451,47270.0,1.82014940189434e-10,51000.0,BID
129,1712690070.1089942,2121046.56313451,47270.0,0.0,51000.0,BID
130,1712690072.6551816,2121047.93795704,47250.0,-1.1828430156742127e-11,51000.0,ASK
131,1712690084.5051053,2121092.38240149,47250.0,-3.8238244978916235e-10,51000.0,ASK
132,1712690086.775118,2121093.37774835,47270.0,8.563571340288043e-12,51000.0,BID
133,1712690087.9450138,2121137.8221928,47250.0,-3.8238244978916235e-10,51000.0,ASK
134,1712690096.8053412,2121157.8221928,47270.0,1.7207210238328835e-10,51000.0,BID
135,1712690100.140593,2121157.8221928,47270.0,0.0,51000.0,BID
136,1712690108.6166162,2121158.13408472,47280.0,2.6901078355691845e-12,51000.0,BID
137,1712690109.215048,2121178.13408472,47270.0,-1.7250256666763468e-10,51000.0,ASK
138,1712690110.0752742,2121183.76086309,47270.0,-4.8531685542758006e-11,51000.0,ASK
139,1712690110.7851691,2121203.31815108,47280.0,1.6868411876765227e-10,51000.0,BID
140,1712690110.7878876,2121204.9114553,47280.0,1.3742453372665379e-11,51000.0,BID
141,1712690114.2351956,2121259.73497475,47280.0,4.728598909411485e-10,51000.0,BID
142,1712690125.465268,2121259.9107823,47280.0,1.5163626814506074e-12,51000.0,BID
143,1712690127.8950152,2121264.9107823,47280.0,4.312564166690868e-11,51000.0,BID
144,1712690127.9751165,2121265.05268162,47280.0,1.2238998479807748e-12,51000.0,BID
145,1712690128.4368567,2121275.62797772,47280.0,9.121328602397036e-11,51000.0,BID
146,1712690130.0966218,2121275.62797772,47280.0,0.0,51000.0,BID
147,1712690131.8450997,2121279.73497475,47280.0,3.5421674842294536e-11,51000.0,BID
148,1712690131.8551624,2121280.4533501,47290.0,6.195781952065959e-12,51000.0,BID
149,1712690131.8573568,2121282.7998252,47300.0,2.023767667766988e-11,51000.0,BID
150,1712690131.8596232,2121284.25841814,47290.0,1.2579946972612588e-11,51000.0,BID
151,1712690131.8619282,2121327.27902323,47300.0,3.710404156471615e-10,51000.0,BID
152,1712690137.0651183,2121364.25841814,47300.0,3.1893670553985456e-10,51000.0,BID
153,1712690137.0751505,2121369.56232132,47300.0,4.574464809139353e-11,51000.0,BID
154,1712690160.1551197,2121369.56232132,47300.0,0.0,51000.0,BID
155,1712690163.9055166,2121390.71291354,47280.0,-1.8241081924654047e-10,51000.0,ASK
156,1712690163.9082215,2121413.70952943,47280.0,-1.983316353862484e-10,51000.0,ASK
157,1712690163.91053,2121434.86012164,47280.0,-1.8241081915818755e-10,51000.0,ASK
158,1712690163.9128811,2121458.27518579,47270.0,-2.0194049366949318e-10,51000.0,ASK
159,1712690164.1052587,2121464.62170578,47270.0,5.4734822489998e-11,51000.0,BID
160,1712690164.6052384,2121466.73810789,47250.0,-1.825266350652583e-11,51000.0,ASK
161,1712690164.6075652,2121472.79630895,47250.0,-5.224824946032077e-11,51000.0,ASK
162,1712690166.315062,2121475.44699086,47220.0,-2.2860497415607827e-11,51000.0,ASK
163,1712690166.317368,2121483.35865445,47220.0,-6.823322118087139e-11,51000.0,ASK
164,1712690179.865178,2121484.41663159,47260.0,9.124400623625192e-12,51000.0,BID
165,1712690190.156628,2121484.41663159,47260.0,0.0,51000.0,BID
166,1712690199.925091,2121485.47371404,47300.0,9.116257626146608e-12,51000.0,BID
167,1712690202.4889576,2121487.58787894,47300.0,1.823251525229321e-11,51000.0,BID
168,1712690203.4252355,2121507.58787894,47230.0,-1.7247959468056868e-10,51000.0,ASK
169,1712690203.427678,2121567.38978478,47220.0,-5.157304240178839e-10,51000.0,ASK
170,1712690203.4296627,2121589.89079598,47220.0,-1.9404826458609587e-10,51000.0,ASK
171,1712690203.585349,2121593.47521482,47220.0,3.091195543248954e-11,51000.0,BID
172,1712690211.0754344,2121599.58146354,47220.0,-5.266016521293619e-11,51000.0,ASK
173,1712690220.107108,2121599.58146354,47220.0,-0.0,51000.0,ASK
174,1712690221.215345,2121601.58146354,47260.0,-1.7247150545074918e-11,51000.0,ASK
175,1712690221.3153942,2121601.92001622,47260.0,2.919534518548492e-12,51000.0,BID
176,1712690234.5550897,2121602.13161164,47260.0,1.824709033936156e-12,51000.0,BID
177,1712690235.4352586,2121602.42940778,47260.0,2.5680674288096576e-12,51000.0,BID
178,1712690248.125659,2121658.72495869,47260.0,4.854689207798377e-10,51000.0,BID
179,1712690250.1054864,2121658.72495869,47260.0,0.0,51000.0,BID
180,1712690254.635399,2121659.14806002,47270.0,3.648558224049989e-12,51000.0,BID
181,1712690259.6751924,2121661.55920127,47270.0,2.0792156887585665e-11,51000.0,BID
182,1712690263.9855936,2121680.30312665,47270.0,-1.6163575535896152e-10,51000.0,ASK
183,1712690272.4725692,2121683.67312665,47260.0,-2.9060748190845078e-11,51000.0,ASK
184,1712690274.6752594,2121693.67312665,47270.0,8.623367415395056e-11,51000.0,BID
185,1712690275.8154254,2121693.77890198,47270.0,9.121395319190868e-13,51000.0,BID
186,1712690280.156668,2121693.77890198,47270.0,0.0,51000.0,BID
187,1712690280.956815,2121694.20200331,47270.0,3.648506091902476e-12,51000.0,BID
188,1712690281.175307,2121694.30777864,47270.0,9.12126502898064e-13,51000.0,BID
189,1712690285.7950726,2121709.35484122,47270.0,1.2975449513609642e-10,51000.0,BID
190,1712690295.2656,2121712.0757141,47280.0,2.346275128394336e-11,51000.0,BID
191,1712690295.4005358,2121712.08658698,47270.0,-9.375949938209265e-14,51000.0,ASK
192,1712690295.4034069,2121719.3657141,47280.0,-6.276969072669321e-11,51000.0,ASK
193,1712690300.0681992,2121728.38175815,47270.0,-7.774754957060585e-11,51000.0,ASK
194,1712690300.075076,2122084.04344553,47270.0,-3.066957583237538e-09,51000.0,ASK
195,1712690300.0851314,2122084.46654686,47270.0,3.648506091902476e-12,51000.0,BID
196,1712690303.226602,2122086.34113952,47260.0,-1.616507028465803e-11,51000.0,ASK
197,1712690303.2290854,2122092.48654686,47260.0,-5.2993348208033116e-11,51000.0,ASK
198,1712690304.7653391,2122100.6119542,47260.0,-7.006737172597854e-11,51000.0,ASK
199,1712690304.7681909,2122123.51654686,47260.0,-1.9751189583125992e-10,51000.0,ASK
200,1712690310.1549766,2122123.51654686,47260.0,-0.0,51000.0,ASK
201,1712690310.7684724,2122124.58057459,47260.0,-9.173764006615864e-12,51000.0,ASK
202,1712690310.7777328,2122126.13654686,47260.0,-1.341517895297676e-11,51000.0,ASK
203,1712690316.0752108,2122142.32438032,47260.0,-1.3956719337893427e-10,51000.0,ASK
204,1712690316.0778005,2122143.02654686,47260.0,-6.053893099764322e-12,51000.0,ASK
205,1712690316.9371536,2122164.66654686,47260.0,-1.8657432275464107e-10,51000.0,ASK
206,1712690321.595503,2122190.31734226,47260.0,-2.211543336401862e-10,51000.0,ASK
207,1712690321.5985315,2122218.80751576,47260.0,-2.4563469621131723e-10,51000.0,ASK
208,1712690325.607968,2122219.24806992,47250.0,3.798340761076421e-12,51000.0,BID
209,1712690329.1753669,2122221.36447203,47250.0,1.8247055932148787e-11,51000.0,BID
210,1712690335.4452257,2122241.36447203,47260.0,1.724346790735044e-10,51000.0,BID
211,1712690340.0950174,2122241.36447203,47260.0,0.0,51000.0,BID
212,1712690348.4554074,2122242.42200164,47280.0,9.11730114372489e-12,51000.0,BID
213,1712690370.1075492,2122242.42200164,47280.0,0.0,51000.0,BID
214,1712690400.126657,2122242.42200164,47280.0,0.0,51000.0,BID
215,1712690430.1121373,2122242.42200164,47280.0,0.0,51000.0,BID
216,1712690440.6557984,2122242.63350756,47280.0,-1.824533209457033e-12,51000.0,ASK
217,1712690440.6656845,2122251.09374445,47280.0,-7.298132909732027e-11,51000.0,ASK
218,1712690441.6455886,2122272.24433666,47280.0,-1.8245332262078286e-10,51000.0,ASK
219,1712690450.4552495,2122292.24433666,47270.0,-1.7252786192197018e-10,51000.0,ASK
220,1712690450.4579415,2122298.59219954,47270.0,-5.475916052483497e-11,51000.0,ASK
221,1712690454.365176,2122298.80349406,47270.0,1.822709586113023e-12,51000.0,BID
222,1712690460.1564126,2122298.80349406,47270.0,0.0,51000.0,BID
223,1712690463.4153984,2122322.87176592,47270.0,2.0761760040874488e-10,51000.0,BID
224,1712690468.0553355,2122335.78775325,47270.0,-1.1141582212323976e-10,51000.0,ASK
225,1712690490.1568596,2122335.78775325,47270.0,-0.0,51000.0,ASK
226,1712690498.2154922,2122340.78775325,47300.0,4.3130323324143625e-11,51000.0,BID
227,1712690520.1089573,2122340.78775325,47300.0,0.0,51000.0,BID
228,1712690526.2152746,2122341.0731655,47300.0,2.4619795027853672e-12,51000.0,BID
229,1712690526.2188246,2122342.90191815,47300.0,1.5774906432605003e-11,51000.0,BID
230,1712690530.9952474,2122362.90191815,47290.0,1.7252094134276223e-10,51000.0,BID
231,1712690535.8652985,2122371.09287801,47300.0,7.065560527830533e-11,51000.0,BID
232,1712690535.868168,2122391.09287801,47300.0,1.7252094134276223e-10,51000.0,BID
233,1712690535.965351,2122394.09287801,47310.0,2.587814120141434e-11,51000.0,BID
234,1712690535.968247,2122600.71237812,47310.0,1.7823095329367687e-09,51000.0,BID
235,1712690536.0655506,2122607.4825056,47310.0,5.83994382923004e-11,51000.0,BID
236,1712690549.3153417,2122608.5217409,47340.0,8.964492610930967e-12,51000.0,BID
237,1712690549.3180313,2122611.60826976,47340.0,2.6624543220721e-11,51000.0,BID
238,1712690550.1156404,2122611.60826976,47340.0,0.0,51000.0,BID
239,1712690561.6750872,2122631.60826976,47340.0,1.7250187705771016e-10,51000.0,BID
240,1712690567.1755998,2122632.38678992,47350.0,6.714809445406165e-12,51000.0,BID
241,1712690567.1787665,2122635.96185507,47350.0,3.083527245230529e-11,51000.0,BID
242,1712690570.835451,2122651.60826976,47350.0,-1.349517951599987e-10,51000.0,ASK
243,1712690574.3452978,2122680.31243586,47350.0,2.4757612658040713e-10,51000.0,BID
244,1712690574.3483076,2122681.60826976,47350.0,1.1176689006158084e-11,51000.0,BID
245,1712690576.815221,2122890.69740777,47350.0,1.803413438955621e-09,51000.0,BID
246,1712690577.6952467,2122891.11970507,47360.0,3.642353844936304e-12,51000.0,BID
247,1712690577.7753413,2122894.07822186,47360.0,2.5517484979656083e-11,51000.0,BID
248,1712690577.7788117,2122994.07822186,47360.0,8.625093852885502e-10,51000.0,BID
249,1712690580.1491292,2122994.07822186,47360.0,0.0,51000.0,BID
250,1712690583.4768405,2122995.13855785,47370.0,9.144069060007356e-12,51000.0,BID
251,1712690585.2952678,2122995.58923352,47360.0,-3.8865128500541825e-12,51000.0,ASK
252,1712690585.376008,2122999.04944416,47360.0,2.9839980299963606e-11,51000.0,BID
253,1712690588.835189,2122999.15497391,47380.0,9.100618417807398e-13,51000.0,BID
254,1712690589.5755117,2123001.26540518,47360.0,-1.819982482738296e-11,51000.0,ASK
255,1712690590.855223,2123019.15497391,47360.0,1.5427511039856407e-10,51000.0,BID
256,1712690592.2651224,2123043.50342038,47380.0,2.0997483638616278e-10,51000.0,BID
257,1712690592.5857458,2123066.82907373,47360.0,-2.0115452753204087e-10,51000.0,ASK
258,1712690592.8052487,2123067.58085953,47390.0,6.483210356740243e-12,51000.0,BID
259,1712690592.8079746,2123069.722424,47390.0,1.846830966442929e-11,51000.0,BID
260,1712690593.895225,2123069.82790923,47400.0,9.09677908446777e-13,51000.0,BID
261,1712690593.9569762,2123071.93022243,47400.0,1.8129816649834857e-11,51000.0,BID
262,1712690595.2576723,2123083.59304911,47360.0,-1.0057726381019364e-10,51000.0,ASK
263,1712690598.5855114,2123084.33731705,47410.0,6.4183782375917485e-12,51000.0,BID
264,1712690598.5891752,2123087.35022316,47410.0,2.5982539307465443e-11,51000.0,BID
265,1712690610.1484282,2123087.35022316,47410.0,0.0,51000.0,BID
266,1712690618.4151626,2123087.52003911,47410.0,-1.4643939538275598e-12,51000.0,ASK
267,1712690619.1551712,2123107.35022316,47410.0,1.7100396994281458e-10,51000.0,BID
268,1712690627.435127,2123109.35022316,47430.0,1.7246836389664215e-11,51000.0,BID
269,1712690630.9249513,2123109.76926966,47430.0,3.6136132145819553e-12,51000.0,BID
270,1712690640.099212,2123109.76926966,47430.0,0.0,51000.0,BID
271,1712690652.456544,2123129.76926966,47440.0,1.72466783042609e-10,51000.0,BID
272,1712690657.1953993,2123131.76926966,47440.0,-1.7246678304260898e-11,51000.0,ASK
273,1712690657.1995437,2123174.03571149,47440.0,-3.6447786265360926e-10,51000.0,ASK
274,1712690662.5951946,2123406.62387318,47450.0,2.0056866010207943e-09,51000.0,BID
275,1712690662.5988858,2123489.19486531,47450.0,7.12037669267648e-10,51000.0,BID
276,1712690670.1053574,2123489.19486531,47450.0,0.0,51000.0,BID
277,1712690680.4353566,2123491.19486531,47470.0,1.724400122733661e-11,51000.0,BID
278,1712690681.17604,2123492.1887983,47470.0,8.569690848790707e-12,51000.0,BID
279,1712690682.0054953,2123493.30145894,47470.0,-9.593360720189124e-12,51000.0,ASK
280,1712690684.0451534,2123493.98091571,47470.0,5.858276687508035e-12,51000.0,BID
281,1712690684.1450918,2123495.30145894,47470.0,-1.1385724539828576e-11,51000.0,ASK
282,1712690684.8752778,2123497.30145894,47460.0,1.724400122733661e-11,51000.0,BID
283,1712690686.475299,2123499.30145894,47460.0,1.724400122733661e-11,51000.0,BID
284,1712690689.985165,2123565.64616269,47460.0,5.720240764480318e-10,51000.0,BID
285,1712690690.8753026,2123645.64616269,47450.0,6.897600490934644e-10,51000.0,BID
286,1712690690.8794353,2123668.37206711,47460.0,1.9594276185556408e-10,51000.0,BID
287,1712690690.954873,2123902.33053858,47460.0,-2.017190084587641e-09,51000.0,ASK
288,1712690693.2249007,2123903.63053858,47440.0,-1.1208600796162823e-11,51000.0,ASK
289,1712690693.7452464,2123983.63053858,47450.0,6.897600490934644e-10,51000.0,BID
290,1712690694.2051775,2124024.18017449,47450.0,-3.4961898569973075e-10,51000.0,ASK
291,1712690694.2853868,2124071.202664,47450.0,-4.0542793341152554e-10,51000.0,ASK
292,1712690700.1621702,2124071.202664,47450.0,-0.0,51000.0,ASK
293,1712690711.1052177,2124071.41338881,47460.0,1.8183042741982333e-12,51000.0,BID
294,1712690712.6252618,2124072.33183428,47440.0,-7.925091128472092e-12,51000.0,ASK
295,1712690712.629242,2124095.35202819,47440.0,-1.9863687124622924e-10,51000.0,ASK
296,1712690718.9249785,2124107.99958299,47440.0,1.0913334284530919e-10,51000.0,BID
297,1712690719.4350505,2124114.32020008,47440.0,5.4539401709436166e-11,51000.0,BID
298,1712690726.4771886,2124134.32020008,47430.0,-1.7257619290338738e-10,51000.0,ASK
299,1712690726.4801953,2124143.93020008,47430.0,-8.292286068895256e-11,51000.0,ASK
300,1712690726.5548255,2124185.71384253,47430.0,-3.60543096981849e-10,51000.0,ASK
301,1712690728.4851685,2124192.73384253,47410.0,-6.05742437092497e-11,51000.0,ASK
302,1712690730.1584911,2124192.73384253,47410.0,-0.0,51000.0,ASK
303,1712690746.6253486,2124195.47356855,47420.0,-2.363939846090821e-11,51000.0,ASK
304,1712690746.993412,2124198.47356855,47410.0,-2.5885141384364923e-11,51000.0,ASK
305,1712690760.0969012,2124198.47356855,47410.0,-0.0,51000.0,ASK
306,1712690768.94487,2124261.75135805,47410.0,-5.459835604907464e-10,51000.0,ASK
307,1712690769.3651297,2124263.11098861,47440.0,1.1731382211447132e-11,51000.0,BID
308,1712690777.0149214,2124263.9533822,47460.0,7.268475326199959e-12,51000.0,BID
309,1712690780.8850834,2124265.45347035,47470.0,1.2943300887781412e-11,51000.0,BID
310,1712690780.8872926,2124266.27585694,47470.0,7.0958477250592e-12,51000.0,BID
311,1712690784.4348292,2124519.25741334,47470.0,2.182815992670636e-09,51000.0,BID
312,1712690790.1139784,2124519.25741334,47470.0,0.0,51000.0,BID
313,1712690792.064881,2124520.25741334,47420.0,-8.627226961386539e-12,51000.0,ASK
314,1712690820.1654758,2124520.25741334,47420.0,-0.0,51000.0,ASK
315,1712690820.4249003,2124520.46802833,47480.0,1.8170225766550042e-12,51000.0,BID
316,1712690828.844931,2124522.75127571,47480.0,1.969808529814993e-11,51000.0,BID
317,1712690828.8546934,2124530.89992214,47480.0,7.030019342064482e-11,51000.0,BID
318,1712690850.1661177,2124530.89992214,47480.0,0.0,51000.0,BID
319,1712690854.7947671,2124531.38471434,47450.0,-4.182392394076167e-12,51000.0,ASK
320,1712690855.9665627,2124571.80872623,47470.0,3.4874546227636967e-10,51000.0,BID
321,1712690856.004822,2124574.92323803,47450.0,-2.6869472045550664e-11,51000.0,ASK
322,1712690856.0074563,2124589.52858603,47450.0,-1.2600305119965988e-10,51000.0,ASK
323,1712690856.0097623,2124601.41872623,47460.0,-1.0257844896353624e-10,51000.0,ASK
324,1712690856.2049253,2124603.52996123,47460.0,1.8214016658017136e-11,51000.0,BID
325,1712690859.2753794,2124612.30558963,47450.0,-7.57089769179856e-11,51000.0,ASK
326,1712690859.374993,2124647.78707399,47450.0,3.0610535883914517e-10,51000.0,BID
327,1712690864.065034,2124658.32226151,47460.0,-9.088902041268056e-11,51000.0,ASK
328,1712690870.7548094,2124691.51820768,47440.0,-2.8638759616877536e-10,51000.0,ASK
329,1712690871.3350856,2124725.23080778,47460.0,2.9084486562750305e-10,51000.0,BID
330,1712690880.1333597,2124725.23080778,47460.0,0.0,51000.0,BID
331,1712690885.2850378,2124726.53080778,47460.0,-1.1214449345593903e-11,51000.0,ASK
332,1712690897.4950516,2124840.44941,47460.0,-9.827187644923434e-10,51000.0,ASK
333,1712690900.3448515,2124840.55476187,47460.0,9.08817852879891e-13,51000.0,BID
334,1712690901.585238,2124882.69551197,47460.0,3.635271594495138e-10,51000.0,BID
335,1712690902.3447444,2124924.81851112,47460.0,3.633740308837338e-10,51000.0,BID
336,1712690905.25488,2124929.69534595,47440.0,-4.207001319531218e-11,51000.0,ASK
337,1712690910.1020038,2124929.69534595,47440.0,-0.0,51000.0,ASK
338,1712690918.3148763,2124930.74930885,47440.0,-9.091249400882907e-12,51000.0,ASK
339,1712690919.044781,2124946.66422624,47440.0,-1.3727853527296728e-10,51000.0,ASK
340,1712690919.0494692,2124956.66422624,47440.0,-8.625777433215793e-11,51000.0,ASK
341,1712690940.157141,2124956.66422624,47440.0,-0.0,51000.0,ASK
342,1712690954.0246716,2124969.08027343,47460.0,1.0709687775472539e-10,51000.0,BID
343,1712690956.3948038,2124970.08027343,47440.0,-8.625682241468361e-12,51000.0,ASK
344,1712690956.3984532,2124976.06540201,47440.0,-5.1625817306505445e-11,51000.0,ASK
345,1712690956.4747746,2124999.36622279,47440.0,2.0098547601356808e-10,51000.0,BID
346,1712690956.4783173,2125013.34671526,47440.0,1.2059128562420743e-10,51000.0,BID
347,1712690970.1462195,2125013.34671526,47440.0,0.0,51000.0,BID
348,1712690979.3892925,2125034.54471526,47460.0,-1.828429707946624e-10,51000.0,ASK
349,1712690979.4046776,2125055.74271526,47460.0,-1.8284297079064584e-10,51000.0,ASK
350,1712690986.9776175,2125075.44271526,47470.0,-1.6992199852032434e-10,51000.0,ASK
351,1712690998.1751814,2125075.46127392,47470.0,-1.6007738718243817e-13,51000.0,ASK
352,1712691000.1263282,2125075.46127392,47470.0,-0.0,51000.0,ASK
353,1712691005.9754813,2125088.86127392,47460.0,-1.1565520592471919e-10,51000.0,ASK
354,1712691008.2246428,2125091.46127392,47460.0,-2.244056233976308e-11,51000.0,ASK
355,1712691008.7446127,2125133.94127392,47480.0,3.6664426474203965e-10,51000.0,BID
356,1712691008.7475555,2125154.15451231,47480.0,1.7446016778766432e-10,51000.0,BID
357,1712691008.8665955,2125234.15451231,47480.0,-6.904788413224114e-10,51000.0,ASK
358,1712691008.9045434,2125236.75451231,47480.0,-2.2440562343782192e-11,51000.0,ASK
359,1712691008.9848082,2125311.73119371,47480.0,-6.471226512416754e-10,51000.0,ASK
360,1712691009.1646369,2125331.54119371,47460.0,-1.709798230829444e-10,51000.0,ASK
361,1712691010.4949684,2125332.04119371,47460.0,-4.315492758265071e-12,51000.0,ASK
362,1712691025.6882987,2125332.54119371,47500.0,4.315492758265071e-12,51000.0,BID
363,1712691025.6924767,2125333.59382528,47500.0,9.085247835139192e-12,51000.0,BID
364,1712691025.6967766,2125340.34815855,47510.0,5.829655262530926e-11,51000.0,BID
365,1712691025.6987123,2125355.87815855,47500.0,1.340392050699447e-10,51000.0,BID
366,1712691025.700673,2125355.98766448,47510.0,9.451440996864982e-13,51000.0,BID
367,1712691030.1050427,2125355.98766448,47510.0,0.0,51000.0,BID
368,1712691031.8447318,2125400.2354521,47460.0,-3.818581164612871e-10,51000.0,ASK
369,1712691044.8349462,2125402.34071525,47500.0,1.816840715190236e-11,51000.0,BID
370,1712691050.7948792,2125414.73071525,47470.0,-1.0692561860139055e-10,51000.0,ASK
371,1712691050.814403,2125481.13071525,47470.0,-5.730315637649444e-10,51000.0,ASK
372,1712691051.894585,2125510.13071525,47470.0,-2.5026980947600444e-10,51000.0,ASK
373,1712691052.154771,2125532.03071525,47470.0,-1.8899685612073064e-10,51000.0,ASK
374,1712691054.2245977,2125532.24133024,47480.0,1.8176059798074809e-12,51000.0,BID
375,1712691060.1458817,2125532.24133024,47480.0,0.0,51000.0,BID
376,1712691066.0846589,2125574.88433024,47470.0,-3.6798224085022535e-10,51000.0,ASK
377,1712691068.737878,2125595.94582981,47480.0,1.81747480416892e-10,51000.0,BID
378,1712691070.485108,2125640.18429621,47470.0,-3.8175011133098755e-10,51000.0,ASK
379,1712691071.8247676,2125640.5040962,47470.0,-2.759672562632704e-12,51000.0,ASK
380,1712691072.3050385,2125673.61282981,47470.0,-2.8570752492547245e-10,51000.0,ASK
381,1712691072.3087015,2125684.7425626,47470.0,-9.604258640551487e-11,51000.0,ASK
382,1712691074.035638,2125728.981029,47470.0,-3.8175011133500574e-10,51000.0,ASK
383,1712691075.8946145,2125745.61230316,47470.0,-1.4351742451440915e-10,51000.0,ASK
384,1712691078.8668442,2125748.40878904,47460.0,-2.4131912402896764e-11,51000.0,ASK
385,1712691079.0445,2125776.01598128,47470.0,2.3823268681657835e-10,51000.0,BID
386,1712691079.0544405,2125811.40878904,47480.0,3.0541764673122876e-10,51000.0,BID
387,1712691080.7545469,2125812.40878904,47480.0,8.629370373774717e-12,51000.0,BID
388,1712691090.146441,2125812.40878904,47480.0,0.0,51000.0,BID
389,1712691093.324163,2125819.33883416,47480.0,5.979506328073997e-11,51000.0,BID
390,1712691093.327517,2125885.23418526,47510.0,5.68570134929378e-10,51000.0,BID
391,1712691093.3292716,2125894.23418526,47500.0,7.765542073849519e-11,51000.0,BID
392,1712691105.5912294,2125895.31287999,47500.0,-9.307388123517146e-12,51000.0,ASK
393,1712691105.5951867,2125904.26418526,47480.0,-7.723526410174473e-11,51000.0,ASK
394,1712691116.2148342,2125904.55655501,47520.0,2.5226773263107355e-12,51000.0,BID
395,1712691116.2245028,2125905.26418526,47520.0,6.105702755744285e-12,51000.0,BID
396,1712691119.4749222,2125928.26418526,47480.0,-1.9845274188726548e-10,51000.0,ASK
397,1712691120.1153667,2125928.26418526,47480.0,-0.0,51000.0,ASK
398,1712691135.5278697,2125970.72418526,47500.0,-3.66343623461552e-10,51000.0,ASK
399,1712691138.3146195,2125974.56429667,47520.0,3.3132367601412045e-11,51000.0,BID
400,1712691138.3194392,2125990.02147889,47520.0,1.3336411076430524e-10,51000.0,BID
401,1712691138.4946454,2126026.96547889,47520.0,-3.1875173870053184e-10,51000.0,ASK
402,1712691138.6544695,2126056.50547889,47520.0,-2.5487024580964167e-10,51000.0,ASK
403,1712691139.6046093,2126058.61541689,47520.0,-1.820448262246289e-11,51000.0,ASK
404,1712691140.6248918,2126095.09441689,47520.0,-3.1473973245875656e-10,51000.0,ASK
405,1712691140.8447144,2126160.03620102,47530.0,5.60315791621346e-10,51000.0,BID
406,1712691142.1846733,2126184.66620102,47520.0,-2.1250691111624096e-10,51000.0,ASK
407,1712691144.1949313,2126257.67220102,47520.0,-6.298936075006274e-10,51000.0,ASK
408,1712691145.9247775,2126260.89220102,47520.0,-2.7782064706822915e-11,51000.0,ASK
409,1712691149.1945057,2126266.01220102,47520.0,-4.417520848247136e-11,51000.0,ASK
410,1712691149.2551963,2126308.48220102,47520.0,-3.6642990316368896e-10,51000.0,ASK
411,1712691149.7747138,2126308.98220102,47530.0,4.313985203272179e-12,51000.0,BID
412,1712691149.7796109,2126394.66626706,47530.0,7.392795861093201e-10,51000.0,BID
413,1712691149.8744228,2126415.61526706,47530.0,-1.8074735204689056e-10,51000.0,ASK
414,1712691149.899747,2126422.26526706,47530.0,-5.7376003202716435e-11,51000.0,ASK
415,1712691150.1025157,2126422.26526706,47530.0,-0.0,51000.0,ASK
416,1712691150.8145354,2126424.37464506,47530.0,-1.819596538186612e-11,51000.0,ASK
417,1712691151.0446584,2126428.48220102,47530.0,-3.5432694404111306e-11,51000.0,ASK
418,1712691151.0745687,2126444.98392478,47520.0,-1.4234755189109858e-10,51000.0,ASK
419,1712691152.9048295,2126445.4048002,47530.0,3.6305652996570723e-12,51000.0,BID
420,1712691153.5246694,2126450.95889817,47520.0,-4.791088861264796e-11,51000.0,ASK
421,1712691154.1746175,2126551.97389817,47520.0,-8.71377933795913e-10,51000.0,ASK
422,1712691158.164705,2126554.73389817,47520.0,-2.3808375954846788e-11,51000.0,ASK
423,1712691160.214628,2126584.29389817,47520.0,-2.5499115698681033e-10,51000.0,ASK
424,1712691162.154599,2126598.29389817,47520.0,-1.207671244184234e-10,51000.0,ASK
425,1712691162.4346163,2126619.53228871,47520.0,-1.8320709663000328e-10,51000.0,ASK
426,1712691162.514714,2126695.89925121,47520.0,-6.587584615488927e-10,51000.0,ASK
427,1712691162.5345328,2126707.26645281,47520.0,-9.805601784909215e-11,51000.0,ASK
428,1712691169.744505,2126748.16645281,47510.0,3.5281252776846476e-10,51000.0,BID
429,1712691170.444308,2126748.27352351,47520.0,9.236157517350584e-13,51000.0,BID
430,1712691173.7646558,2126760.75352351,47510.0,-1.0765526519569104e-10,51000.0,ASK
431,1712691175.924828,2126770.25266071,47520.0,8.194167743528372e-11,51000.0,BID
432,1712691180.1468391,2126770.25266071,47520.0,0.0,51000.0,BID
433,1712691181.2046957,2126772.3561525,47520.0,1.814260172109064e-11,51000.0,BID
434,1712691181.224367,2126795.3105525,47510.0,-1.979815366545378e-10,51000.0,ASK
435,1712691182.695161,2126817.19111008,47520.0,1.8871965342156368e-10,51000.0,BID
436,1712691182.7000086,2126826.87620906,47520.0,8.353390978267823e-11,51000.0,BID
437,1712691183.0147803,2126856.42620906,47510.0,-2.5486853971627744e-10,51000.0,ASK
438,1712691196.7847564,2126873.28689559,47510.0,-1.4542330133722278e-10,51000.0,ASK
439,1712691196.7890337,2126896.52620906,47510.0,-2.0043891330612343e-10,51000.0,ASK
440,1712691198.0161636,2126926.09620906,47510.0,-2.5504103957411516e-10,51000.0,ASK
441,1712691198.8146236,2126963.01420879,47520.0,3.1841748495719727e-10,51000.0,BID
442,1712691199.7944393,2126965.12726279,47520.0,-1.8225075715845897e-11,51000.0,ASK
443,1712691206.9648197,2127259.12726279,47530.0,2.535747907853058e-09,51000.0,BID
444,1712691206.9692645,2127260.80262141,47530.0,1.4449956175460207e-11,51000.0,BID
445,1712691207.0044863,2127304.99454061,47530.0,-3.811549886208873e-10,51000.0,ASK
446,1712691207.0848603,2127334.52454061,47530.0,-2.54696039862456e-10,51000.0,ASK
447,1712691207.7246892,2127367.52454061,47530.0,-2.8462476516718005e-10,51000.0,ASK
448,1712691208.0252154,2127383.93495879,47530.0,-1.4153974002199322e-10,51000.0,ASK
449,1712691210.1468518,2127383.93495879,47530.0,-0.0,51000.0,ASK
450,1712691210.714641,2127389.04995324,47530.0,-4.410569597955427e-11,51000.0,ASK
451,1712691210.7190003,2127419.08695879,47520.0,-2.5900380692159395e-10,51000.0,ASK
452,1712691215.2447376,2127446.82695879,47520.0,-2.391971327477332e-10,51000.0,ASK
453,1712691221.0092456,2127470.74695879,47520.0,-2.0625794575911677e-10,51000.0,ASK
454,1712691222.660643,2127493.04695879,47520.0,-1.9228897117476002e-10,51000.0,ASK
455,1712691225.1846516,2127493.25721951,47550.0,1.813041144630574e-12,51000.0,BID
456,1712691226.0901375,2127536.2706723,47520.0,-3.7089742526954196e-10,51000.0,ASK
457,1712691226.0927138,2127537.25608345,47520.0,-8.497026735380167e-12,51000.0,ASK
458,1712691238.9566844,2127540.81608345,47520.0,-3.069725279750287e-11,51000.0,ASK
459,1712691240.1063297,2127540.81608345,47520.0,-0.0,51000.0,ASK
460,1712691244.3690245,2127542.58380361,47520.0,-1.524175970757897e-11,51000.0,ASK
461,1712691244.3746414,2127546.03506623,47520.0,-2.9757716596842e-11,51000.0,ASK
462,1712691244.377173,2127570.37608345,47510.0,-2.0987481156809484e-10,51000.0,ASK
463,1712691246.1791987,2127599.94608345,47510.0,-2.5496051057009486e-10,51000.0,ASK
464,1712691246.9543152,2127615.39434157,47510.0,-1.3319904557190156e-10,51000.0,ASK
465,1712691247.3044486,2127645.78434157,47510.0,-2.6203077159892915e-10,51000.0,ASK
466,1712691248.5672934,2127685.89434157,47510.0,-3.4583923161414246e-10,51000.0,ASK
467,1712691249.570627,2127686.89434157,47510.0,-8.622269549121584e-12,51000.0,ASK
468,1712691249.578068,2127847.96234157,47510.0,-1.388771711737658e-09,51000.0,ASK
469,1712691253.1653178,2127851.00176135,47500.0,-2.620669661626143e-11,51000.0,ASK
470,1712691253.1702309,2127859.73726728,47500.0,-7.531988677768668e-11,51000.0,ASK
471,1712691253.1756449,2127859.73817738,47510.0,-7.847128046463222e-15,51000.0,ASK
472,1712691253.1779368,2127872.9041257,47490.0,-1.1352035528238296e-10,51000.0,ASK
473,1712691253.180306,2127912.9041257,47500.0,-3.4489078196486326e-10,51000.0,ASK
474,1712691258.0006945,2127919.9041257,47500.0,-6.035588684385108e-11,51000.0,ASK
475,1712691267.7549536,2127941.63006273,47500.0,-1.8732688528230027e-10,51000.0,ASK
476,1712691267.7608726,2127964.11465202,47500.0,-1.9386818955858448e-10,51000.0,ASK
477,1712691270.1080084,2127964.11465202,47500.0,-0.0,51000.0,ASK
478,1712691270.2102568,2128007.6712053,47500.0,-3.7549123619852736e-10,51000.0,ASK
479,1712691272.464457,2128008.32517834,47500.0,5.637754294189481e-12,51000.0,BID
480,1712691278.3046224,2128009.24146387,47490.0,-7.899091189758751e-12,51000.0,ASK
481,1712691278.3100357,2128029.6401224,47500.0,-1.7585224108773182e-10,51000.0,ASK
482,1712691278.3144865,2128046.81329157,47490.0,-1.4804602374423252e-10,51000.0,ASK
483,1712691278.3189194,2128046.95517834,47480.0,-1.2231738872374109e-12,51000.0,ASK
484,1712691300.1574752,2128046.95517834,47480.0,-0.0,51000.0,ASK
485,1712691306.704703,2128057.51498583,47480.0,-9.108831054005615e-11,51000.0,ASK
486,1712691306.7097614,2128099.63798498,47480.0,-3.633506416702519e-10,51000.0,ASK
487,1712691306.7138965,2128099.82917834,47470.0,-1.6492232606013276e-12,51000.0,ASK
488,1712691307.6548347,2128101.74457861,47470.0,-1.652213591960977e-11,51000.0,ASK
489,1712691307.660612,2128114.63471881,47480.0,-1.1118963054461278e-10,51000.0,ASK
490,1712691307.6647594,2128139.95917834,47470.0,-2.1844737568249878e-10,51000.0,ASK
491,1712691319.7147164,2128194.50917834,47470.0,-4.705452580082892e-10,51000.0,ASK
492,1712691321.114476,2128195.92917834,47470.0,-1.2248840812813815e-11,51000.0,ASK
493,1712691324.2851994,2128216.45523766,47470.0,-1.7705664305679726e-10,51000.0,ASK
494,1712691324.2902198,2128219.80038111,47470.0,-2.885502085684317e-11,51000.0,ASK
495,1712691324.2975335,2128219.88517834,47460.0,-7.31456177968155e-13,51000.0,ASK
496,1712691328.624654,2128224.88517834,47460.0,-4.312972117414261e-11,51000.0,ASK
497,1712691328.629573,2128248.67389103,47460.0,-2.0520010907930478e-10,51000.0,ASK
498,1712691330.1546173,2128248.67389103,47460.0,-0.0,51000.0,ASK
499,1712691330.5051036,2128253.30409516,47460.0,3.993658379733618e-11,51000.0,BID
500,1712691333.5946724,2128263.70195826,47460.0,8.968397921595195e-11,51000.0,BID
501,1712691342.174593,2128264.53195826,47520.0,-7.1589423751146376e-12,51000.0,ASK
502,1712691342.654467,2128264.70195826,47520.0,-1.466289401357661e-12,51000.0,ASK
503,1712691352.5044546,2128304.83195826,47480.0,3.4613055118886936e-10,51000.0,BID
504,1712691354.4146209,2128308.76282036,47450.0,-3.390459669267405e-11,51000.0,ASK
505,1712691354.4201596,2128330.19195826,47450.0,-1.8483128115753883e-10,51000.0,ASK
506,1712691360.1257806,2128330.19195826,47450.0,-0.0,51000.0,ASK
507,1712691375.2445517,2128330.40177781,47460.0,-1.8096818533104108e-12,51000.0,ASK
508,1712691384.5345094,2128331.45507462,47470.0,9.084625916790544e-12,51000.0,BID
509,1712691385.824492,2128355.36507462,47460.0,-2.0622240911230768e-10,51000.0,ASK
510,1712691390.1110582,2128355.36507462,47460.0,-0.0,51000.0,ASK
511,1712691409.1644447,2128418.54957335,47480.0,5.44957142634054e-10,51000.0,BID
512,1712691417.574877,2128421.41284847,47470.0,-2.4695332860049587e-11,51000.0,ASK
513,1712691417.674508,2128462.78803975,47470.0,3.5685502724772767e-10,51000.0,BID
514,1712691420.1665275,2128462.78803975,47470.0,0.0,51000.0,BID
515,1712691443.6484606,2128464.89358061,47470.0,-1.8159185944734047e-11,51000.0,ASK
516,1712691443.652508,2128516.52823525,47470.0,-4.4532182330263157e-10,51000.0,ASK
517,1712691443.6545887,2128527.19203975,47470.0,-9.196972258895288e-11,51000.0,ASK
518,1712691450.1552377,2128527.19203975,47470.0,-0.0,51000.0,ASK
519,1712691455.8845956,2128527.19212173,47470.0,-7.070170411541243e-16,51000.0,ASK
520,1712691455.8904428,2128527.67138588,47470.0,-4.133293022669797e-12,51000.0,ASK
521,1712691459.4546845,2128537.72508992,47470.0,-8.670563982099399e-11,51000.0,ASK
522,1712691459.4608407,2128543.31962719,47470.0,-4.824867845159716e-11,51000.0,ASK
523,1712691466.2546177,2128549.91622356,47470.0,-5.689068492743559e-11,51000.0,ASK
524,1712691466.2644672,2128552.7223097,47460.0,-2.4200383580964958e-11,51000.0,ASK
525,1712691466.2688348,2128668.86210331,47470.0,-1.0016184158018058e-09,51000.0,ASK
526,1712691466.273234,2128689.93247836,47460.0,-1.817161458784812e-10,51000.0,ASK
527,1712691466.276853,2128813.07562719,47460.0,-1.0620170900473601e-09,51000.0,ASK
528,1712691466.684837,2128813.07639987,47460.0,-6.663785509277308e-15,51000.0,ASK
529,1712691466.6907663,2128822.97269765,47450.0,-8.53481291509807e-11,51000.0,ASK
530,1712691467.3242457,2128825.0788476,47480.0,1.816396009376115e-11,51000.0,BID
531,1712691472.964334,2128825.28946259,47480.0,1.8163959660035464e-12,51000.0,BID
532,1712691478.1244826,2128827.28946259,47470.0,-1.7248496569014945e-11,51000.0,ASK
533,1712691480.0986795,2128827.28946259,47470.0,-0.0,51000.0,ASK
534,1712691500.704811,2128832.99907918,47470.0,-4.9235102861855655e-11,51000.0,ASK
535,1712691501.304716,2128842.77445836,47480.0,8.429494202771064e-11,51000.0,BID
536,1712691506.5246873,2128882.90445836,47470.0,-3.4604857379768747e-10,51000.0,ASK
537,1712691509.2945678,2128901.58377592,47470.0,-1.6107528535226348e-10,51000.0,ASK
538,1712691510.1041508,2128901.58377592,47470.0,-0.0,51000.0,ASK
539,1712691511.8645368,2128941.72377592,47470.0,-3.4612427912133564e-10,51000.0,ASK
540,1712691513.1648395,2128948.10414026,47470.0,-5.5017414241084337e-11,51000.0,ASK
541,1712691513.174579,2128950.88291649,47460.0,-2.3961183845184087e-11,51000.0,ASK
542,1712691513.178646,2128981.56483954,47450.0,-2.6456797453143705e-10,51000.0,ASK
543,1712691513.1824543,2129002.63077592,47470.0,-1.8165002599757284e-10,51000.0,ASK
544,1712691517.2046213,2129008.12169299,47450.0,-4.734777559806556e-11,51000.0,ASK
545,1712691517.2101817,2129052.63077592,47450.0,-3.837985611236727e-10,51000.0,ASK
546,1712691522.0646105,2129052.73608341,47480.0,9.080587717128013e-13,51000.0,BID
547,1712691527.8245609,2129096.99319617,47450.0,-3.8162584080391717e-10,51000.0,ASK
548,1712691529.774718,2129141.25030893,47450.0,-3.8162584080793257e-10,51000.0,ASK
549,1712691540.148574,2129141.25030893,47450.0,-0.0,51000.0,ASK
550,1712691570.1450722,2129141.25030893,47450.0,-0.0,51000.0,ASK
551,1712691570.24763,2129162.4367496,47450.0,-1.8267121047874478e-10,51000.0,ASK
552,1712691585.3444805,2129194.1967496,47460.0,-2.7383729694072924e-10,51000.0,ASK
553,1712691600.1244142,2129194.1967496,47460.0,-0.0,51000.0,ASK
554,1712691630.1013849,2129194.1967496,47460.0,-0.0,51000.0,ASK
555,1712691642.404888,2129214.91015527,47470.0,-1.7864753884879568e-10,51000.0,ASK
556,1712691642.411481,2129225.44312346,47470.0,-9.08440105857452e-11,51000.0,ASK
557,1712691642.4165716,2129518.39434808,47460.0,-2.526625322543756e-09,51000.0,ASK
558,1712691646.594342,2129520.50138558,47480.0,1.8172630307270795e-11,51000.0,BID
559,1712691650.185017,2129564.7491732,47460.0,-3.8162523748886707e-10,51000.0,ASK
560,1712691653.234641,2130002.41492257,47460.0,-3.774749078458054e-09,51000.0,ASK
561,1712691660.1450331,2130002.41492257,47460.0,-0.0,51000.0,ASK
562,1712691677.8046694,2130002.79404416,47460.0,-3.2687400891337893e-12,51000.0,ASK
563,1712691690.1572366,2130002.79404416,47460.0,-0.0,51000.0,ASK
564,1712691705.1346104,2130028.73528268,47460.0,-2.2366215854794382e-10,51000.0,ASK
565,1712691705.1411102,2130081.52172131,47460.0,-4.5511816241317856e-10,51000.0,ASK
566,1712691705.1472163,2130221.62691884,47460.0,-1.207969730473621e-09,51000.0,ASK
567,1712691712.9846995,2130221.8409232,47460.0,-1.845119190666954e-12,51000.0,ASK
568,1712691720.1104202,2130221.8409232,47460.0,-0.0,51000.0,ASK
569,1712691722.7145648,2130223.9409232,47470.0,-1.810431821656193e-11,51000.0,ASK
570,1712691725.644519,2130224.99347164,47480.0,9.074129475427456e-12,51000.0,BID
571,1712691728.0341463,2130225.00006527,47470.0,-5.684436695639171e-14,51000.0,ASK
572,1712691733.4944196,2130226.05178214,47470.0,9.066960423955473e-12,51000.0,BID
573,1712691737.1045463,2130226.2624415,47470.0,1.816116233060392e-12,51000.0,BID
574,1712691750.095289,2130226.2624415,47470.0,0.0,51000.0,BID
575,1712691761.455788,2130228.36903513,47470.0,1.8161129719688192e-11,51000.0,BID
576,1712691763.094402,2130249.43497151,47470.0,1.816112979034352e-10,51000.0,BID
577,1712691769.074474,2130250.43497151,47470.0,8.621088311805979e-12,51000.0,BID
578,1712691775.9243894,2130252.15904987,47470.0,1.4863431798151417e-11,51000.0,BID
579,1712691777.9643393,2130260.58542196,47470.0,7.264449793506933e-11,51000.0,BID
580,1712691780.1451712,2130260.58542196,47470.0,0.0,51000.0,BID
581,1712691791.0184455,2130261.63871878,47470.0,-9.080437358177638e-12,51000.0,ASK
582,1712691791.1744337,2130301.77871878,47470.0,-3.4604562412334237e-10,51000.0,ASK
583,1712691795.4847257,2130311.91717435,47460.0,-8.74032931108451e-11,51000.0,ASK
584,1712691795.4891782,2130312.29750544,47470.0,-3.2788218604372864e-12,51000.0,ASK
585,1712691806.2644043,2130319.85365669,47470.0,6.514133221893089e-11,51000.0,BID
586,1712691806.9945004,2130330.38662488,47470.0,9.08043734733862e-11,51000.0,BID
587,1712691810.1762433,2130330.38662488,47470.0,0.0,51000.0,BID
588,1712691811.016792,2130335.58204677,47460.0,-4.4788282446223646e-11,51000.0,ASK
589,1712691817.6751254,2130336.75175395,47470.0,1.0083719218106234e-11,51000.0,BID
590,1712691818.194586,2130392.65844906,47470.0,4.819560190260697e-10,51000.0,BID
591,1712691820.6042185,2130393.71113496,47470.0,9.074911416478497e-12,51000.0,BID
592,1712691824.1045225,2130394.65851225,47470.0,8.167075273559641e-12,51000.0,BID
593,1712691824.5242898,2130396.76510588,47470.0,1.81603558846665e-11,51000.0,BID
594,1712691825.8446236,2130441.0128935,47460.0,-3.8144783071397455e-10,51000.0,ASK
595,1712691827.6543126,2130441.86547407,47470.0,7.349859201685862e-12,51000.0,BID
596,1712691827.7543595,2130447.57795444,47460.0,-4.924569932923849e-11,51000.0,ASK
597,1712691827.7597408,2130486.11326169,47460.0,-3.3220213138473605e-10,51000.0,ASK
598,1712691830.4258294,2130499.94472013,47460.0,-1.1923714385191203e-10,51000.0,ASK
599,1712691830.431645,2130503.05175763,47460.0,-2.678490333814308e-11,51000.0,ASK
600,1712691831.9443097,2130503.8192039,47460.0,6.615940156749728e-12,51000.0,BID
601,1712691832.8144474,2130503.92455577,47460.0,9.082090747356213e-13,51000.0,BID
602,1712691834.9945252,2130530.36104931,47460.0,2.27901634292434e-10,51000.0,BID
603,1712691840.0992854,2130530.36104931,47460.0,0.0,51000.0,BID
604,1712691861.174652,2130538.58961692,47460.0,-7.093038164780881e-11,51000.0,ASK
605,1712691870.096097,2130538.58961692,47460.0,-0.0,51000.0,ASK
606,1712691875.0777974,2130558.98257429,47460.0,-1.7578702009889092e-10,51000.0,ASK
607,1712691875.9144475,2130609.35665751,47470.0,4.342239244012176e-10,51000.0,BID
608,1712691875.9944897,2130618.32398665,47460.0,-7.729825738927766e-11,51000.0,ASK
609,1712691876.001126,2130736.46189893,47460.0,-1.0183472256297368e-09,51000.0,ASK
610,1712691876.0052106,2130740.54395223,47460.0,-3.518724491314043e-11,51000.0,ASK
611,1712691876.0746503,2130821.07066367,47460.0,6.941391768451554e-10,51000.0,BID
612,1712691887.6345265,2130836.07066367,47460.0,-1.292997996126057e-10,51000.0,ASK
613,1712691893.6745927,2130851.07066367,47480.0,1.292997996126057e-10,51000.0,BID
614,1712691900.1162636,2130851.07066367,47480.0,0.0,51000.0,BID
615,1712691901.730936,2130867.99155548,47480.0,1.4588312052152474e-10,51000.0,BID
616,1712691901.833249,2130885.49912739,47480.0,1.5094117093292683e-10,51000.0,BID
617,1712691909.394559,2130917.07142795,47510.0,2.721999395521824e-10,51000.0,BID
618,1712691920.8343573,2130989.01653532,47510.0,6.20273262624511e-10,51000.0,BID
619,1712691921.2141836,2131013.98253532,47510.0,-2.152438552231309e-10,51000.0,ASK
620,1712691923.5045931,2131013.98291747,47510.0,-3.294698858196819e-15,51000.0,ASK
621,1712691923.511108,2131046.81053532,47510.0,-2.8302263173334674e-10,51000.0,ASK
622,1712691923.564311,2131046.81123073,47510.0,-5.9954605806207725e-15,51000.0,ASK
623,1712691930.10313,2131046.81123073,47510.0,-0.0,51000.0,ASK
624,1712691930.446723,2131049.22025668,47460.0,-2.076770275650552e-11,51000.0,ASK
625,1712691960.0941465,2131080.68625668,47460.0,-2.7126172503022873e-10,51000.0,ASK
626,1712691960.147164,2131080.68625668,47460.0,-0.0,51000.0,ASK
627,1712691975.5443883,2131374.68625668,47500.0,2.5344766366439703e-09,51000.0,BID
628,1712691979.397849,2131393.47821458,47470.0,-1.6199924576246542e-10,51000.0,ASK
629,1712691979.4004862,2131404.73025668,47500.0,-9.700012862776303e-11,51000.0,ASK
630,1712691990.147276,2131404.73025668,47500.0,-0.0,51000.0,ASK
631,1712692008.4870374,2131436.30825668,47500.0,-2.721873651338515e-10,51000.0,ASK
632,1712692011.418445,2131436.75458376,47510.0,3.847127490575432e-12,51000.0,BID
633,1712692020.103321,2131436.75458376,47510.0,0.0,51000.0,BID
634,1712692020.924454,2131438.26075683,47500.0,-1.2982326434910232e-11,51000.0,ASK
635,1712692020.934124,2131438.26170419,47500.0,-8.165685842053541e-15,51000.0,ASK
636,1712692021.2141812,2131485.87470419,47500.0,-4.103960699029491e-10,51000.0,ASK
637,1712692022.5742033,2131517.50370419,47500.0,-2.7262338636245727e-10,51000.0,ASK
638,1712692024.164176,2131546.52870419,47500.0,-2.501784371728746e-10,51000.0,ASK
639,1712692027.2748404,2131556.49766796,47500.0,-8.592660727345718e-11,51000.0,ASK
640,1712692027.281116,2131579.64670419,47500.0,-1.9953108375603002e-10,51000.0,ASK
641,1712692031.0050397,2131587.65634131,47510.0,6.903836337718228e-11,51000.0,BID
642,1712692031.5876677,2131587.6563773,47500.0,-3.102128975839219e-16,51000.0,ASK
643,1712692031.5923011,2131642.79134131,47510.0,-4.752309777558701e-10,51000.0,ASK
644,1712692048.0444074,2131656.79134131,47510.0,1.2067176986650443e-10,51000.0,BID
645,1712692048.224476,2131691.17800884,47510.0,-2.9639285933303416e-10,51000.0,ASK
646,1712692048.2314694,2131691.18508295,47480.0,-6.097467137602816e-14,51000.0,ASK
647,1712692048.2381666,2131691.18534131,47500.0,-2.226911819287624e-15,51000.0,ASK
648,1712692048.5848668,2131693.72858341,47500.0,2.192125181208496e-11,51000.0,BID
649,1712692049.134185,2131714.78121498,47500.0,1.8146130799303686e-10,51000.0,BID
650,1712692050.096701,2131714.78121498,47500.0,0.0,51000.0,BID
651,1712692050.3757656,2131714.88647703,47500.0,9.071937156277001e-13,51000.0,BID
652,1712692063.0643506,2131735.39586763,47500.0,1.767587679927755e-10,51000.0,BID
653,1712692063.7843182,2131765.62808263,47500.0,2.6055425933240393e-10,51000.0,BID
654,1712692066.5346427,2131771.98949743,47480.0,-5.482541459450536e-11,51000.0,ASK
655,1712692067.394423,2131772.75233953,47500.0,6.574502009173711e-12,51000.0,BID
656,1712692068.3843317,2131778.98803707,47480.0,-5.3741929062613936e-11,51000.0,ASK
657,1712692068.4541934,2131785.28892407,47480.0,-5.4303759928880357e-11,51000.0,ASK
658,1712692070.8853798,2131785.97545038,47500.0,5.916779638339829e-12,51000.0,BID
659,1712692076.284636,2131786.59328195,47500.0,5.324738764160548e-12,51000.0,BID
660,1712692080.1478896,2131786.59328195,47500.0,0.0,51000.0,BID
661,1712692088.858096,2131808.66686697,47500.0,1.902340777900004e-10,51000.0,BID
662,1712692107.2054152,2131845.79586697,47500.0,-3.1998431917286445e-10,51000.0,ASK
663,1712692108.6642468,2131867.87586697,47500.0,-1.9028936322886526e-10,51000.0,ASK
664,1712692110.14844,2131867.87586697,47500.0,-0.0,51000.0,ASK
665,1712692120.244543,2132020.33729421,47480.0,-1.3138959509440847e-09,51000.0,ASK
666,1712692120.2503502,2132044.29571108,47500.0,-2.0647102343307526e-10,51000.0,ASK
667,1712692120.2557662,2132052.1666749,47480.0,-6.783110771067043e-11,51000.0,ASK
668,1712692120.2583525,2132052.17586697,47470.0,-7.921625661298687e-14,51000.0,ASK
669,1712692140.1045318,2132052.17586697,47470.0,-0.0,51000.0,ASK
670,1712692142.7443807,2132052.28113012,47500.0,9.07077940410468e-13,51000.0,BID
671,1712692144.7143528,2132053.07750747,47500.0,6.8625755933252485e-12,51000.0,BID
672,1712692147.1643188,2132063.08210921,47480.0,-8.621206486395822e-11,51000.0,ASK
673,1712692149.324202,2132150.33294694,47500.0,7.51861501044126e-10,51000.0,BID
674,1712692150.634443,2132152.60217202,47470.0,-1.9554459524661604e-11,51000.0,ASK
675,1712692150.6419668,2132238.48694694,47470.0,-7.40089808515368e-10,51000.0,ASK
676,1712692153.464186,2132238.74715746,47500.0,2.2422967771664042e-12,51000.0,BID
677,1712692160.9490085,2132286.32415746,47470.0,-4.0998247771556124e-10,51000.0,ASK
678,1712692168.3162837,2132286.56159027,47460.0,-2.0460157584482373e-12,51000.0,ASK
679,1712692168.319073,2132308.46899588,47470.0,-1.8878139504777527e-10,51000.0,ASK
680,1712692168.321685,2132352.69415746,47470.0,-3.8109887806884236e-10,51000.0,ASK
681,1712692170.0956516,2132352.69415746,47470.0,-0.0,51000.0,ASK
682,1712692172.2843902,2132387.55615746,47470.0,-3.003773251459164e-10,51000.0,ASK
683,1712692174.296701,2132387.7638052,47460.0,-1.789130649024271e-12,51000.0,ASK
684,1712692174.2994452,2132445.75615746,47470.0,-4.996726421537201e-10,51000.0,ASK
685,1712692179.0808766,2132446.38826871,47460.0,-5.44638536101544e-12,51000.0,ASK
686,1712692179.084169,2132585.8454416,47460.0,-1.201588335861135e-09,51000.0,ASK
687,1712692179.087338,2132640.15215746,47460.0,-4.679165293845216e-10,51000.0,ASK
688,1712692184.6959524,2132642.25742061,47500.0,1.813932975190547e-11,51000.0,BID
689,1712692185.4949543,2132710.38195706,47460.0,-5.869733817780646e-10,51000.0,ASK
690,1712692185.5028718,2132772.38477668,47460.0,-5.342275574762456e-10,51000.0,ASK
691,1712692185.5062337,2132778.69824097,47470.0,-5.439795524705274e-11,51000.0,ASK
692,1712692185.5094397,2132778.79042061,47460.0,-7.942365255840141e-13,51000.0,ASK
693,1712692187.625044,2132811.39942061,47460.0,-2.8096506785838987e-10,51000.0,ASK
694,1712692200.125932,2132811.39942061,47460.0,-0.0,51000.0,ASK
695,1712692204.704977,2132830.80676319,47460.0,-1.6729184422405446e-10,51000.0,ASK
696,1712692204.711582,2132836.51542061,47460.0,-4.920878909383464e-11,51000.0,ASK
697,1712692213.834371,2132836.51570812,47460.0,-2.478344270683456e-15,51000.0,ASK
698,1712692213.84162,2132838.98885452,47460.0,-2.13185922072953e-11,51000.0,ASK
699,1712692216.304582,2132841.21494504,47460.0,-1.9188963506845808e-11,51000.0,ASK
700,1712692218.314253,2133047.19198287,47460.0,-1.775527916039024e-09,51000.0,ASK
701,1712692221.4045143,2133392.39455304,47450.0,-2.975655958951918e-09,51000.0,ASK
702,1712692221.7042675,2133404.28469324,47470.0,1.0249334621571208e-10,51000.0,BID
703,1712692221.7845883,2133527.68908642,47470.0,-1.0637493740134339e-09,51000.0,ASK
704,1712692225.4145384,2134391.19008249,47450.0,-7.443403110382291e-09,51000.0,ASK
705,1712692225.4223137,2134442.54893599,47450.0,-4.4271477580973614e-10,51000.0,ASK
706,1712692225.4288726,2134459.92512143,47450.0,-1.4978321199312072e-10,51000.0,ASK
707,1712692226.6645985,2134462.24286268,47450.0,1.997899540240564e-11,51000.0,BID
708,1712692229.834151,2134512.24286268,47440.0,-4.310014200481037e-10,51000.0,ASK
709,1712692229.8377094,2134517.27407663,47440.0,-4.3369207139455616e-11,51000.0,ASK
710,1712692230.1073833,2134517.27407663,47440.0,-0.0,51000.0,ASK
711,1712692231.4404771,2134519.27407663,47430.0,-1.722803548618176e-11,51000.0,ASK
712,1712692231.4453063,2134586.50407663,47430.0,-5.79120412867839e-10,51000.0,ASK
713,1712692233.0242767,2134600.03246651,47440.0,1.1653379046149558e-10,51000.0,BID
714,1712692238.365021,2134601.08637588,47440.0,9.078394014598862e-12,51000.0,BID
715,1712692252.5945663,2134619.83855872,47430.0,-1.615316357046172e-10,51000.0,ASK
716,1712692252.6010053,2134632.39064811,47430.0,-1.0812392071728267e-10,51000.0,ASK
717,1712692252.6051495,2134800.1442498,47430.0,-1.4450325014275463e-09,51000.0,ASK
718,1712692252.6743796,2134819.91925057,47430.0,1.7034220749935758e-10,51000.0,BID
719,1712692256.764903,2134822.23796895,47440.0,1.997348126908984e-11,51000.0,BID
720,1712692257.8544776,2134850.30573737,47440.0,2.417762551796449e-10,51000.0,BID
721,1712692260.145699,2134850.30573737,47440.0,0.0,51000.0,BID
722,1712692267.894509,2134852.41366317,47440.0,1.8155239887948764e-11,51000.0,BID
723,1712692288.4443314,2134962.88061563,47430.0,-9.51434828454243e-10,51000.0,ASK
724,1712692290.1490357,2134962.88061563,47430.0,-0.0,51000.0,ASK
725,1712692312.704271,2134970.87278312,47440.0,6.883214082071541e-11,51000.0,BID
726,1712692320.1101806,2134970.87278312,47440.0,0.0,51000.0,BID
727,1712692331.9543338,2135055.18981517,47430.0,-7.2617382954389e-10,51000.0,ASK
728,1712692340.444337,2135063.17397654,47440.0,6.876296397938421e-11,51000.0,BID
729,1712692346.284404,2135075.48572349,47440.0,1.0603395557816263e-10,51000.0,BID
730,1712692346.2916512,2135084.25323455,47440.0,7.550950178374723e-11,51000.0,BID
731,1712692350.106405,2135084.25323455,47440.0,0.0,51000.0,BID
732,1712692365.7346182,2135184.83768826,47430.0,-8.662356021027421e-10,51000.0,ASK
733,1712692365.7430043,2135196.59044675,47430.0,-1.0121502331416316e-10,51000.0,ASK
734,1712692366.7343347,2135202.91422415,47440.0,5.446051473734901e-11,51000.0,BID
735,1712692369.964371,2135208.52901314,47440.0,4.835469043220691e-11,51000.0,BID
736,1712692369.9742897,2135282.91422415,47440.0,6.40607128340449e-10,51000.0,BID
737,1712692370.0645454,2135406.58488215,47440.0,1.0650545183045343e-09,51000.0,BID
738,1712692370.994334,2135486.58488215,47440.0,6.88961818772656e-10,51000.0,BID
739,1712692371.1174574,2135721.98702602,47440.0,2.027288614795849e-09,51000.0,BID
740,1712692380.1479845,2135721.98702602,47440.0,0.0,51000.0,BID
741,1712692410.1498127,2135721.98702602,47440.0,0.0,51000.0,BID
742,1712692410.6943183,2135743.04852559,47480.0,1.8133486827332087e-10,51000.0,BID
743,1712692428.6744804,2135761.87340127,47480.0,1.6207802964396956e-10,51000.0,BID
744,1712692429.464898,2135762.84188835,47440.0,-8.338460256645209e-12,51000.0,ASK
745,1712692429.4724302,2135763.0525921,47460.0,-1.814112838901285e-12,51000.0,ASK
746,1712692429.47716,2135772.41305412,47450.0,-8.059151446805773e-11,51000.0,ASK
747,1712692429.4804635,2135910.77097621,47440.0,-1.1912312080807551e-09,51000.0,ASK
748,1712692429.4838233,2135922.66111641,47450.0,-1.0237148593125079e-10,51000.0,ASK
749,1712692429.487175,2136145.34383671,47440.0,-1.917249131195265e-09,51000.0,ASK
750,1712692429.4905007,2136192.43067826,47430.0,-4.0540732541476803e-10,51000.0,ASK
751,1712692429.9244487,2136252.54430301,47480.0,5.175650570016926e-10,51000.0,BID
752,1712692430.492927,2136326.52382161,47480.0,-6.369473462995378e-10,51000.0,ASK
753,1712692431.4240837,2136355.01364421,47480.0,-2.4529109198184367e-10,51000.0,ASK
754,1712692440.1015875,2136355.01364421,47480.0,-0.0,51000.0,ASK
755,1712692441.004707,2136375.01364421,47490.0,1.7215106824853902e-10,51000.0,BID
756,1712692453.084726,2136375.11890736,47500.0,9.060581845344557e-13,51000.0,BID
757,1712692456.024277,2136377.11890736,47490.0,-1.7215106824853898e-11,51000.0,ASK
758,1712692466.3847592,2136382.7198261,47490.0,4.82102072135066e-11,51000.0,BID
759,1712692470.1015034,2136382.7198261,47490.0,0.0,51000.0,BID
760,1712692470.9043534,2136383.14087873,47500.0,3.6241919567477643e-12,51000.0,BID
761,1712692474.4141169,2136384.40403662,47500.0,1.087257587024329e-11,51000.0,BID
762,1712692480.2443025,2136392.09661105,47500.0,6.621349537989848e-11,51000.0,BID
763,1712692485.7043226,2136392.6789704,47530.0,-5.01263243803847e-12,51000.0,ASK
764,1712692487.454594,2136403.20528618,47500.0,-9.060479916719992e-11,51000.0,ASK
765,1712692493.2574098,2136447.83092202,47530.0,-3.84113193766902e-10,51000.0,ASK
766,1712692500.1452332,2136447.83092202,47530.0,-0.0,51000.0,ASK
767,1712692503.2345312,2136464.15634624,47500.0,-1.4059456397339058e-10,51000.0,ASK
768,1712692530.1578283,2136464.15634624,47500.0,-0.0,51000.0,ASK
769,1712692551.524524,2136494.15634624,47530.0,2.5835829408350097e-10,51000.0,BID
770,1712692555.4575536,2136496.55121264,47530.0,2.062445325481652e-11,51000.0,BID
771,1712692560.105842,2136496.55121264,47530.0,0.0,51000.0,BID
772,1712692561.034295,2136498.65514699,47530.0,1.811872272879071e-11,51000.0,BID
773,1712692561.6943164,2136499.78534624,47530.0,9.733082610888738e-12,51000.0,BID
774,1712692571.344821,2136537.179956,47540.0,3.220359826374049e-10,51000.0,BID
775,1712692571.3542175,2136541.83415776,47540.0,4.0081189422186994e-11,51000.0,BID
776,1712692590.095775,2136541.83415776,47540.0,0.0,51000.0,BID
777,1712692591.8046482,2136542.12389704,47550.0,2.495138860450275e-12,51000.0,BID
778,1712692593.424594,2136548.46371107,47550.0,-5.4596381802649566e-11,51000.0,ASK
779,1712692620.1451137,2136548.46371107,47550.0,-0.0,51000.0,ASK
780,1712692620.1981916,2136556.81633014,47550.0,-7.192979788924119e-11,51000.0,ASK
781,1712692620.2034216,2136575.60535867,47560.0,-1.6180446077538147e-10,51000.0,ASK
782,1712692620.2089171,2136588.53371107,47550.0,-1.1133439312663736e-10,51000.0,ASK
783,1712692650.155171,2136588.53371107,47550.0,-0.0,51000.0,ASK
784,1712692650.967019,2136603.95371107,47560.0,-1.3278940097363902e-10,51000.0,ASK
785,1712692657.4240756,2136603.95659256,47560.0,-2.4813961763654903e-14,51000.0,ASK
786,1712692657.431646,2136607.80736568,47550.0,-3.31609504495696e-11,51000.0,ASK
787,1712692673.503672,2136614.15796568,47570.0,5.4688221130217836e-11,51000.0,BID
788,1712692673.510507,2136658.59216877,47570.0,3.826453444259537e-10,51000.0,BID
789,1712692675.3635669,2136675.32722369,47570.0,1.4411400247440047e-10,51000.0,BID
790,1712692678.3632472,2136677.08110319,47570.0,-1.5103541383646898e-11,51000.0,ASK
791,1712692679.1437232,2136677.58110319,47580.0,4.305752301370967e-12,51000.0,BID
792,1712692679.152141,2136686.47229696,47580.0,7.656655607713479e-11,51000.0,BID
793,1712692680.135463,2136686.47229696,47580.0,0.0,51000.0,BID
794,1712692681.4434628,2136686.57843399,47580.0,9.139628533345766e-13,51000.0,BID
795,1712692683.2933242,2136687.57843399,47580.0,8.61115912916913e-12,51000.0,BID
796,1712692685.5849478,2136689.78524358,47580.0,1.9003188548170376e-11,51000.0,BID
797,1712692686.1840744,2136731.81971184,47580.0,3.6196549509396175e-10,51000.0,BID
798,1712692686.3833385,2136731.96991967,47570.0,-1.293463527673632e-12,51000.0,ASK
799,1712692691.0434418,2136734.17672926,47580.0,1.9003188548170376e-11,51000.0,BID
800,1712692692.493081,2136906.14572926,47570.0,-1.480852424284439e-09,51000.0,ASK
801,1712692696.6630087,2136915.53758701,47570.0,-8.087478160189743e-11,51000.0,ASK
802,1712692696.669757,2136920.14572926,47570.0,-3.9681446206470375e-11,51000.0,ASK
803,1712692710.0959046,2136920.14572926,47570.0,-0.0,51000.0,ASK
804,1712692732.552281,2136922.03900474,47590.0,1.630173595779064e-11,51000.0,BID
805,1712692734.6228614,2136922.46757616,47600.0,3.69014346124567e-12,51000.0,BID
806,1712692739.7828207,2136923.26896422,47610.0,6.900219587235351e-12,51000.0,BID
807,1712692739.787643,2136924.39081297,47600.0,9.659493459221214e-12,51000.0,BID
808,1712692739.7921767,2136928.89601725,47630.0,3.879131768782562e-11,51000.0,BID
809,1712692739.7967026,2136929.41785223,47630.0,4.493173943514581e-12,51000.0,BID
810,1712692739.8005035,2137009.67433321,47620.0,6.910351799350726e-10,51000.0,BID
811,1712692739.8043215,2137009.78978242,47640.0,9.940563605871053e-13,51000.0,BID
812,1712692739.8081625,2137010.28978242,47630.0,4.305167454984524e-12,51000.0,BID
813,1712692739.8118274,2137015.48347899,47640.0,4.4719466889465145e-11,51000.0,BID
814,1712692739.8155844,2137022.46757616,47650.0,6.013541567899836e-11,51000.0,BID
815,1712692740.1435115,2137022.46757616,47650.0,0.0,51000.0,BID
816,1712692750.0319712,2137039.81431912,47620.0,1.4935500002264016e-10,51000.0,BID
817,1712692751.043157,2137067.12431912,47600.0,-2.351383807383527e-10,51000.0,ASK
818,1712692753.8720207,2137088.11340458,47620.0,1.8071547302279068e-10,51000.0,BID
819,1712692754.491739,2137090.21204046,47620.0,1.8069199657511088e-11,51000.0,BID
820,1712692756.3539054,2137091.83926462,47620.0,1.4010357160552936e-11,51000.0,BID
821,1712692760.5017982,2137143.16252174,47630.0,4.4189189210389724e-10,51000.0,BID
822,1712692768.4617362,2137164.15769285,47630.0,1.8076787030956468e-10,51000.0,BID
823,1712692768.9016192,2137165.15769285,47630.0,8.609973663049122e-12,51000.0,BID
824,1712692770.141997,2137165.15769285,47630.0,0.0,51000.0,BID
825,1712692770.5518365,2137167.25720996,47630.0,1.8075729490057083e-11,51000.0,BID
826,1712692771.0512516,2137169.35672707,47630.0,1.8075729494066185e-11,51000.0,BID
827,1712692771.0916214,2137179.36970122,47630.0,8.620640016764684e-11,51000.0,BID
828,1712692771.098259,2137184.96793034,47630.0,4.8197785445193336e-11,51000.0,BID
829,1712692771.3317463,2137184.9688547,47600.0,-7.958249714088591e-15,51000.0,ASK
830,1712692771.3515513,2137254.57140834,47600.0,-5.992410947884247e-10,51000.0,ASK
831,1712692771.3569093,2137254.71918961,47600.0,-1.272318405684405e-12,51000.0,ASK
832,1712692771.3622577,2137275.73200742,47600.0,-1.809092237396113e-10,51000.0,ASK
833,1712692772.4817555,2137277.83152453,47620.0,1.8075729490057083e-11,51000.0,BID
834,1712692775.5715835,2137278.83152453,47600.0,-8.609469961283518e-12,51000.0,ASK
835,1712692779.0213385,2137280.93148253,47610.0,1.8079525323014547e-11,51000.0,BID
836,1712692780.1820643,2137301.90566896,47610.0,1.8057662802932648e-10,51000.0,BID
837,1712692782.251454,2137304.00650929,47600.0,-1.808712171565468e-11,51000.0,ASK
1038,1712692782.2584858,2137354.00650896,47590.0,-4.304734952217263e-10,51000.0,ASK
838,1712692782.2584858,2137354.00650896,47590.0,-4.3047349522172625e-10,51000.0,ASK
839,1712692782.891215,2137354.00650929,47590.0,-2.842449677432894e-18,51000.0,ASK
840,1712692783.361322,2137375.01050004,47600.0,1.8083322742772547e-10,51000.0,BID
841,1712692788.1913052,2137375.22033001,47610.0,1.8065248259558365e-12,51000.0,BID
842,1712692800.1330516,2137375.22033001,47610.0,0.0,51000.0,BID
1043,1712692802.4008634,2137377.32249524,47570.0,-1.8102721124552958e-11,51000.0,ASK
843,1712692802.4008634,2137377.32249524,47570.0,-1.810272112455296e-11,51000.0,ASK
844,1712692802.4107766,2137423.18233001,47570.0,-3.949203364065563e-10,51000.0,ASK
845,1712692804.655874,2137430.28619906,47570.0,-6.117471571793921e-11,51000.0,ASK
846,1712692804.6634212,2137456.53517697,47560.0,-2.2604213989413223e-10,51000.0,ASK
847,1712692805.6209238,2137458.64088343,47560.0,-1.813321630270595e-11,51000.0,ASK
848,1712692810.7508926,2137471.97267584,47610.0,1.1480625627720439e-10,51000.0,BID
849,1712692818.8607695,2137481.78567584,47560.0,-8.450430056297528e-11,51000.0,ASK
850,1712692820.4708,2137531.78567584,47560.0,-4.3057322206394334e-10,51000.0,ASK
851,1712692820.8708012,2137532.83601211,47580.0,9.044933441587967e-12,51000.0,BID
852,1712692821.2605982,2137535.80001211,47560.0,-2.5524380601255823e-11,51000.0,ASK
853,1712692821.2704246,2137748.0691694,47560.0,-1.8279482999830047e-09,51000.0,ASK
854,1712692822.18074,2137792.14425833,47560.0,-3.7955106106962235e-10,51000.0,ASK
1054,1712692822.18074,2137792.14425833,47560.0,-3.795510610696224e-10,51000.0,ASK
855,1712692822.3806834,2138001.93683733,47560.0,-1.8066213341016917e-09,51000.0,ASK
856,1712692822.4606774,2138003.93683733,47560.0,-1.7222928882557734e-11,51000.0,ASK
857,1712692822.4678907,2138037.46103062,47560.0,-2.8869239844073265e-10,51000.0,ASK
858,1712692822.4734154,2138208.48710294,47560.0,-1.4727849403158075e-09,51000.0,ASK
859,1712692822.5405445,2138229.20071794,47550.0,-1.7837455902096575e-10,51000.0,ASK
860,1712692822.5808675,2138250.1216526,47560.0,1.8015988490200056e-10,51000.0,BID
861,1712692822.5879602,2138259.16829029,47550.0,-7.790479878194967e-11,51000.0,ASK
862,1712692822.5934813,2138290.44218847,47550.0,-2.693140621181804e-10,51000.0,ASK
863,1712692822.599068,2138313.78603704,47550.0,-2.0102472188129606e-10,51000.0,ASK
864,1712692822.700705,2138315.88952883,47540.0,-1.8114144753200768e-11,51000.0,ASK
865,1712692822.70796,2138422.41692049,47540.0,-9.173568453025111e-10,51000.0,ASK
866,1712692823.0005195,2138440.59832799,47560.0,1.5656854417915387e-10,51000.0,BID
867,1712692823.0404224,2138470.13071096,47530.0,-2.543170658101844e-10,51000.0,ASK
868,1712692825.210677,2138482.84768094,47540.0,1.0951173478295168e-10,51000.0,BID
869,1712692825.218083,2138515.44850615,47560.0,2.807408470531402e-10,51000.0,BID
870,1712692825.2223823,2138528.16547613,47540.0,1.0951173478295168e-10,51000.0,BID
871,1712692825.2255943,2138540.88244611,47550.0,1.0951173478295168e-10,51000.0,BID
872,1712692830.0994098,2138540.88244611,47550.0,0.0,51000.0,BID
873,1712692839.900436,2138560.88244611,47550.0,-1.721471084973802e-10,51000.0,ASK
874,1712692843.970304,2138562.98549553,47550.0,-1.810169383646607e-11,51000.0,ASK
875,1712692855.5502892,2138563.19580047,47550.0,-1.8101693672133468e-12,51000.0,ASK
876,1712692855.5602582,2138657.52852895,47550.0,-8.119553222249276e-10,51000.0,ASK
877,1712692860.1399713,2138657.52852895,47550.0,-0.0,51000.0,ASK
878,1712692866.09013,2138688.02274556,47550.0,2.624620305948076e-10,51000.0,BID
879,1712692872.189611,2138688.96568982,47550.0,8.115868931633479e-12,51000.0,BID
880,1712692874.2601874,2138695.66477652,47520.0,-5.7658667574266506e-11,51000.0,ASK
881,1712692874.268246,2138716.69803093,47520.0,-1.8103205382027147e-10,51000.0,ASK
882,1712692874.2723775,2138717.53978177,47520.0,-7.244902782672299e-12,51000.0,ASK
883,1712692874.3598502,2138749.93026803,47520.0,2.7878311827237527e-10,51000.0,BID
884,1712692874.419792,2138752.62549006,47520.0,2.3197626485433438e-11,51000.0,BID
1084,1712692874.419792,2138752.62549006,47520.0,2.319762648543344e-11,51000.0,BID
885,1712692880.1002524,2138832.62549006,47580.0,6.88555561741297e-10,51000.0,BID
886,1712692880.1088452,2138864.62549006,47590.0,2.7542222469651896e-10,51000.0,BID
887,1712692880.1134346,2138875.24931762,47550.0,9.143869441664183e-11,51000.0,BID
888,1712692880.1172528,2138952.03363297,47600.0,6.608783423592506e-10,51000.0,BID
889,1712692880.121112,2138962.03363297,47560.0,8.606944521766218e-11,51000.0,BID
890,1712692880.1252265,2138962.33372417,47590.0,2.582868310236183e-12,51000.0,BID
891,1712692884.7095604,2138963.33330426,47600.0,8.60333037912549e-12,51000.0,BID
892,1712692890.1584742,2138963.33330426,47600.0,0.0,51000.0,BID
893,1712692893.0918126,2138967.4197207,47600.0,3.516715654502665e-11,51000.0,BID
894,1712692893.0987148,2138969.63582526,47600.0,1.907150118610426e-11,51000.0,BID
895,1712692899.6492712,2138973.63422589,47590.0,-3.4409704185889886e-11,51000.0,ASK
896,1712692899.6690876,2138977.74268932,47590.0,-3.5356890007499196e-11,51000.0,ASK
1096,1712692899.6690876,2138977.74268932,47590.0,-3.53568900074992e-11,51000.0,ASK
897,1712692911.2292645,2138977.99538257,47600.0,2.174644513550375e-12,51000.0,BID
898,1712692913.6592786,2138982.07784837,47590.0,-3.513315786166693e-11,51000.0,ASK
899,1712692920.093743,2138982.07784837,47590.0,-0.0,51000.0,ASK
900,1712692931.179803,2138986.0268358,47600.0,3.3984199844675834e-11,51000.0,BID
901,1712692931.1875794,2138991.39613618,47600.0,4.620713040300327e-11,51000.0,BID
1101,1712692931.1875794,2138991.39613618,47600.0,4.6207130403003266e-11,51000.0,BID
902,1712692946.8283677,2138991.62383745,47600.0,1.959551809809739e-12,51000.0,BID
903,1712692950.1022866,2138991.62383745,47600.0,0.0,51000.0,BID
904,1712692951.0286732,2139011.62383745,47590.0,-1.7211534630953935e-10,51000.0,ASK
905,1712692951.0686564,2139013.57865083,47600.0,1.6822669091691358e-11,51000.0,BID
906,1712692959.979899,2139014.13046652,47630.0,4.748797429230134e-12,51000.0,BID
907,1712692970.0285006,2139014.97027336,47630.0,7.227182257476368e-12,51000.0,BID
908,1712692971.461867,2139017.29818766,47610.0,-2.0033488795388528e-11,51000.0,ASK
909,1712692971.5987396,2139022.68027336,47610.0,4.6316977206618286e-11,51000.0,BID
910,1712692980.162639,2139022.68027336,47610.0,0.0,51000.0,BID
911,1712693001.197918,2139115.73592106,47630.0,8.00805064384726e-10,51000.0,BID
912,1712693008.3879514,2139117.83543817,47620.0,1.806772588066805e-11,51000.0,BID
913,1712693009.0880885,2139125.33607717,47610.0,-6.454793283112572e-11,51000.0,ASK
914,1712693009.092354,2139125.33607768,47610.0,-4.388017271240946e-18,51000.0,ASK
915,1712693009.8576982,2139169.82757368,47600.0,-3.8287859146023135e-10,51000.0,ASK
916,1712693009.9378252,2139333.46529791,47600.0,-1.408210264788648e-09,51000.0,ASK
917,1712693009.9462385,2139338.46529768,47600.0,-4.302828723102925e-11,51000.0,ASK
918,1712693009.9530978,2139338.46529791,47600.0,-1.9796169241945454e-18,51000.0,ASK
919,1712693010.1406791,2139338.46529791,47600.0,-0.0,51000.0,ASK
1120,1712693010.1832955,2139343.84738421,47590.0,-4.6310401545064356e-11,51000.0,ASK
920,1712693010.1832955,2139343.84738421,47590.0,-4.631040154506436e-11,51000.0,ASK
921,1712693010.5977852,2139373.84738421,47590.0,-2.581363376274331e-10,51000.0,ASK
922,1712693010.6034138,2139473.65016621,47590.0,-8.58757487679995e-10,51000.0,ASK
923,1712693012.4978764,2139475.65016621,47610.0,1.7209089175162205e-11,51000.0,BID
924,1712693013.647931,2139475.79584363,47590.0,-1.2534878584670053e-12,51000.0,ASK
925,1712693013.6562233,2139556.66442121,47590.0,-6.958372815210934e-10,51000.0,ASK
926,1712693013.6683185,2139556.66442145,47590.0,-2.063503704315176e-18,51000.0,ASK
927,1712693014.0478923,2139567.16641682,47590.0,9.036488742195222e-11,51000.0,BID
928,1712693016.3579907,2139600.84983056,47590.0,2.8983043538589464e-10,51000.0,BID
929,1712693016.3671806,2139987.06983903,47590.0,3.323247283497081e-09,51000.0,BID
930,1712693018.047487,2139987.69990852,47590.0,5.421461020465513e-12,51000.0,BID
931,1712693020.357825,2139994.29183119,47590.0,5.672049253308167e-11,51000.0,BID
932,1712693030.6978614,2140004.84246101,47630.0,9.078336471104427e-11,51000.0,BID
933,1712693030.7069824,2140084.84246101,47630.0,6.88363567006488e-10,51000.0,BID
934,1712693030.7146957,2140086.94285991,47620.0,1.8072975986647367e-11,51000.0,BID
935,1712693030.7189777,2140090.7962883,47590.0,3.31569963957482e-11,51000.0,BID
936,1712693030.7231493,2140095.7530888,47630.0,4.26510109134004e-11,51000.0,BID
937,1712693040.0951898,2140095.7530888,47630.0,0.0,51000.0,BID
938,1712693049.227219,2140106.25067435,47610.0,9.029893800204954e-11,51000.0,BID
939,1712693059.297229,2140112.18058193,47610.0,5.100833466364163e-11,51000.0,BID
940,1712693068.0905037,2140117.04381444,47610.0,4.1832927083449485e-11,51000.0,BID
941,1712693069.9772077,2140166.27195978,47610.0,4.2345444318246543e-10,51000.0,BID
942,1712693070.102217,2140166.27195978,47610.0,0.0,51000.0,BID
943,1712693075.6771145,2140166.37697973,47610.0,9.033425895837485e-13,51000.0,BID
944,1712693075.836964,2140191.82962389,47610.0,2.1893418745536136e-10,51000.0,BID
945,1712693075.8447917,2140208.38496124,47610.0,1.424028603063542e-10,51000.0,BID
946,1712693088.3168576,2140213.72158169,47610.0,4.590362614734172e-11,51000.0,BID
947,1712693089.677028,2140214.1416615,47610.0,3.6133704344384553e-12,51000.0,BID
948,1712693090.7268715,2140214.38733467,47600.0,2.1131893206071413e-12,51000.0,BID
949,1712693095.786838,2140214.42248254,47610.0,3.02328917262434e-13,51000.0,BID
950,1712693095.7948563,2140216.48773374,47600.0,1.7764523423158546e-11,51000.0,BID
951,1712693100.1448295,2140216.48773374,47600.0,0.0,51000.0,BID
952,1712693107.8717115,2140218.58857407,47600.0,-1.8080184669465543e-11,51000.0,ASK
953,1712693119.2864184,2140229.09277575,47600.0,9.040092359980395e-11,51000.0,BID
954,1712693119.606258,2140231.19361608,47600.0,1.8080184669465543e-11,51000.0,BID
955,1712693125.0870297,2140249.37839365,47600.0,1.5650124948743163e-10,51000.0,BID
956,1712693127.6364105,2140335.49625467,47600.0,-7.41144773476225e-10,51000.0,ASK
957,1712693127.6427798,2140335.82039365,47580.0,-2.789594492740531e-12,51000.0,ASK
958,1712693130.1592374,2140335.82039365,47580.0,-0.0,51000.0,ASK
959,1712693132.0764148,2140365.30439365,47580.0,-2.537318514888004e-10,51000.0,ASK
960,1712693144.076288,2140386.32604596,47580.0,-1.8090702625079803e-10,51000.0,ASK
961,1712693160.0927043,2140386.32604596,47580.0,-0.0,51000.0,ASK
962,1712693171.66599,2140386.9910113,47610.0,5.722405295750899e-12,51000.0,BID
963,1712693175.2961104,2140407.98568094,47610.0,1.8067108391215868e-10,51000.0,BID
964,1712693177.1259327,2140412.88870868,47580.0,-4.219334485368749e-11,51000.0,ASK
965,1712693189.005739,2140413.41076288,47610.0,4.492573581928732e-12,51000.0,BID
966,1712693189.0136695,2140423.38020731,47610.0,8.579274463719305e-11,51000.0,BID
967,1712693190.096253,2140423.38020731,47610.0,0.0,51000.0,BID
968,1712693202.2757,2140425.48104764,47600.0,1.8078652550317608e-11,51000.0,BID
969,1712693214.8355944,2140426.56759248,47580.0,-9.350194949803456e-12,51000.0,ASK
970,1712693216.1456566,2140427.40942743,47580.0,-7.2443590042671734e-12,51000.0,ASK
971,1712693220.1580591,2140427.40942743,47580.0,-0.0,51000.0,ASK
1172,1712693227.825419,2140469.43506306,47590.0,3.6164843189932e-10,51000.0,BID
972,1712693227.825419,2140469.43506306,47590.0,3.6164843189932003e-10,51000.0,BID
973,1712693229.8654482,2140514.66026516,47590.0,3.891820593932901e-10,51000.0,BID
974,1712693229.8753707,2140731.45159667,47600.0,1.8655814222643683e-09,51000.0,BID
975,1712693236.6354516,2140944.4538382,47600.0,1.83297469474963e-09,51000.0,BID
976,1712693236.6427052,2141009.56465507,47600.0,5.603062147166465e-10,51000.0,BID
977,1712693242.9754624,2141151.61966389,47600.0,-1.2224436445306323e-09,51000.0,ASK
978,1712693250.1362813,2141151.61966389,47600.0,-0.0,51000.0,ASK
1179,1712693252.004968,2141155.82134456,47600.0,3.6146522937618835e-11,51000.0,BID
979,1712693252.004968,2141155.82134456,47600.0,3.614652293761884e-11,51000.0,BID
980,1712693264.795225,2141176.81924896,47600.0,1.8064229355802238e-10,51000.0,BID
981,1712693270.2349627,2141184.64001614,47580.0,-6.728106261871681e-11,51000.0,ASK
982,1712693280.104915,2141184.64001614,47580.0,-0.0,51000.0,ASK
983,1712693281.7351148,2141186.4569208,47620.0,1.5630387738669003e-11,51000.0,BID
984,1712693282.6146858,2141564.76713517,47580.0,-3.254510523736008e-09,51000.0,ASK
985,1712693282.6204748,2141658.20905152,47580.0,-8.038580206628634e-10,51000.0,ASK
986,1712693310.1001778,2141658.20905152,47580.0,-0.0,51000.0,ASK
987,1712693313.6846657,2141742.00278618,47580.0,-7.207173613477161e-10,51000.0,ASK
988,1712693313.6931932,2141759.74657558,47580.0,-1.5261591011025528e-10,51000.0,ASK
989,1712693315.484982,2141780.93127635,47580.0,1.8221149471076188e-10,51000.0,BID
990,1712693317.3143034,2141800.93127635,47580.0,1.7202177806560136e-10,51000.0,BID
991,1712693340.1362412,2141800.93127635,47580.0,0.0,51000.0,BID
992,1712693367.4440606,2141821.93077418,47570.0,-1.806079988808487e-10,51000.0,ASK
993,1712693367.454049,2141824.03293942,47570.0,-1.8079854116267848e-11,51000.0,ASK
994,1712693370.137925,2141824.03293942,47570.0,-0.0,51000.0,ASK
995,1712693379.854108,2141824.45385917,47580.0,3.620122529306569e-12,51000.0,BID
996,1712693380.3742747,2141834.45385917,47580.0,-8.600505275147502e-11,51000.0,ASK
997,1712693383.3638186,2141839.45385917,47580.0,-4.300252637573751e-11,51000.0,ASK
1198,1712693384.6879811,2141842.64611364,47600.0,2.745500141053064e-11,51000.0,BID
998,1712693384.6879811,2141842.64611364,47600.0,2.7455001410530637e-11,51000.0,BID
999,1712693384.7438583,2141843.25140999,47580.0,-5.205854447922158e-12,51000.0,ASK
1000,1712693386.7743137,2141843.85670634,47580.0,-5.205854451927081e-12,51000.0,ASK
1201,1712693390.6739326,2141844.46200269,47580.0,-5.205854451927081e-12,51000.0,ASK
1202,1712693397.63386,2141845.06729904,47580.0,-5.205854451927081e-12,51000.0,ASK
1203,1712693400.1137168,2141845.06729904,47580.0,-0.0,51000.0,ASK
1204,1712693400.549241,2141845.67259539,47580.0,-5.2097888394405006e-12,51000.0,ASK
1205,1712693403.1739268,2141845.97250261,47580.0,-2.581303005921787e-12,51000.0,ASK
1206,1712693403.3740933,2141846.11996826,47580.0,-1.2692376179427137e-12,51000.0,ASK
1207,1712693404.3737812,2141846.72526461,47580.0,-5.209788835432552e-12,51000.0,ASK
1208,1712693407.533629,2141847.33056096,47580.0,-5.2097888394405006e-12,51000.0,ASK
1209,1712693411.8638897,2141847.93585731,47580.0,-5.2097888394405006e-12,51000.0,ASK
1210,1712693412.074506,2141848.54102647,47590.0,5.208694112224047e-12,51000.0,BID
1211,1712693412.0761366,2141851.92829269,47590.0,2.9154218007464216e-11,51000.0,BID
1212,1712693414.1340654,2141852.2348634,47580.0,-2.638655699822997e-12,51000.0,ASK
1213,1712693417.993735,2141852.8286381,47570.0,-5.110621937741626e-12,51000.0,ASK
1214,1712693417.9970012,2141852.84028699,47570.0,-1.0026205776588609e-13,51000.0,ASK
1215,1712693418.433715,2141854.18538997,47580.0,1.1577308356630895e-11,51000.0,BID
1216,1712693420.1371284,2141854.59161527,47570.0,-3.496383273367613e-12,51000.0,ASK
1217,1712693421.4471512,2141854.79081356,47570.0,1.714500722139899e-12,51000.0,BID
1218,1712693422.4037406,2141855.39623715,47570.0,-5.210883991499563e-12,51000.0,ASK
1219,1712693425.1137292,2141856.00166074,47570.0,-5.210883995507512e-12,51000.0,ASK
1220,1712693426.233558,2141856.60708433,47570.0,-5.210883995507512e-12,51000.0,ASK
1221,1712693427.2640443,2141856.6937805,47570.0,-7.461943852929674e-13,51000.0,ASK
1222,1712693427.2666786,2141857.21250792,47570.0,-4.464689606206596e-12,51000.0,ASK
1223,1712693428.383876,2141857.81793151,47570.0,-5.210883995507512e-12,51000.0,ASK
1224,1712693429.5404828,2141858.4233551,47570.0,-5.210883995507512e-12,51000.0,ASK
1225,1712693430.0964763,2141858.4233551,47570.0,-0.0,51000.0,ASK
1226,1712693432.2839692,2141859.02877869,47570.0,-5.210855490640494e-12,51000.0,ASK
1227,1712693434.843832,2141909.02877869,47570.0,-4.303479067605689e-10,51000.0,ASK
1228,1712693437.193321,2141909.63420228,47570.0,-5.210855494648422e-12,51000.0,ASK
1229,1712693438.603448,2141910.08429332,47570.0,-3.873914736264443e-12,51000.0,ASK
1230,1712693439.883524,2141910.29455404,47560.0,-1.8097052144524442e-12,51000.0,ASK
1231,1712693439.886966,2141910.68984421,47560.0,-3.402245947295657e-12,51000.0,ASK
1232,1712693441.1539695,2141910.84517676,47570.0,1.3369407543760514e-12,51000.0,BID
1233,1712693441.333595,2141911.45072765,47570.0,-5.211951157740174e-12,51000.0,ASK
1234,1712693442.6333227,2141912.05615124,47570.0,-5.210855494648422e-12,51000.0,ASK
1235,1712693445.8433394,2141912.66157483,47570.0,-5.210855490640494e-12,51000.0,ASK
1236,1712693448.0138192,2141913.26699842,47570.0,-5.210855494648422e-12,51000.0,ASK
1237,1712693449.113546,2141913.87242201,47570.0,-5.210855494648422e-12,51000.0,ASK
1238,1712693452.8737357,2141914.4778456,47570.0,-5.210855490640494e-12,51000.0,ASK
1239,1712693454.1132746,2141915.08326919,47570.0,-5.210855494648422e-12,51000.0,ASK
1240,1712693455.663774,2141915.68869278,47570.0,-5.210855494648422e-12,51000.0,ASK
1241,1712693456.983574,2141916.29411637,47570.0,-5.210855490640494e-12,51000.0,ASK
1242,1712693458.14338,2141916.89953996,47570.0,-5.210855494648422e-12,51000.0,ASK
1243,1712693459.2532516,2141917.50496355,47570.0,-5.210855490640494e-12,51000.0,ASK
1244,1712693460.135286,2141917.50496355,47570.0,-0.0,51000.0,ASK
1245,1712693460.373545,2141918.11038714,47570.0,-5.210729447582555e-12,51000.0,ASK
1246,1712693465.0733905,2141918.71581073,47570.0,-5.210729447582555e-12,51000.0,ASK
1247,1712693472.943534,2141952.73314881,47570.0,-2.927787224343835e-10,51000.0,ASK
1248,1712693472.9459803,2142018.71581073,47570.0,-5.678962714378489e-10,51000.0,ASK
1249,1712693481.1441152,2142022.54827947,47570.0,-3.2985100090660704e-11,51000.0,ASK
1250,1712693481.6734238,2142029.48468883,47580.0,5.969994083640081e-11,51000.0,BID
1251,1712693481.675874,2142031.90587423,47580.0,2.0838537291977865e-11,51000.0,BID
1252,1712693481.6788118,2142032.51117058,47580.0,5.209634323996424e-12,51000.0,BID
1253,1712693481.6930485,2142033.11633974,47590.0,5.20853962924813e-12,51000.0,BID
1254,1712693481.69468,2142034.02373624,47590.0,7.809734770762105e-12,51000.0,BID
1255,1712693484.0131986,2142074.06084513,47580.0,-3.4458938448774886e-10,51000.0,ASK
1256,1712693484.01635,2142084.02373624,47570.0,-8.574811244836725e-11,51000.0,ASK
1257,1712693490.136489,2142084.02373624,47570.0,-0.0,51000.0,ASK
1258,1712693500.7530367,2142126.02373624,47580.0,-3.61458852729829e-10,51000.0,ASK
1259,1712693501.576862,2142184.02373624,47580.0,-4.991574632935734e-10,51000.0,ASK
1260,1712693503.7028174,2142194.02373624,47570.0,-8.606163160234025e-11,51000.0,ASK
1261,1712693506.5803094,2142200.02373624,47570.0,-5.1636978961404143e-11,51000.0,ASK
1262,1712693509.6901,2142203.02373624,47570.0,-2.5818489480702072e-11,51000.0,ASK
1263,1712693512.9128647,2142213.02373624,47580.0,-8.606163160234025e-11,51000.0,ASK
1264,1712693513.033016,2142224.04538854,47580.0,-9.48541379884008e-11,51000.0,ASK
1265,1712693513.0366151,2142228.71301318,47570.0,-4.017033922496557e-11,51000.0,ASK
1266,1712693513.0401037,2142234.04373624,47560.0,-4.587707241491313e-11,51000.0,ASK
1267,1712693513.1131415,2142234.48116013,47590.0,3.764541367445909e-12,51000.0,BID
1268,1712693513.1166902,2142235.08620215,47600.0,5.2070903457112894e-12,51000.0,BID
1269,1712693513.1230352,2142284.17085308,47620.0,4.22430514566861e-10,51000.0,BID
1270,1712693513.1258504,2142285.98597914,47600.0,1.5621271025111197e-11,51000.0,BID
1271,1712693513.1286848,2142286.59089408,47610.0,5.205996675386516e-12,51000.0,BID
1272,1712693514.0631387,2142291.59089408,47570.0,-4.3030815801170116e-11,51000.0,ASK
1273,1712693514.066847,2142336.59089408,47560.0,-3.872773422105311e-10,51000.0,ASK
1274,1712693514.8833091,2142357.59321074,47590.0,-1.8074936391698582e-10,51000.0,ASK
1275,1712693514.8868916,2142397.19089408,47560.0,-3.4078412358998995e-10,51000.0,ASK
1276,1712693520.0858543,2142397.19089408,47560.0,-0.0,51000.0,ASK
1277,1712693529.8328078,2142400.19089408,47570.0,-2.5815179008071234e-11,51000.0,ASK
1278,1712693532.249117,2142400.79568199,47620.0,5.2042360559287764e-12,51000.0,BID
1279,1712693532.2529,2142418.78476745,47570.0,1.5479715377715976e-10,51000.0,BID
1280,1712693532.2561488,2142420.52811887,47620.0,1.5001642997093935e-11,51000.0,BID
1281,1712693532.371339,2142421.19047407,47620.0,-5.699606017636681e-12,51000.0,ASK
1282,1712693532.382751,2142421.19047408,47620.0,-8.414790642284724e-20,51000.0,ASK
1283,1712693538.9507434,2142423.29308132,47560.0,-1.8093060761156085e-11,51000.0,ASK
1284,1712693538.9536912,2142448.40509749,47560.0,-2.1609039756316766e-10,51000.0,ASK
1285,1712693538.9560986,2142721.19047408,47550.0,-2.3473344424827995e-09,51000.0,ASK
1286,1712693544.2027893,2142721.71230906,47630.0,4.49042114244362e-12,51000.0,BID
1287,1712693544.2426643,2142743.86882385,47630.0,-1.9065813183216048e-10,51000.0,ASK
1288,1712693550.0916207,2142743.86882385,47630.0,-0.0,51000.0,ASK
1289,1712693556.4025085,2142771.16254629,47630.0,2.3483079386018914e-10,51000.0,BID
1290,1712693556.8630545,2142792.1577174,47630.0,1.806390722211024e-10,51000.0,BID
1291,1712693570.9262578,2142813.18136471,47630.0,1.8088407685808747e-10,51000.0,BID
1292,1712693571.3124902,2142855.17170693,47630.0,3.612781444381984e-10,51000.0,BID
1293,1712693572.512405,2142865.17170693,47580.0,-8.603839010095519e-11,51000.0,ASK
1294,1712693575.692608,2142870.17170693,47630.0,4.3019195050477596e-11,51000.0,BID
1295,1712693575.7525594,2142907.04592485,47630.0,-3.172598346069051e-10,51000.0,ASK
1296,1712693580.1343477,2142907.04592485,47630.0,-0.0,51000.0,ASK
1297,1712693584.9826405,2142909.24781481,47620.0,1.894344006608246e-11,51000.0,BID
1298,1712693585.5824585,2142951.08018436,47620.0,3.5989490835447166e-10,51000.0,BID
1299,1712693585.9225705,2142955.27833717,47620.0,3.611781586877165e-11,51000.0,BID
1300,1712693603.642453,2143006.78001178,47620.0,4.4308249002543116e-10,51000.0,BID
1301,1712693610.1368167,2143006.78001178,47620.0,0.0,51000.0,BID
1302,1712693610.3926294,2143008.63694164,47620.0,1.5975004608325616e-11,51000.0,BID
1303,1712693620.362294,2143014.93549297,47620.0,5.4185884283399146e-11,51000.0,BID
1304,1712693628.4121006,2143025.43528297,47620.0,9.032877182889176e-11,51000.0,BID
1305,1712693628.8921163,2143045.54384029,47620.0,1.7299215374969239e-10,51000.0,BID
1306,1712693629.1121013,2143097.98209733,47620.0,4.511217229450505e-10,51000.0,BID
1307,1712693629.4522388,2143100.08205533,47620.0,1.806575436417593e-11,51000.0,BID
1308,1712693638.5020113,2143101.13203433,47620.0,9.032877186094008e-12,51000.0,BID
1309,1712693640.092586,2143101.13203433,47620.0,0.0,51000.0,BID
1310,1712693643.721969,2143122.14318105,47570.0,-1.8075006455977422e-10,51000.0,ASK
1311,1712693644.963822,2143163.14318105,47570.0,-3.5270576830939647e-10,51000.0,ASK
1312,1712693644.9820416,2143187.22582567,47570.0,-2.0717287008809348e-10,51000.0,ASK
1313,1712693647.67223,2143188.33232739,47570.0,-9.5187692501968e-12,51000.0,ASK
1314,1712693647.6820712,2143228.22582567,47570.0,-3.4318699905919967e-10,51000.0,ASK
1315,1712693650.6621552,2143269.22582567,47570.0,-3.5270576830939647e-10,51000.0,ASK
1316,1712693653.3754482,2143310.22582567,47570.0,-3.5270576830939647e-10,51000.0,ASK
1317,1712693654.283302,2143367.08752863,47570.0,-4.891573324361471e-10,51000.0,ASK
1318,1712693654.286831,2143410.22582567,47570.0,-3.7110063905018567e-10,51000.0,ASK
1319,1712693670.0835376,2143410.22582567,47570.0,-0.0,51000.0,ASK
1320,1712693677.9819589,2143703.88536545,47570.0,-2.525910100598222e-09,51000.0,ASK
1321,1712693677.985468,2143910.22582567,47570.0,-1.774835760567358e-09,51000.0,ASK
1322,1712693679.8518617,2143913.64021038,47620.0,2.93688018170904e-11,51000.0,BID
1323,1712693685.8721757,2143915.34655225,47620.0,1.46770854713826e-11,51000.0,BID
1324,1712693690.9215417,2143916.19930319,47620.0,7.334930153756471e-12,51000.0,BID
1325,1712693700.1076715,2143916.19930319,47620.0,0.0,51000.0,BID
1326,1712693711.3217208,2143947.82880968,47620.0,2.722339935039029e-10,51000.0,BID
1327,1712693711.3262205,2143952.28665094,47620.0,3.836847498652197e-11,51000.0,BID
1328,1712693725.1315606,2143952.58835094,47600.0,-2.5967207524185258e-12,51000.0,ASK
1329,1712693730.0950904,2143952.58835094,47600.0,-0.0,51000.0,ASK
1330,1712693730.1099768,2143962.5004306,47600.0,-8.531163095562926e-11,51000.0,ASK
1331,1712693740.8415253,2143973.00463228,47600.0,9.040792729723511e-11,51000.0,BID
1332,1712693749.8718865,2144022.84597523,47600.0,4.2897619894316275e-10,51000.0,BID
1333,1712693749.8763947,2144072.56401279,47620.0,4.2791492983936206e-10,51000.0,BID
1334,1712693758.2013142,2144078.68487088,47620.0,5.2681213673635685e-11,51000.0,BID
1335,1712693759.451636,2144117.53287228,47620.0,3.343583256556286e-10,51000.0,BID
1336,1712693759.45637,2144133.87659179,47620.0,1.4066769186001892e-10,51000.0,BID
1337,1712693760.1367526,2144133.87659179,47620.0,0.0,51000.0,BID
1338,1712693765.6722553,2144134.53894699,47620.0,5.700358223427656e-12,51000.0,BID
1339,1712693766.2316687,2144154.53894699,47610.0,-1.7212390645079874e-10,51000.0,ASK
1340,1712693766.4315534,2144157.93184764,47610.0,-2.9199965703217186e-11,51000.0,ASK
1341,1712693766.571699,2144181.32474764,47610.0,2.0132386656345303e-10,51000.0,BID
1342,1712693766.5752013,2144187.93184699,47610.0,5.686198751817462e-11,51000.0,BID
1343,1712693766.8513792,2144189.53304831,47620.0,1.3780251311205802e-11,51000.0,BID
1344,1712693769.6617477,2144194.53304831,47640.0,4.3030976612699685e-11,51000.0,BID
1345,1712693769.6662447,2144199.53304831,47640.0,4.3030976612699685e-11,51000.0,BID
1346,1712693769.6705756,2145041.6852557,47650.0,7.247726388105982e-09,51000.0,BID
1347,1712693769.674803,2145084.52704134,47640.0,3.687047751841417e-10,51000.0,BID
1348,1712693776.7512982,2145088.52704134,47630.0,-3.442478129015975e-11,51000.0,ASK
1349,1712693782.8713582,2145089.37074519,47650.0,7.261080128963162e-12,51000.0,BID
1350,1712693782.8758025,2145407.88718695,47650.0,2.741214711228001e-09,51000.0,BID
1351,1712693782.9513257,2145408.17773181,47650.0,2.5004858156792808e-12,51000.0,BID
1352,1712693782.955645,2145421.1958782,47650.0,1.1203671056657123e-10,51000.0,BID
1353,1712693782.9598937,2145421.71749415,47650.0,4.489128752414636e-12,51000.0,BID
1354,1712693783.0313113,2145421.84477459,47660.0,1.095400324933224e-12,51000.0,BID
1355,1712693783.03573,2145422.13531946,47660.0,2.5004859038458644e-12,51000.0,BID
1356,1712693785.0515063,2145426.36011946,47670.0,3.6359453998384587e-11,51000.0,BID
1357,1712693785.0610826,2145426.77322705,47670.0,3.555284607202043e-12,51000.0,BID
1358,1712693785.621187,2145467.77322705,47670.0,-3.528540082241375e-10,51000.0,ASK
1359,1712693787.121286,2145468.53148914,47680.0,6.525751651522828e-12,51000.0,BID
1360,1712693788.7715588,2145478.25980423,47680.0,-8.372377982629089e-11,51000.0,ASK
1361,1712693788.775612,2145509.53148914,47670.0,-2.6913022839784656e-10,51000.0,ASK
1362,1712693790.1311738,2145509.53148914,47670.0,-0.0,51000.0,ASK
1363,1712693791.1813903,2145509.70959474,47690.0,1.531947369526386e-12,51000.0,BID
1364,1712693791.185196,2145509.83679423,47690.0,1.0940864523736622e-12,51000.0,BID
1365,1712693791.6010506,2145509.94432111,47650.0,-9.248755818640704e-13,51000.0,ASK
1366,1712693794.6312125,2145510.12587051,47650.0,-1.5615686740362266e-12,51000.0,ASK
1367,1712693800.831249,2145534.12587051,47660.0,-2.0643223364025847e-10,51000.0,ASK
1368,1712693804.1413808,2145542.37253002,47660.0,-7.093234761193587e-11,51000.0,ASK
1369,1712693804.145823,2145567.12587051,47660.0,-2.1291197364341958e-10,51000.0,ASK
1370,1712693806.8713665,2145567.76810153,47670.0,-5.524049333400776e-12,51000.0,ASK
1371,1712693806.8753257,2145584.12587051,47660.0,-1.40698782828449e-10,51000.0,ASK
1372,1712693808.281783,2145584.33564605,47670.0,1.804351387286191e-12,51000.0,BID
1373,1712693810.5713024,2145592.33564605,47660.0,-6.881074454675284e-11,51000.0,ASK
1374,1712693810.7711267,2145592.58796698,47670.0,2.170298881359842e-12,51000.0,BID
1375,1712693813.4010448,2145599.58796698,47660.0,-6.020940147840874e-11,51000.0,ASK
1376,1712693814.081101,2145626.94587051,47670.0,2.3531471389124504e-10,51000.0,BID
1377,1712693815.4612908,2145627.83587051,47670.0,-7.655195331947741e-12,51000.0,ASK
1378,1712693816.0511134,2145637.83587051,47670.0,-8.601343068344105e-11,51000.0,ASK
1379,1712693816.231491,2145637.84004984,47660.0,-3.594785178831791e-14,51000.0,ASK
1380,1712693816.2355244,2145641.54587051,47670.0,-3.1875034931447886e-11,51000.0,ASK
1381,1712693818.6711257,2145682.54587051,47670.0,-3.526550658021083e-10,51000.0,ASK
1382,1712693819.5011208,2145710.33587051,47670.0,-2.39031323869603e-10,51000.0,ASK
1383,1712693820.0914629,2145710.33587051,47670.0,-0.0,51000.0,ASK
1384,1712693820.7224865,2145722.43587051,47670.0,-1.0406768350339924e-10,51000.0,ASK
1385,1712693820.821148,2145724.52353773,47660.0,-1.7955263759468442e-11,51000.0,ASK
1386,1712693820.8251328,2145730.03272187,47660.0,-4.7382481939230756e-11,51000.0,ASK
1387,1712693820.829074,2145730.03297779,47670.0,-2.201074448394596e-15,51000.0,ASK
1388,1712693820.8332894,2145740.76967051,47650.0,-9.234237519498114e-11,51000.0,ASK
1389,1712693823.4909763,2145742.29311688,47670.0,-1.3102606170051356e-11,51000.0,ASK
1390,1712693824.5007792,2145755.00589524,47670.0,1.0933796651399668e-10,51000.0,BID
1391,1712693824.740832,2145758.00589524,47660.0,-2.58019050006442e-11,51000.0,ASK
1392,1712693826.2409186,2145761.29589524,47660.0,-2.8296089147021886e-11,51000.0,ASK
1393,1712693827.651293,2145782.29130859,47650.0,-1.8057388690548637e-10,51000.0,ASK
1394,1712693827.655447,2145782.29589524,47660.0,-3.9448099022982674e-14,51000.0,ASK
1395,1712693829.6510303,2145786.13015158,47670.0,3.2977039280040964e-11,51000.0,BID
1396,1712693830.881153,2145792.42605924,47650.0,-5.4148803778043424e-11,51000.0,ASK
1397,1712693830.8851943,2145803.03222504,47650.0,-9.121976079565075e-11,51000.0,ASK
1398,1712693830.88856,2145803.45186415,47660.0,-3.609162817780932e-12,51000.0,ASK
1399,1712693830.8917422,2145827.13015158,47650.0,-2.0364830761732887e-10,51000.0,ASK
1400,1712693833.591079,2145827.23506135,47660.0,9.022906373617716e-13,51000.0,BID
1401,1712693833.6327806,2145868.23506135,47650.0,-3.52626035008804e-10,51000.0,ASK
1402,1712693834.2510307,2145870.15163709,47660.0,1.6483768390793433e-11,51000.0,BID
1403,1712693839.1509435,2145875.15163709,47660.0,4.300317500107367e-11,51000.0,BID
1404,1712693841.13086,2145893.48543709,47650.0,-1.5768232196812868e-10,51000.0,ASK
1405,1712693841.1508927,2145901.02395158,47660.0,6.483601157037325e-11,51000.0,BID
1406,1712693842.7809756,2145912.02395158,47660.0,-9.460698500236206e-11,51000.0,ASK
1407,1712693844.1610787,2145924.78495728,47660.0,-1.0975275226222159e-10,51000.0,ASK
1408,1712693844.1711023,2145947.73595158,47650.0,-1.9739312486794603e-10,51000.0,ASK
1409,1712693850.0988264,2145947.73595158,47650.0,-0.0,51000.0,ASK
1410,1712693850.1910715,2145984.05955074,47650.0,-3.1237562378163385e-10,51000.0,ASK
1411,1712693850.1945236,2145991.09034084,47660.0,-6.046337626440371e-11,51000.0,ASK
1412,1712693850.1977143,2146447.73595158,47650.0,-3.927060115238423e-09,51000.0,ASK
1413,1712693851.5508122,2146458.58556007,47650.0,-9.330444389275748e-11,51000.0,ASK
1414,1712693851.5541227,2146459.6053444,47650.0,-8.769939476048628e-12,51000.0,ASK
1415,1712693877.5117817,2146470.28779794,47660.0,9.18669450527494e-11,51000.0,BID
1416,1712693877.7706337,2146883.08621657,47670.0,3.549983110115188e-09,51000.0,BID
