,time,acc_trade_volume,trade_price,dev,high,ask_bid
0,1712689619.1495888,1452653.36017062,1433.0,0.0,1469.0,BID
1,1712689620.4721246,1452653.36017062,1433.0,0.0,1469.0,BID
2,1712689650.4718933,1452653.36017062,1433.0,0.0,1469.0,BID
3,1712689680.482204,1452653.36017062,1433.0,0.0,1469.0,BID
4,1712689710.471871,1452653.36017062,1433.0,0.0,1469.0,BID
5,1712689740.7421222,1452653.36017062,1433.0,0.0,1469.0,BID
6,1712689770.7218535,1452653.36017062,1433.0,0.0,1469.0,BID
7,1712689800.471904,1452653.36017062,1433.0,0.0,1469.0,BID
8,1712689830.4828382,1452653.36017062,1433.0,0.0,1469.0,BID
9,1712689860.722231,1452653.36017062,1433.0,0.0,1469.0,BID
10,1712689890.702176,1452653.36017062,1433.0,0.0,1469.0,BID
11,1712689920.4623084,1452653.36017062,1433.0,0.0,1469.0,BID
12,1712689930.752828,1452653.3601716,1432.0,-4.090223914873783e-16,1469.0,ASK
13,1712689930.754168,1452763.50333691,1432.0,-4.5971171616898265e-08,1469.0,ASK
14,1712689933.7220786,1452973.14694278,1431.0,-8.750031975852401e-08,1469.0,ASK
15,1712689937.262241,1452992.67295676,1430.0,-8.149699866985937e-09,1469.0,ASK
16,1712689937.2637868,1453488.63671803,1430.0,-2.07003631327958e-07,1469.0,ASK
17,1712689950.4820726,1453488.63671803,1430.0,-0.0,1469.0,ASK
18,1712689980.717559,1453488.63671803,1430.0,-0.0,1469.0,ASK
19,1712690010.7220654,1453488.63671803,1430.0,-0.0,1469.0,ASK
20,1712690040.4540966,1453488.63671803,1430.0,-0.0,1469.0,ASK
21,1712690070.4519742,1453488.63671803,1430.0,-0.0,1469.0,ASK
22,1712690100.5021806,1453488.63671803,1430.0,-0.0,1469.0,ASK
23,1712690130.4419482,1453488.63671803,1430.0,-0.0,1469.0,ASK
24,1712690130.5222712,1453495.62972502,1430.0,2.926146919744823e-09,1469.0,BID
25,1712690136.4123738,1453499.47057304,1427.0,-1.6071606419691787e-09,1469.0,ASK
26,1712690160.7220705,1453499.47057304,1427.0,-0.0,1469.0,ASK
27,1712690190.7727294,1453499.47057304,1427.0,-0.0,1469.0,ASK
28,1712690220.4721384,1453499.47057304,1427.0,-0.0,1469.0,ASK
29,1712690250.5219543,1453499.47057304,1427.0,-0.0,1469.0,ASK
30,1712690280.7020707,1453499.47057304,1427.0,-0.0,1469.0,ASK
31,1712690310.7220452,1453499.47057304,1427.0,-0.0,1469.0,ASK
32,1712690340.4624796,1453499.47057304,1427.0,-0.0,1469.0,ASK
33,1712690370.4721708,1453499.47057304,1427.0,-0.0,1469.0,ASK
34,1712690400.5240324,1453499.47057304,1427.0,-0.0,1469.0,ASK
35,1712690430.472312,1453499.47057304,1427.0,-0.0,1469.0,ASK
36,1712690460.7120736,1453499.47057304,1427.0,-0.0,1469.0,ASK
37,1712690490.732095,1453499.47057304,1427.0,-0.0,1469.0,ASK
38,1712690520.4720316,1453499.47057304,1427.0,-0.0,1469.0,ASK
39,1712690550.4727497,1453499.47057304,1427.0,-0.0,1469.0,ASK
40,1712690580.7122364,1453499.47057304,1427.0,-0.0,1469.0,ASK
41,1712690589.7123113,1453502.97442727,1430.0,1.4671643741824983e-09,1469.0,BID
42,1712690595.0323827,1453509.74625535,1427.0,-2.835558860285168e-09,1469.0,ASK
43,1712690606.0923862,1453579.67632528,1430.0,2.9281728219588265e-08,1469.0,BID
44,1712690610.7221968,1453579.67632528,1430.0,0.0,1469.0,BID
45,1712690640.4721477,1453579.67632528,1430.0,0.0,1469.0,BID
46,1712690670.472062,1453579.67632528,1430.0,0.0,1469.0,BID
47,1712690700.7119527,1453579.67632528,1430.0,0.0,1469.0,BID
48,1712690730.751709,1453579.67632528,1430.0,0.0,1469.0,BID
49,1712690760.4321504,1453579.67632528,1430.0,0.0,1469.0,BID
50,1712690790.4620428,1453579.67632528,1430.0,0.0,1469.0,BID
51,1712690820.7117743,1453579.67632528,1430.0,0.0,1469.0,BID
52,1712690832.392347,1460297.98412071,1430.0,2.813710140296651e-06,1469.0,BID
53,1712690850.7317536,1460297.98412071,1430.0,0.0,1469.0,BID
54,1712690880.4616418,1460297.98412071,1430.0,0.0,1469.0,BID
55,1712690880.6345005,1460302.97932071,1430.0,-2.083667493961962e-09,1469.0,ASK
56,1712690880.6363614,1460304.97712771,1430.0,-8.333531199464266e-10,1469.0,ASK
57,1712690894.7518933,1460311.94851989,1433.0,2.908004338817838e-09,1469.0,BID
58,1712690910.4416234,1460311.94851989,1433.0,0.0,1469.0,BID
59,1712690940.7117877,1460311.94851989,1433.0,0.0,1469.0,BID
60,1712690970.7217116,1460311.94851989,1433.0,0.0,1469.0,BID
61,1712691000.5617175,1460311.94851989,1433.0,0.0,1469.0,BID
62,1712691030.461817,1460311.94851989,1433.0,0.0,1469.0,BID
63,1712691060.7115047,1460311.94851989,1433.0,0.0,1469.0,BID
64,1712691090.7442553,1460311.94851989,1433.0,0.0,1469.0,BID
65,1712691120.4918892,1460311.94851989,1433.0,0.0,1469.0,BID
66,1712691150.453617,1460311.94851989,1433.0,0.0,1469.0,BID
67,1712691180.692097,1460311.94851989,1433.0,0.0,1469.0,BID
68,1712691210.711763,1460311.94851989,1433.0,0.0,1469.0,BID
69,1712691240.4417324,1460311.94851989,1433.0,0.0,1469.0,BID
70,1712691270.4617386,1460311.94851989,1433.0,0.0,1469.0,BID
71,1712691283.2617726,1460591.08320237,1433.0,1.1643903963296697e-07,1469.0,BID
72,1712691300.6915846,1460591.08320237,1433.0,0.0,1469.0,BID
73,1712691330.7515824,1460591.08320237,1433.0,0.0,1469.0,BID
74,1712691360.4818192,1460591.08320237,1433.0,0.0,1469.0,BID
75,1712691390.4714613,1460591.08320237,1433.0,0.0,1469.0,BID
76,1712691420.7014122,1460591.08320237,1433.0,0.0,1469.0,BID
77,1712691450.7113335,1460591.08320237,1433.0,0.0,1469.0,BID
78,1712691480.4413328,1460591.08320237,1433.0,0.0,1469.0,BID
79,1712691510.441397,1460591.08320237,1433.0,0.0,1469.0,BID
80,1712691540.691598,1460591.08320237,1433.0,0.0,1469.0,BID
81,1712691570.7017424,1460591.08320237,1433.0,0.0,1469.0,BID
82,1712691600.461326,1460591.08320237,1433.0,0.0,1469.0,BID
83,1712691630.461461,1460591.08320237,1433.0,0.0,1469.0,BID
84,1712691660.71145,1460591.08320237,1433.0,0.0,1469.0,BID
85,1712691690.7114332,1460591.08320237,1433.0,0.0,1469.0,BID
86,1712691720.48294,1460591.08320237,1433.0,0.0,1469.0,BID
87,1712691750.4614334,1460591.08320237,1433.0,0.0,1469.0,BID
88,1712691780.7213595,1460591.08320237,1433.0,0.0,1469.0,BID
89,1712691810.751245,1460591.08320237,1433.0,0.0,1469.0,BID
90,1712691840.441327,1460591.08320237,1433.0,0.0,1469.0,BID
91,1712691870.4612355,1460591.08320237,1433.0,0.0,1469.0,BID
92,1712691900.4969718,1460591.08320237,1433.0,0.0,1469.0,BID
93,1712691930.4611938,1460591.08320237,1433.0,0.0,1469.0,BID
94,1712691960.7013412,1460591.08320237,1433.0,0.0,1469.0,BID
95,1712691990.701099,1460591.08320237,1433.0,0.0,1469.0,BID
96,1712692020.4415438,1460591.08320237,1433.0,0.0,1469.0,BID
97,1712692050.4815383,1460591.08320237,1433.0,0.0,1469.0,BID
98,1712692080.6917117,1460591.08320237,1433.0,0.0,1469.0,BID
99,1712692110.7136345,1460591.08320237,1433.0,0.0,1469.0,BID
100,1712692140.4714353,1460591.08320237,1433.0,0.0,1469.0,BID
101,1712692170.4511442,1460591.08320237,1433.0,0.0,1469.0,BID
102,1712692200.51129,1460591.08320237,1433.0,0.0,1469.0,BID
103,1712692230.461364,1460591.08320237,1433.0,0.0,1469.0,BID
104,1712692260.701625,1460591.08320237,1433.0,0.0,1469.0,BID
105,1712692290.701264,1460591.08320237,1433.0,0.0,1469.0,BID
106,1712692320.471326,1460591.08320237,1433.0,0.0,1469.0,BID
107,1712692350.471254,1460591.08320237,1433.0,0.0,1469.0,BID
108,1712692370.52136,1461129.73307994,1431.0,2.247905557791313e-07,1469.0,BID
109,1712692370.5310452,1461288.91990858,1432.0,6.643219867437207e-08,1469.0,BID
110,1712692380.7013514,1461288.91990858,1432.0,0.0,1469.0,BID
111,1712692410.721217,1461288.91990858,1432.0,0.0,1469.0,BID
112,1712692440.4312928,1461288.91990858,1432.0,0.0,1469.0,BID
113,1712692470.4715216,1461288.91990858,1432.0,0.0,1469.0,BID
114,1712692500.701379,1461288.91990858,1432.0,0.0,1469.0,BID
115,1712692530.721235,1461288.91990858,1432.0,0.0,1469.0,BID
116,1712692560.4814246,1461288.91990858,1432.0,0.0,1469.0,BID
117,1712692590.441073,1461288.91990858,1432.0,0.0,1469.0,BID
118,1712692620.714013,1461288.91990858,1432.0,0.0,1469.0,BID
119,1712692650.7208862,1461288.91990858,1432.0,0.0,1469.0,BID
120,1712692680.510437,1461288.91990858,1432.0,0.0,1469.0,BID
121,1712692710.48013,1461288.91990858,1432.0,0.0,1469.0,BID
122,1712692740.6814158,1461288.91990858,1432.0,0.0,1469.0,BID
123,1712692770.7161474,1461288.91990858,1432.0,0.0,1469.0,BID
124,1712692800.5788136,1461288.91990858,1432.0,0.0,1469.0,BID
125,1712692822.6073942,1461301.21779952,1430.0,-5.130262496771113e-09,1469.0,ASK
126,1712692830.4475155,1461301.21779952,1430.0,-0.0,1469.0,ASK
127,1712692860.706934,1461301.21779952,1430.0,-0.0,1469.0,ASK
128,1712692890.6965764,1461301.21779952,1430.0,-0.0,1469.0,ASK
129,1712692920.4587915,1461301.21779952,1430.0,-0.0,1469.0,ASK
130,1712692936.0959291,1461317.71919952,1431.0,6.883773235538044e-09,1469.0,BID
131,1712692950.455413,1461317.71919952,1431.0,0.0,1469.0,BID
132,1712692980.7052767,1461317.71919952,1431.0,0.0,1469.0,BID
133,1712693010.6947894,1461317.71919952,1431.0,0.0,1469.0,BID
134,1712693040.4346185,1461317.71919952,1431.0,0.0,1469.0,BID
135,1712693070.4639232,1461317.71919952,1431.0,0.0,1469.0,BID
136,1712693092.5185914,1461324.70731971,1431.0,2.9151563425243442e-09,1469.0,BID
137,1712693100.7038743,1461324.70731971,1431.0,0.0,1469.0,BID
138,1712693130.7332838,1461324.70731971,1431.0,0.0,1469.0,BID
139,1712693160.4634178,1461324.70731971,1431.0,0.0,1469.0,BID
140,1712693190.4429245,1461324.70731971,1431.0,0.0,1469.0,BID
141,1712693220.722333,1461324.70731971,1431.0,0.0,1469.0,BID
142,1712693250.7020392,1461324.70731971,1431.0,0.0,1469.0,BID
143,1712693280.4519398,1461324.70731971,1431.0,0.0,1469.0,BID
144,1712693310.4616597,1461324.70731971,1431.0,0.0,1469.0,BID
145,1712693340.7012577,1461324.70731971,1431.0,0.0,1469.0,BID
146,1712693370.6910088,1461324.70731971,1431.0,0.0,1469.0,BID
147,1712693400.4907513,1461324.70731971,1431.0,0.0,1469.0,BID
148,1712693430.4511104,1461324.70731971,1431.0,0.0,1469.0,BID
149,1712693460.7002254,1461324.70731971,1431.0,0.0,1469.0,BID
150,1712693490.7000463,1461324.70731971,1431.0,0.0,1469.0,BID
151,1712693520.4501183,1461324.70731971,1431.0,0.0,1469.0,BID
152,1712693550.4600213,1461324.70731971,1431.0,0.0,1469.0,BID
153,1712693580.6794047,1461324.70731971,1431.0,0.0,1469.0,BID
154,1712693610.719197,1461324.70731971,1431.0,0.0,1469.0,BID
155,1712693640.5192418,1461324.70731971,1431.0,0.0,1469.0,BID
156,1712693670.4290938,1461324.70731971,1431.0,0.0,1469.0,BID
157,1712693700.4789822,1461324.70731971,1431.0,0.0,1469.0,BID
158,1712693730.4488437,1461324.70731971,1431.0,0.0,1469.0,BID
159,1712693760.6783357,1461324.70731971,1431.0,0.0,1469.0,BID
160,1712693790.6981504,1461324.70731971,1431.0,0.0,1469.0,BID
161,1712693804.2080605,1461534.35092558,1431.0,8.77193014758599e-08,1469.0,BID
162,1712693820.4389164,1461534.35092558,1431.0,0.0,1469.0,BID
163,1712693850.4580576,1461534.35092558,1431.0,0.0,1469.0,BID
164,1712693865.2976935,1461542.85042558,1431.0,3.5559235058754917e-09,1469.0,BID
165,1712693880.6776896,1461542.85042558,1431.0,0.0,1469.0,BID
166,1712693910.697436,1461542.85042558,1431.0,0.0,1469.0,BID
167,1712693933.02765,1461546.34204569,1432.0,1.460776615519623e-09,1469.0,BID
168,1712693940.4592738,1461546.34204569,1432.0,0.0,1469.0,BID
169,1712693970.437126,1461546.34204569,1432.0,0.0,1469.0,BID
170,1712694000.497251,1461546.34204569,1432.0,0.0,1469.0,BID
171,1712694024.5656316,1461551.22383589,1431.0,-2.044120963840192e-09,1469.0,ASK
172,1712694030.4269753,1461551.22383589,1431.0,-0.0,1469.0,ASK
173,1712694060.735495,1461551.22383589,1431.0,-0.0,1469.0,ASK
174,1712694090.6865923,1461551.22383589,1431.0,-0.0,1469.0,ASK
175,1712694120.4264266,1461551.22383589,1431.0,-0.0,1469.0,ASK
176,1712694150.4663434,1461551.22383589,1431.0,-0.0,1469.0,ASK
177,1712694180.6961188,1461551.22383589,1431.0,-0.0,1469.0,ASK
178,1712694210.7161353,1461551.22383589,1431.0,-0.0,1469.0,ASK
179,1712694240.4407134,1461551.22383589,1431.0,-0.0,1469.0,ASK
180,1712694270.4256537,1461551.22383589,1431.0,-0.0,1469.0,ASK
181,1712694300.6856666,1461551.22383589,1431.0,-0.0,1469.0,ASK
182,1712694307.225696,1461565.21963714,1429.0,-5.8605420280200715e-09,1469.0,ASK
183,1712694307.2354016,1461751.22383589,1429.0,-7.788660361005473e-08,1469.0,ASK
184,1712694330.6856723,1461751.22383589,1429.0,-0.0,1469.0,ASK
185,1712694360.4560905,1461751.22383589,1429.0,-0.0,1469.0,ASK
186,1712694390.455572,1461751.22383589,1429.0,-0.0,1469.0,ASK
187,1712694420.71519,1461751.22383589,1429.0,-0.0,1469.0,ASK
188,1712694450.7149503,1461751.22383589,1429.0,-0.0,1469.0,ASK
189,1712694480.4250324,1461751.22383589,1429.0,-0.0,1469.0,ASK
190,1712694510.4147012,1461751.22383589,1429.0,-0.0,1469.0,ASK
191,1712694540.4547803,1461751.22383589,1429.0,-0.0,1469.0,ASK
192,1712694570.4845264,1461751.22383589,1429.0,-0.0,1469.0,ASK
193,1712694582.0746863,1461823.81323951,1432.0,3.039213961440849e-08,1469.0,BID
194,1712694600.797236,1461823.81323951,1432.0,0.0,1469.0,BID
195,1712694630.6843796,1461823.81323951,1432.0,0.0,1469.0,BID
196,1712694660.4245708,1461823.81323951,1432.0,0.0,1469.0,BID
197,1712694690.484305,1461823.81323951,1432.0,0.0,1469.0,BID
198,1712694707.0853112,1461858.7218842,1429.0,-1.4615441469541017e-08,1469.0,ASK
199,1712694707.0875938,1461874.9251842,1429.0,-6.783946637552621e-09,1469.0,ASK
200,1712694707.089783,1461896.40264313,1429.0,-8.992114895668893e-09,1469.0,ASK
201,1712694720.6943586,1461896.40264313,1429.0,-0.0,1469.0,ASK
202,1712694750.6848106,1461896.40264313,1429.0,-0.0,1469.0,ASK
203,1712694780.4752831,1461896.40264313,1429.0,-0.0,1469.0,ASK
204,1712694810.4155564,1461896.40264313,1429.0,-0.0,1469.0,ASK
205,1712694840.749128,1461896.40264313,1429.0,-0.0,1469.0,ASK
206,1712694870.685919,1461896.40264313,1429.0,-0.0,1469.0,ASK
207,1712694900.4562683,1461896.40264313,1429.0,-0.0,1469.0,ASK
208,1712694930.446381,1461896.40264313,1429.0,-0.0,1469.0,ASK
209,1712694960.6765652,1461896.40264313,1429.0,-0.0,1469.0,ASK
210,1712694990.6965215,1461896.40264313,1429.0,-0.0,1469.0,ASK
211,1712695020.4267006,1461896.40264313,1429.0,-0.0,1469.0,ASK
212,1712695050.4568148,1461896.40264313,1429.0,-0.0,1469.0,ASK
213,1712695080.7071402,1461896.40264313,1429.0,-0.0,1469.0,ASK
214,1712695110.6871004,1461896.40264313,1429.0,-0.0,1469.0,ASK
215,1712695140.4472644,1461896.40264313,1429.0,-0.0,1469.0,ASK
216,1712695170.4375997,1461896.40264313,1429.0,-0.0,1469.0,ASK
217,1712695200.4877002,1461896.40264313,1429.0,-0.0,1469.0,ASK
218,1712695230.4477358,1461896.40264313,1429.0,-0.0,1469.0,ASK
219,1712695260.6874669,1461896.40264313,1429.0,-0.0,1469.0,ASK
220,1712695290.6975894,1461896.40264313,1429.0,-0.0,1469.0,ASK
221,1712695320.4380326,1461896.40264313,1429.0,-0.0,1469.0,ASK
222,1712695350.4279945,1461896.40264313,1429.0,-0.0,1469.0,ASK
223,1712695380.687972,1461896.40264313,1429.0,-0.0,1469.0,ASK
224,1712695410.6882975,1461896.40264313,1429.0,-0.0,1469.0,ASK
225,1712695440.4378233,1461896.40264313,1429.0,-0.0,1469.0,ASK
226,1712695470.4481585,1461896.40264313,1429.0,-0.0,1469.0,ASK
227,1712695500.4580314,1461896.40264313,1429.0,-0.0,1469.0,ASK
228,1712695530.458288,1461896.40264313,1429.0,-0.0,1469.0,ASK
229,1712695560.698264,1461896.40264313,1429.0,-0.0,1469.0,ASK
230,1712695590.688159,1461896.40264313,1429.0,-0.0,1469.0,ASK
231,1712695620.488335,1461896.40264313,1429.0,-0.0,1469.0,ASK
232,1712695650.4527233,1461896.40264313,1429.0,-0.0,1469.0,ASK
233,1712695680.7283852,1461896.40264313,1429.0,-0.0,1469.0,ASK
234,1712695710.688181,1461896.40264313,1429.0,-0.0,1469.0,ASK
235,1712695740.448854,1461896.40264313,1429.0,-0.0,1469.0,ASK
236,1712695770.4583647,1461896.40264313,1429.0,-0.0,1469.0,ASK
237,1712695800.5483491,1461896.40264313,1429.0,-0.0,1469.0,ASK
238,1712695830.4386978,1461896.40264313,1429.0,-0.0,1469.0,ASK
239,1712695860.6980038,1461896.40264313,1429.0,-0.0,1469.0,ASK
240,1712695890.6980398,1461896.40264313,1429.0,-0.0,1469.0,ASK
241,1712695920.4284675,1461896.40264313,1429.0,-0.0,1469.0,ASK
242,1712695950.4480193,1461896.40264313,1429.0,-0.0,1469.0,ASK
243,1712695980.7178893,1461896.40264313,1429.0,-0.0,1469.0,ASK
244,1712696010.698023,1461896.40264313,1429.0,-0.0,1469.0,ASK
245,1712696040.469377,1461896.40264313,1429.0,-0.0,1469.0,ASK
246,1712696070.4682095,1461896.40264313,1429.0,-0.0,1469.0,ASK
247,1712696100.688072,1461896.40264313,1429.0,-0.0,1469.0,ASK
248,1712696130.667969,1461896.40264313,1429.0,-0.0,1469.0,ASK
249,1712696160.4178965,1461896.40264313,1429.0,-0.0,1469.0,ASK
250,1712696190.4478374,1461896.40264313,1429.0,-0.0,1469.0,ASK
251,1712696220.6776428,1461896.40264313,1429.0,-0.0,1469.0,ASK
252,1712696250.709401,1461896.40264313,1429.0,-0.0,1469.0,ASK
253,1712696280.447513,1461896.40264313,1429.0,-0.0,1469.0,ASK
254,1712696310.4319162,1461896.40264313,1429.0,-0.0,1469.0,ASK
255,1712696323.0078874,1461924.33560402,1432.0,1.1716644956488916e-08,1469.0,BID
256,1712696340.7174566,1461924.33560402,1432.0,0.0,1469.0,BID
257,1712696370.6974933,1461924.33560402,1432.0,0.0,1469.0,BID
258,1712696400.6074247,1461924.33560402,1432.0,0.0,1469.0,BID
259,1712696430.454804,1461924.33560402,1432.0,0.0,1469.0,BID
260,1712696460.697234,1461924.33560402,1432.0,0.0,1469.0,BID
261,1712696490.687782,1461924.33560402,1432.0,0.0,1469.0,BID
262,1712696508.9872396,1461985.37401184,1432.0,2.56039634202752e-08,1469.0,BID
263,1712696515.4072402,1462031.14513614,1432.0,1.919975035618981e-08,1469.0,BID
264,1712696520.4270458,1462031.14513614,1432.0,0.0,1469.0,BID
265,1712696550.4574673,1462031.14513614,1432.0,0.0,1469.0,BID
266,1712696553.7083068,1462140.07718908,1432.0,4.569112243764197e-08,1469.0,BID
267,1712696553.7115412,1467137.32029978,1432.0,2.096074026509333e-06,1469.0,BID
268,1712696553.7200365,1467183.22789356,1432.0,1.925576018819001e-08,1469.0,BID
269,1712696580.6770952,1467183.22789356,1432.0,0.0,1469.0,BID
270,1712696601.8971708,1467662.5719392,1433.0,2.004387062350541e-07,1469.0,BID
271,1712696601.9005249,1467738.23162495,1433.0,3.1637254418460854e-08,1469.0,BID
272,1712696601.9032116,1468148.12377919,1434.0,1.713972538911707e-07,1469.0,BID
273,1712696610.7272117,1468148.12377919,1434.0,0.0,1469.0,BID
274,1712696618.27724,1468155.09727989,1434.0,2.914298291789417e-09,1469.0,BID
275,1712696618.2870047,1469548.61258844,1434.0,5.823645050050671e-07,1469.0,BID
276,1712696640.4173589,1469548.61258844,1434.0,0.0,1469.0,BID
277,1712696670.426851,1469548.61258844,1434.0,0.0,1469.0,BID
278,1712696700.6970198,1469548.61258844,1434.0,0.0,1469.0,BID
279,1712696712.657018,1469598.66888844,1434.0,-2.0901870707073722e-08,1469.0,ASK
280,1712696712.6968296,1469624.74918844,1434.0,-1.0890278718248701e-08,1469.0,ASK
281,1712696720.0271597,1469631.71782956,1435.0,2.9098761933052637e-09,1469.0,BID
282,1712696720.030109,1470174.84044859,1435.0,2.267902094460453e-07,1469.0,BID
283,1712696730.7067492,1470174.84044859,1435.0,0.0,1469.0,BID
284,1712696760.4486108,1470174.84044859,1435.0,0.0,1469.0,BID
285,1712696760.8143091,1470181.8042369,1436.0,2.906759175036741e-09,1469.0,BID
286,1712696760.815739,1470188.76317915,1437.0,2.904736378065864e-09,1469.0,BID
287,1712696760.817107,1470223.40331551,1440.0,1.4459160690351217e-08,1469.0,BID
288,1712696760.8184538,1470230.35258584,1439.0,2.9006992160771517e-09,1469.0,BID
289,1712696760.819834,1470237.30668877,1438.0,2.902716394532e-09,1469.0,BID
290,1712696760.8212135,1470244.33810197,1439.0,2.934986522100269e-09,1469.0,BID
291,1712696783.9686427,1470262.0528557,1440.0,7.394326284119486e-09,1469.0,BID
292,1712696790.4585583,1470262.0528557,1440.0,0.0,1469.0,BID
293,1712696820.6899407,1470262.0528557,1440.0,0.0,1469.0,BID
294,1712696850.6732233,1470262.0528557,1440.0,0.0,1469.0,BID
295,1712696877.5575,1470279.14241006,1440.0,7.132987739993928e-09,1469.0,BID
296,1712696877.560001,1470286.94448567,1440.0,3.256498589771703e-09,1469.0,BID
297,1712696877.5624404,1470299.72266112,1440.0,5.3334666840521046e-09,1469.0,BID
298,1712696877.5654233,1470303.32096979,1441.0,1.501893559540076e-09,1469.0,BID
299,1712696877.5667815,1470306.79531098,1442.0,1.4501509279052211e-09,1469.0,BID
300,1712696877.5681982,1470317.2116885,1441.0,4.347678797249386e-09,1469.0,BID
301,1712696877.569581,1470321.42813263,1440.0,1.7598963467778647e-09,1469.0,BID
302,1712696877.5710013,1470328.3629454,1442.0,2.894512836658158e-09,1469.0,BID
303,1712696877.572434,1470335.29295233,1443.0,2.8925069331669103e-09,1469.0,BID
304,1712696877.5738258,1470342.28595932,1445.0,2.9188024493576527e-09,1469.0,BID
305,1712696877.5752404,1470345.75789279,1443.0,1.4491459727269303e-09,1469.0,BID
306,1712696877.576664,1470352.67830802,1445.0,2.888503465471069e-09,1469.0,BID
307,1712696877.5780714,1470365.34156856,1448.0,5.285502493385866e-09,1469.0,BID
308,1712696877.5794947,1470368.80629885,1446.0,1.44613944638153e-09,1469.0,BID
309,1712696877.5809157,1470372.27342687,1445.0,1.4471402318193135e-09,1469.0,BID
310,1712696877.5823357,1470379.1890562,1446.0,2.8865058846485437e-09,1469.0,BID
311,1712696877.5837789,1470389.5622421,1447.0,4.329651100982867e-09,1469.0,BID
312,1712696877.5852227,1470400.17440266,1445.0,4.429396435682508e-09,1469.0,BID
313,1712696880.4408712,1470400.17440266,1445.0,0.0,1469.0,BID
314,1712696909.0715876,1470410.83605284,1434.0,-4.449682627826123e-09,1469.0,ASK
315,1712696910.471883,1470410.83605284,1434.0,-0.0,1469.0,ASK
316,1712696911.161503,1470414.38758487,1436.0,1.4822367336624271e-09,1469.0,BID
317,1712696940.68214,1470414.38758487,1436.0,0.0,1469.0,BID
318,1712696970.7126255,1470414.38758487,1436.0,0.0,1469.0,BID
319,1712697000.4847643,1470414.38758487,1436.0,0.0,1469.0,BID
320,1712697008.1834753,1470449.20652637,1436.0,1.4610511836913973e-08,1469.0,BID
321,1712697030.4741914,1470449.20652637,1436.0,0.0,1469.0,BID
322,1712697060.7145855,1470449.20652637,1436.0,0.0,1469.0,BID
323,1712697074.494498,1470602.40986898,1436.0,6.428490334461386e-08,1469.0,BID
324,1712697090.7047324,1470602.40986898,1436.0,0.0,1469.0,BID
325,1712697120.4727645,1470602.40986898,1436.0,0.0,1469.0,BID
326,1712697150.4490335,1470602.40986898,1436.0,0.0,1469.0,BID
327,1712697180.7162175,1470602.40986898,1436.0,0.0,1469.0,BID
328,1712697210.7265823,1470602.40986898,1436.0,0.0,1469.0,BID
329,1712697223.686579,1470942.65000794,1436.0,1.4275331830285398e-07,1469.0,BID
330,1712697240.4267404,1470942.65000794,1436.0,0.0,1469.0,BID
331,1712697270.468228,1470942.65000794,1436.0,0.0,1469.0,BID
332,1712697300.4575634,1470942.65000794,1436.0,0.0,1469.0,BID
333,1712697320.5476358,1470981.419573,1434.0,-1.626506128517719e-08,1469.0,ASK
334,1712697320.5506864,1471042.65000794,1436.0,-2.5688108062970192e-08,1469.0,ASK
335,1712697330.457914,1471042.65000794,1436.0,-0.0,1469.0,ASK
336,1712697360.7179878,1471042.65000794,1436.0,-0.0,1469.0,ASK
337,1712697390.708181,1471042.65000794,1436.0,-0.0,1469.0,ASK
338,1712697391.8385887,1471046.33046756,1439.0,-1.5439764909981576e-09,1469.0,ASK
339,1712697391.8419814,1471073.79359802,1434.0,-1.1520959927553422e-08,1469.0,ASK
340,1712697391.8452568,1471077.46894944,1441.0,-1.54183356812826e-09,1469.0,ASK
341,1712697420.4788473,1471077.46894944,1441.0,-0.0,1469.0,ASK
342,1712697450.4588091,1471077.46894944,1441.0,-0.0,1469.0,ASK
343,1712697480.699057,1471077.46894944,1441.0,-0.0,1469.0,ASK
344,1712697510.6992044,1471077.46894944,1441.0,-0.0,1469.0,ASK
345,1712697529.419665,1471083.46894944,1443.0,2.516985836750151e-09,1469.0,BID
346,1712697529.519186,1471126.57121644,1443.0,-1.808129926185664e-08,1469.0,ASK
347,1712697539.3594687,1471126.57121743,1443.0,-4.1530094178787903e-16,1469.0,ASK
348,1712697540.4494164,1471126.57121743,1443.0,-0.0,1469.0,ASK
349,1712697570.4495404,1471126.57121743,1443.0,-0.0,1469.0,ASK
350,1712697600.5004165,1471126.57121743,1443.0,-0.0,1469.0,ASK
351,1712697630.4604485,1471126.57121743,1443.0,-0.0,1469.0,ASK
352,1712697660.50023,1471126.57121743,1443.0,-0.0,1469.0,ASK
353,1712697690.4605136,1471126.57121743,1443.0,-0.0,1469.0,ASK
354,1712697720.7108765,1471126.57121743,1443.0,-0.0,1469.0,ASK
355,1712697744.9710443,1471130.77779509,1439.0,1.771382408699276e-09,1469.0,BID
356,1712697750.7293572,1471130.77779509,1439.0,0.0,1469.0,BID
357,1712697780.4709785,1471130.77779509,1439.0,0.0,1469.0,BID
358,1712697810.4611611,1471130.77779509,1439.0,0.0,1469.0,BID
359,1712697840.7013211,1471130.77779509,1439.0,0.0,1469.0,BID
360,1712697848.7112155,1471137.72706541,1439.0,2.926317975056582e-09,1469.0,BID
361,1712697870.7029366,1471137.72706541,1439.0,0.0,1469.0,BID
362,1712697882.601783,1471151.62560606,1439.0,5.852611309247303e-09,1469.0,BID
363,1712697896.8314407,1471154.31094872,1439.0,1.130785398015302e-09,1469.0,BID
364,1712697900.4413147,1471154.31094872,1439.0,0.0,1469.0,BID
365,1712697930.4719331,1471154.31094872,1439.0,0.0,1469.0,BID
366,1712697960.6918192,1471154.31094872,1439.0,0.0,1469.0,BID
367,1712697985.0822363,1471162.91671872,1442.0,3.635637712686499e-09,1469.0,BID
368,1712697985.0850458,1471500.81725902,1443.0,1.4275119454136432e-07,1469.0,BID
369,1712697990.7120504,1471500.81725902,1443.0,0.0,1469.0,BID
370,1712698020.4820414,1471500.81725902,1443.0,0.0,1469.0,BID
371,1712698050.4319997,1471500.81725902,1443.0,0.0,1469.0,BID
372,1712698055.7921343,1471507.74726595,1443.0,2.927067963120695e-09,1469.0,BID
373,1712698080.7321763,1471507.74726595,1443.0,0.0,1469.0,BID
374,1712698110.7028494,1471507.74726595,1443.0,0.0,1469.0,BID
375,1712698140.4725394,1471507.74726595,1443.0,0.0,1469.0,BID
376,1712698170.462414,1471507.74726595,1443.0,0.0,1469.0,BID
377,1712698200.5830562,1471507.74726595,1443.0,0.0,1469.0,BID
378,1712698230.4527082,1471507.74726595,1443.0,0.0,1469.0,BID
379,1712698260.6927855,1471507.74726595,1443.0,0.0,1469.0,BID
380,1712698290.693143,1471507.74726595,1443.0,0.0,1469.0,BID
381,1712698320.4629638,1471507.74726595,1443.0,0.0,1469.0,BID
382,1712698350.4631238,1471507.74726595,1443.0,0.0,1469.0,BID
383,1712698380.5032597,1471507.74726595,1443.0,0.0,1469.0,BID
384,1712698409.6134377,1471711.71022399,1430.0,-8.630604088149475e-08,1469.0,ASK
385,1712698409.6164043,1471992.41943347,1434.0,-1.187808842448515e-07,1469.0,ASK
386,1712698409.6192534,1472032.14360883,1430.0,-1.6809112475888707e-08,1469.0,ASK
387,1712698409.622867,1472233.92481078,1431.0,-8.538284025674162e-08,1469.0,ASK
388,1712698410.4741457,1472233.92481078,1431.0,-0.0,1469.0,ASK
389,1712698440.7136817,1472233.92481078,1431.0,-0.0,1469.0,ASK
390,1712698470.6934636,1472233.92481078,1431.0,-0.0,1469.0,ASK
391,1712698500.493577,1472233.92481078,1431.0,-0.0,1469.0,ASK
392,1712698530.4736855,1472233.92481078,1431.0,-0.0,1469.0,ASK
393,1712698541.7435763,1472283.92481078,1434.0,-2.1189768071466352e-08,1469.0,ASK
394,1712698560.6947734,1472283.92481078,1434.0,-0.0,1469.0,ASK
395,1712698590.7035997,1472283.92481078,1434.0,-0.0,1469.0,ASK
396,1712698620.473797,1472283.92481078,1434.0,-0.0,1469.0,ASK
397,1712698650.4836807,1472283.92481078,1434.0,-0.0,1469.0,ASK
398,1712698680.7137585,1472283.92481078,1434.0,-0.0,1469.0,ASK
399,1712698710.6939485,1472283.92481078,1434.0,-0.0,1469.0,ASK
400,1712698740.435475,1472283.92481078,1434.0,-0.0,1469.0,ASK
401,1712698750.4241498,1472288.81210361,1436.0,2.0711490971176883e-09,1469.0,BID
402,1712698770.453857,1472288.81210361,1436.0,0.0,1469.0,BID
403,1712698800.4635708,1472288.81210361,1436.0,0.0,1469.0,BID
404,1712698830.4726725,1472288.81210361,1436.0,0.0,1469.0,BID
405,1712698860.7119737,1472288.81210361,1436.0,0.0,1469.0,BID
406,1712698864.88267,1472301.57361361,1434.0,-5.469836979096376e-09,1469.0,ASK
407,1712698864.8865469,1472638.70713511,1429.0,-1.4450213202147184e-07,1469.0,ASK
408,1712698890.7014842,1472638.70713511,1429.0,-0.0,1469.0,ASK
409,1712698920.4808974,1472638.70713511,1429.0,-0.0,1469.0,ASK
410,1712698950.4702177,1472638.70713511,1429.0,-0.0,1469.0,ASK
411,1712698980.7094884,1472638.70713511,1429.0,-0.0,1469.0,ASK
412,1712699004.239077,1472656.11660586,1436.0,7.460446340557908e-09,1469.0,BID
413,1712699010.6989462,1472656.11660586,1436.0,0.0,1469.0,BID
414,1712699040.4284291,1472656.11660586,1436.0,0.0,1469.0,BID
415,1712699070.486761,1472656.11660586,1436.0,0.0,1469.0,BID
416,1712699100.477502,1472656.11660586,1436.0,0.0,1469.0,BID
417,1712699130.4572918,1472656.11660586,1436.0,0.0,1469.0,BID
418,1712699160.7065215,1472656.11660586,1436.0,0.0,1469.0,BID
419,1712699190.7262814,1472656.11660586,1436.0,0.0,1469.0,BID
420,1712699220.4659956,1472656.11660586,1436.0,0.0,1469.0,BID
421,1712699247.895712,1472660.32863705,1436.0,1.8069388810041343e-09,1469.0,BID
422,1712699250.446011,1472660.32863705,1436.0,0.0,1469.0,BID
423,1712699258.3356926,1472660.95406577,1436.0,2.6830488378370767e-10,1469.0,BID
424,1712699258.339884,1472674.25621365,1437.0,5.706535577025602e-09,1469.0,BID
425,1712699264.595745,1472678.53894346,1429.0,-1.837263443988677e-09,1469.0,ASK
426,1712699280.705345,1472678.53894346,1429.0,-0.0,1469.0,ASK
427,1712699306.6661067,1472682.04349209,1437.0,1.5034118860788415e-09,1469.0,BID
428,1712699310.7248802,1472682.04349209,1437.0,0.0,1469.0,BID
429,1712699340.4647987,1472682.04349209,1437.0,0.0,1469.0,BID
430,1712699370.4746318,1472682.04349209,1437.0,0.0,1469.0,BID
431,1712699400.5242262,1472682.04349209,1437.0,0.0,1469.0,BID
432,1712699430.454028,1472682.04349209,1437.0,0.0,1469.0,BID
433,1712699439.7761686,1472694.80500209,1437.0,5.505729601090362e-09,1469.0,BID
434,1712699439.7808456,1472727.99830558,1437.0,1.4320668446114573e-08,1469.0,BID
435,1712699439.7854078,1472730.58718141,1441.0,1.116925057484707e-09,1469.0,BID
436,1712699460.7035725,1472730.58718141,1441.0,0.0,1469.0,BID
437,1712699490.706792,1472730.58718141,1441.0,0.0,1469.0,BID
438,1712699504.313656,1472734.86991122,1441.0,1.847653025683719e-09,1469.0,BID
439,1712699504.321493,1472735.91178332,1442.0,4.4948390941081934e-10,1469.0,BID
440,1712699504.3241916,1472897.02268765,1441.0,6.95063809932995e-08,1469.0,BID
441,1712699520.4833353,1472897.02268765,1441.0,0.0,1469.0,BID
442,1712699550.4427736,1472897.02268765,1441.0,0.0,1469.0,BID
443,1712699580.673071,1472897.02268765,1441.0,0.0,1469.0,BID
444,1712699610.6827908,1472897.02268765,1441.0,0.0,1469.0,BID
445,1712699640.445547,1472897.02268765,1441.0,0.0,1469.0,BID
446,1712699656.802285,1472902.02268765,1441.0,2.156874180813839e-09,1469.0,BID
447,1712699656.8065305,1472903.96231291,1442.0,8.367055287300305e-10,1469.0,BID
448,1712699670.4537303,1472903.96231291,1442.0,0.0,1469.0,BID
449,1712699700.4618502,1472903.96231291,1442.0,0.0,1469.0,BID
450,1712699730.4820874,1472903.96231291,1442.0,0.0,1469.0,BID
451,1712699747.5021536,1472904.47243566,1442.0,2.2041490215395327e-10,1469.0,BID
452,1712699747.5063984,1472907.43041277,1442.0,1.278088921430113e-09,1469.0,BID
453,1712699748.54397,1472914.37003803,1440.0,-2.998487761611327e-09,1469.0,ASK
454,1712699748.5514786,1472928.25892677,1440.0,-6.00114002546109e-09,1469.0,ASK
455,1712699748.791809,1472928.77529085,1442.0,2.2311166911978136e-10,1469.0,BID
456,1712699748.7961016,1473609.83810981,1442.0,2.942750438303825e-07,1469.0,BID
457,1712699752.9618552,1474345.05614702,1442.0,3.176745435250004e-07,1469.0,BID
458,1712699752.966096,1474379.73021083,1442.0,1.4982041837233277e-08,1469.0,BID
459,1712699753.041701,1474993.56649483,1442.0,-2.652276623390656e-07,1469.0,ASK
460,1712699753.061522,1474993.56649527,1442.0,-1.901376860728965e-16,1469.0,ASK
461,1712699760.5218291,1474993.56649527,1442.0,-0.0,1469.0,ASK
462,1712699790.451434,1474993.56649527,1442.0,-0.0,1469.0,ASK
463,1712699820.681338,1474993.56649527,1442.0,-0.0,1469.0,ASK
464,1712699850.691713,1474993.56649527,1442.0,-0.0,1469.0,ASK
465,1712699880.4716084,1474993.56649527,1442.0,-0.0,1469.0,ASK
466,1712699910.4611115,1474993.56649527,1442.0,-0.0,1469.0,ASK
467,1712699933.261076,1475007.44574527,1441.0,-5.989177774027895e-09,1469.0,ASK
468,1712699940.7006917,1475007.44574527,1441.0,-0.0,1469.0,ASK
469,1712699963.160648,1475021.31537027,1442.0,-5.984972738665763e-09,1469.0,ASK
470,1712699970.7107155,1475021.31537027,1442.0,-0.0,1469.0,ASK
471,1712700000.530692,1475021.31537027,1442.0,-0.0,1469.0,ASK
472,1712700030.5140688,1475021.31537027,1442.0,-0.0,1469.0,ASK
473,1712700053.777883,1475090.66349775,1442.0,-2.9925846723985493e-08,1469.0,ASK
474,1712700053.785614,1475090.66349827,1442.0,-2.2445796227102595e-16,1469.0,ASK
475,1712700060.6805828,1475090.66349827,1442.0,-0.0,1469.0,ASK
476,1712700090.70183,1475090.66349827,1442.0,-0.0,1469.0,ASK
477,1712700120.429989,1475090.66349827,1442.0,-0.0,1469.0,ASK
478,1712700150.43985,1475090.66349827,1442.0,-0.0,1469.0,ASK
479,1712700180.692665,1475090.66349827,1442.0,-0.0,1469.0,ASK
480,1712700210.7399104,1475090.66349827,1442.0,-0.0,1469.0,ASK
481,1712700240.4699707,1475090.66349827,1442.0,-0.0,1469.0,ASK
482,1712700270.4394794,1475090.66349827,1442.0,-0.0,1469.0,ASK
483,1712700292.7996218,1475094.12850173,1443.0,1.495190882914194e-09,1469.0,BID
484,1712700300.6796489,1475094.12850173,1443.0,0.0,1469.0,BID
485,1712700330.679669,1475094.12850173,1443.0,0.0,1469.0,BID
486,1712700360.4594183,1475094.12850173,1443.0,0.0,1469.0,BID
487,1712700390.449329,1475094.12850173,1443.0,0.0,1469.0,BID
488,1712700405.2352118,1475094.12850185,1442.0,-5.19977727000357e-17,1469.0,ASK
489,1712700405.245999,1475099.12850173,1441.0,-2.168240076269168e-09,1469.0,ASK
490,1712700420.6795268,1475099.12850173,1441.0,-0.0,1469.0,ASK
491,1712700429.3053598,1475180.54362521,1441.0,-3.5305397246003833e-08,1469.0,ASK
492,1712700450.7193017,1475180.54362521,1441.0,-0.0,1469.0,ASK
493,1712700480.4389777,1475180.54362521,1441.0,-0.0,1469.0,ASK
494,1712700510.4760225,1475180.54362521,1441.0,-0.0,1469.0,ASK
495,1712700540.708825,1475180.54362521,1441.0,-0.0,1469.0,ASK
496,1712700570.7188845,1475180.54362521,1441.0,-0.0,1469.0,ASK
497,1712700583.6889167,1475185.54362521,1443.0,2.1681230503368084e-09,1469.0,BID
498,1712700594.2090003,1475221.08372072,1443.0,1.5411060057263746e-08,1469.0,BID
499,1712700600.4603555,1475221.08372072,1443.0,0.0,1469.0,BID
500,1712700630.4386065,1475221.08372072,1443.0,0.0,1469.0,BID
501,1712700660.6885755,1475221.08372072,1443.0,0.0,1469.0,BID
502,1712700690.6987414,1475221.08372072,1443.0,0.0,1469.0,BID
503,1712700720.4584813,1475221.08372072,1443.0,0.0,1469.0,BID
504,1712700732.618489,1475342.85735568,1441.0,-5.281012980961521e-08,1469.0,ASK
505,1712700746.979046,1475351.36913428,1441.0,3.691341996270053e-09,1469.0,BID
506,1712700750.4586546,1475351.36913428,1441.0,0.0,1469.0,BID
507,1712700754.0186057,1475362.70984535,1441.0,4.917777694104684e-09,1469.0,BID
508,1712700780.7084746,1475362.70984535,1441.0,0.0,1469.0,BID
509,1712700810.708496,1475362.70984535,1441.0,0.0,1469.0,BID
510,1712700816.6538212,1475921.08372072,1441.0,2.4213112503899694e-07,1469.0,BID
511,1712700816.655945,1476519.03884587,1443.0,2.592949877525511e-07,1469.0,BID
512,1712700840.478747,1476519.03884587,1443.0,0.0,1469.0,BID
513,1712700870.4387054,1476519.03884587,1443.0,0.0,1469.0,BID
514,1712700877.2287526,1476525.98329031,1440.0,-3.009186628971668e-09,1469.0,ASK
515,1712700877.233261,1480338.76219837,1440.0,-1.652164317587877e-06,1469.0,ASK
516,1712700900.49908,1480338.76219837,1440.0,-0.0,1469.0,ASK
517,1712700900.768873,1480352.62221223,1443.0,6.029119750250825e-09,1469.0,BID
518,1712700904.8495514,1480371.02629023,1440.0,-8.005792149658788e-09,1469.0,ASK
519,1712700930.4425728,1480371.02629023,1440.0,-0.0,1469.0,ASK
520,1712700948.008938,1480371.02629042,1440.0,-8.264408160313721e-17,1469.0,ASK
521,1712700960.6889603,1480371.02629042,1440.0,-0.0,1469.0,ASK
522,1712700990.7090492,1480371.02629042,1440.0,-0.0,1469.0,ASK
523,1712700999.949561,1480375.79089474,1440.0,2.072565671477623e-09,1469.0,BID
524,1712701002.9991152,1480379.46624616,1439.0,-1.5987491661273551e-09,1469.0,ASK
525,1712701008.8394773,1480383.14670578,1439.0,-1.600971193242335e-09,1469.0,ASK
526,1712701020.4695826,1480383.14670578,1439.0,-0.0,1469.0,ASK
527,1712701050.449024,1480383.14670578,1439.0,-0.0,1469.0,ASK
528,1712701080.729729,1480383.14670578,1439.0,-0.0,1469.0,ASK
529,1712701086.8297625,1480389.68943539,1439.0,-2.8460146888205982e-09,1469.0,ASK
530,1712701110.6995502,1480389.68943539,1439.0,-0.0,1469.0,ASK
531,1712701140.4697037,1480389.68943539,1439.0,-0.0,1469.0,ASK
532,1712701143.609756,1480424.43578702,1439.0,1.5114215018246385e-08,1469.0,BID
533,1712701170.4595463,1480424.43578702,1439.0,0.0,1469.0,BID
534,1712701177.2497616,1480438.34399286,1438.0,-6.0497586611495555e-09,1469.0,ASK
535,1712701185.4601166,1480445.35511942,1438.0,3.049683339329474e-09,1469.0,BID
536,1712701189.4798036,1480452.36624598,1438.0,3.049683339329474e-09,1469.0,BID
537,1712701191.5799897,1480459.37737254,1438.0,3.04968333943075e-09,1469.0,BID
538,1712701195.4996772,1480466.3884991,1438.0,3.049683339329474e-09,1469.0,BID
539,1712701197.6831484,1480473.39475344,1438.0,3.047564032591009e-09,1469.0,BID
540,1712701199.6297376,1480480.40100778,1438.0,3.047564032591009e-09,1469.0,BID
541,1712701200.472221,1480480.40100778,1438.0,0.0,1469.0,BID
542,1712701201.7196243,1480487.40726212,1438.0,3.0503765567932507e-09,1469.0,BID
543,1712701204.2498736,1480494.41351646,1438.0,3.0503765568946204e-09,1469.0,BID
544,1712701206.3597934,1480501.42464302,1438.0,3.052497819490828e-09,1469.0,BID
545,1712701208.140185,1480508.43576958,1438.0,3.052497819592196e-09,1469.0,BID
546,1712701209.8497226,1480515.44689614,1438.0,3.052497819490828e-09,1469.0,BID
547,1712701211.5898387,1480522.4580227,1438.0,3.052497819490828e-09,1469.0,BID
548,1712701213.7399209,1480529.46914926,1438.0,3.052497819592196e-09,1469.0,BID
549,1712701215.589818,1480536.48027582,1438.0,3.052497819490828e-09,1469.0,BID
550,1712701217.1298673,1480543.49140238,1438.0,3.052497819490828e-09,1469.0,BID
551,1712701218.6597202,1480550.50252894,1438.0,3.052497819592196e-09,1469.0,BID
552,1712701220.180114,1480557.5136555,1438.0,3.052497819490828e-09,1469.0,BID
553,1712701230.4684043,1480557.5136555,1438.0,0.0,1469.0,BID
554,1712701260.6898484,1480557.5136555,1438.0,0.0,1469.0,BID
555,1712701290.719947,1480557.5136555,1438.0,0.0,1469.0,BID
556,1712701319.7603824,1480571.43153998,1437.0,-6.0592631857637835e-09,1469.0,ASK
557,1712701319.7651992,1480585.35911658,1436.0,-6.063482728381641e-09,1469.0,ASK
558,1712701319.769855,1480673.35911658,1435.0,-3.8311509275306055e-08,1469.0,ASK
559,1712701319.7745032,1480687.29639881,1435.0,-6.067708152584698e-09,1469.0,ASK
560,1712701320.4603536,1480687.29639881,1435.0,-0.0,1469.0,ASK
561,1712701323.8704846,1480691.82601553,1435.0,1.971845233749045e-09,1469.0,BID
562,1712701350.470648,1480691.82601553,1435.0,0.0,1469.0,BID
563,1712701380.720086,1480691.82601553,1435.0,0.0,1469.0,BID
564,1712701410.7205458,1480691.82601553,1435.0,0.0,1469.0,BID
565,1712701440.470616,1480691.82601553,1435.0,0.0,1469.0,BID
566,1712701465.4813032,1480705.78274965,1433.0,-6.075666769192598e-09,1469.0,ASK
567,1712701465.485709,1480719.75899004,1431.0,-6.084158268306609e-09,1469.0,ASK
568,1712701465.4894605,1480733.70599143,1434.0,-6.071429902238753e-09,1469.0,ASK
569,1712701465.4931653,1480747.69200541,1430.0,-6.088412922461066e-09,1469.0,ASK
570,1712701465.4966311,1480761.65848585,1432.0,-6.0799095520032245e-09,1469.0,ASK
571,1712701465.4986863,1480793.22461693,1430.0,-1.3741416292847478e-08,1469.0,ASK
572,1712701470.4602478,1480793.22461693,1430.0,-0.0,1469.0,ASK
573,1712701498.010412,1480856.91894426,1431.0,-2.7725759872999323e-08,1469.0,ASK
574,1712701500.6904075,1480856.91894426,1431.0,-0.0,1469.0,ASK
575,1712701530.7004082,1480856.91894426,1431.0,-0.0,1469.0,ASK
576,1712701560.4805994,1480856.91894426,1431.0,-0.0,1469.0,ASK
577,1712701590.4641027,1480856.91894426,1431.0,-0.0,1469.0,ASK
578,1712701620.6806302,1480856.91894426,1431.0,-0.0,1469.0,ASK
579,1712701650.720487,1480856.91894426,1431.0,-0.0,1469.0,ASK
580,1712701680.4707863,1480856.91894426,1431.0,-0.0,1469.0,ASK
581,1712701710.4907937,1480856.91894426,1431.0,-0.0,1469.0,ASK
582,1712701740.7105124,1480856.91894426,1431.0,-0.0,1469.0,ASK
583,1712701770.7004893,1480856.91894426,1431.0,-0.0,1469.0,ASK
584,1712701800.520386,1480856.91894426,1431.0,-0.0,1469.0,ASK
585,1712701807.320404,1480863.8633887,1440.0,3.046820492888364e-09,1469.0,BID
586,1712701830.4504528,1480863.8633887,1440.0,0.0,1469.0,BID
587,1712701843.0023432,1480868.33823461,1440.0,1.963294907329653e-09,1469.0,BID
588,1712701860.740539,1480868.33823461,1440.0,0.0,1469.0,BID
589,1712701874.429143,1480880.06954967,1431.0,-5.1469852733072125e-09,1469.0,ASK
590,1712701874.4316194,1480998.33823461,1431.0,-5.1889082900188224e-08,1469.0,ASK
591,1712701890.6905825,1480998.33823461,1431.0,-0.0,1469.0,ASK
592,1712701916.130671,1481008.31669187,1439.0,4.377580927589695e-09,1469.0,BID
593,1712701920.4708412,1481008.31669187,1439.0,0.0,1469.0,BID
594,1712701950.4711502,1481008.31669187,1439.0,0.0,1469.0,BID
595,1712701980.4305215,1481008.31669187,1439.0,0.0,1469.0,BID
596,1712702010.4506886,1481008.31669187,1439.0,0.0,1469.0,BID
597,1712702040.690666,1481008.31669187,1439.0,0.0,1469.0,BID
598,1712702070.7105858,1481008.31669187,1439.0,0.0,1469.0,BID
599,1712702100.4824405,1481008.31669187,1439.0,0.0,1469.0,BID
600,1712702130.473528,1481008.31669187,1439.0,0.0,1469.0,BID
601,1712702160.7205634,1481008.31669187,1439.0,0.0,1469.0,BID
602,1712702190.6806407,1481008.31669187,1439.0,0.0,1469.0,BID
603,1712702220.471128,1481008.31669187,1439.0,0.0,1469.0,BID
604,1712702250.470736,1481008.31669187,1439.0,0.0,1469.0,BID
605,1712702280.7005546,1481008.31669187,1439.0,0.0,1469.0,BID
606,1712702310.700786,1481008.31669187,1439.0,0.0,1469.0,BID
607,1712702340.4856925,1481008.31669187,1439.0,0.0,1469.0,BID
608,1712702370.4710546,1481008.31669187,1439.0,0.0,1469.0,BID
609,1712702400.5004525,1481008.31669187,1439.0,0.0,1469.0,BID
610,1712702430.4203956,1481008.31669187,1439.0,0.0,1469.0,BID
611,1712702460.705343,1481008.31669187,1439.0,0.0,1469.0,BID
612,1712702465.870656,1481028.31669187,1438.0,8.783283047038414e-09,1469.0,BID
613,1712702478.260526,1481048.31669187,1438.0,8.783283047038414e-09,1469.0,BID
614,1712702490.69059,1481048.31669187,1438.0,0.0,1469.0,BID
615,1712702520.470773,1481048.31669187,1438.0,0.0,1469.0,BID
616,1712702531.6812613,1481064.62236454,1437.0,7.1606860324537294e-09,1469.0,BID
617,1712702531.6872332,1481088.31669187,1437.0,1.0405436328688756e-08,1469.0,BID
618,1712702550.4504707,1481088.31669187,1437.0,0.0,1469.0,BID
619,1712702580.726144,1481088.31669187,1437.0,0.0,1469.0,BID
620,1712702604.341019,1481157.90611427,1437.0,3.0559636320771774e-08,1469.0,BID
621,1712702607.760519,1481227.49553667,1437.0,3.055963632087402e-08,1469.0,BID
622,1712702610.7006533,1481227.49553667,1437.0,0.0,1469.0,BID
623,1712702640.4304636,1481227.49553667,1437.0,0.0,1469.0,BID
624,1712702670.4772696,1481227.49553667,1437.0,0.0,1469.0,BID
625,1712702700.5225425,1481227.49553667,1437.0,0.0,1469.0,BID
626,1712702730.5217528,1481227.49553667,1437.0,0.0,1469.0,BID
627,1712702760.700791,1481227.49553667,1437.0,0.0,1469.0,BID
628,1712702775.3214912,1481236.12669595,1432.0,-3.794997443868902e-09,1469.0,ASK
629,1712702775.3269386,1481474.34320174,1432.0,-1.047403947994468e-07,1469.0,ASK
630,1712702775.3320303,1482173.64390104,1430.0,-3.0747252834287724e-07,1469.0,ASK
631,1712702775.3351529,1482256.53550327,1432.0,-3.6446253437992484e-08,1469.0,ASK
632,1712702775.337805,1482377.21489696,1431.0,-5.3061005564327726e-08,1469.0,ASK
633,1712702775.3401897,1482391.2204992,1428.0,-6.158063242374916e-09,1469.0,ASK
634,1712702775.3425262,1482405.19673959,1431.0,-6.145153256297182e-09,1469.0,ASK
635,1712702775.344904,1482587.51869941,1430.0,-8.016436136035705e-08,1469.0,ASK
636,1712702775.3472517,1483894.0857144,1428.0,-5.744788528747129e-07,1469.0,ASK
637,1712702775.3498535,1483922.0773169,1429.0,-1.2307507774049114e-08,1469.0,ASK
638,1712702775.3522077,1483945.08314114,1427.0,-1.0115332292304074e-08,1469.0,ASK
639,1712702775.354576,1483959.08874338,1428.0,-6.158063242374916e-09,1469.0,ASK
640,1712702775.3569949,1484091.19296817,1427.0,-5.8084340601366336e-08,1469.0,ASK
641,1712702775.527325,1484625.58004645,1437.0,2.349623648839281e-07,1469.0,BID
642,1712702790.7003908,1484625.58004645,1437.0,0.0,1469.0,BID
643,1712702820.4303193,1484625.58004645,1437.0,0.0,1469.0,BID
644,1712702850.456057,1484625.58004645,1437.0,0.0,1469.0,BID
645,1712702880.7005365,1484625.58004645,1437.0,0.0,1469.0,BID
646,1712702910.7013102,1484625.58004645,1437.0,0.0,1469.0,BID
647,1712702940.4922588,1484625.58004645,1437.0,0.0,1469.0,BID
648,1712702970.4730134,1484625.58004645,1437.0,0.0,1469.0,BID
649,1712703000.5096817,1484625.58004645,1437.0,0.0,1469.0,BID
650,1712703008.7607884,1484633.61804645,1428.0,-3.558608924644344e-09,1469.0,ASK
651,1712703008.765097,1484695.60805766,1428.0,-2.744441492070237e-08,1469.0,ASK
652,1712703030.4740078,1484695.60805766,1428.0,-0.0,1469.0,ASK
653,1712703060.6641157,1484695.60805766,1428.0,-0.0,1469.0,ASK
654,1712703090.711877,1484695.60805766,1428.0,-0.0,1469.0,ASK
655,1712703120.4752717,1484695.60805766,1428.0,-0.0,1469.0,ASK
656,1712703150.4453146,1484695.60805766,1428.0,-0.0,1469.0,ASK
657,1712703180.6859732,1484695.60805766,1428.0,-0.0,1469.0,ASK
658,1712703210.7075655,1484695.60805766,1428.0,-0.0,1469.0,ASK
659,1712703240.459352,1484695.60805766,1428.0,-0.0,1469.0,ASK
660,1712703251.3385253,1484702.61576614,1427.0,-3.1023376383872047e-09,1469.0,ASK
661,1712703252.336944,1484706.8223438,1427.0,-1.8622669937020918e-09,1469.0,ASK
662,1712703270.21709,1484713.77917179,1436.0,3.079812663320216e-09,1469.0,BID
663,1712703270.4872308,1484713.77917179,1436.0,0.0,1469.0,BID
664,1712703300.6773355,1484713.77917179,1436.0,0.0,1469.0,BID
665,1712703330.7376351,1484713.77917179,1436.0,0.0,1469.0,BID
666,1712703360.508119,1484713.77917179,1436.0,0.0,1469.0,BID
667,1712703390.478727,1484713.77917179,1436.0,0.0,1469.0,BID
668,1712703399.7985277,1485270.88223585,1436.0,2.4665130903789465e-07,1469.0,BID
669,1712703420.448345,1485270.88223585,1436.0,0.0,1469.0,BID
670,1712703450.4557166,1485270.88223585,1436.0,0.0,1469.0,BID
671,1712703480.7191164,1485270.88223585,1436.0,0.0,1469.0,BID
672,1712703510.7092917,1485270.88223585,1436.0,0.0,1469.0,BID
673,1712703540.4995546,1485270.88223585,1436.0,0.0,1469.0,BID
674,1712703570.429913,1485270.88223585,1436.0,0.0,1469.0,BID
675,1712703600.6699157,1485270.88223585,1436.0,0.0,1469.0,BID
676,1712703630.4736297,1485270.88223585,1436.0,0.0,1469.0,BID
677,1712703660.6704926,1485270.88223585,1436.0,0.0,1469.0,BID
678,1712703690.700832,1485270.88223585,1436.0,0.0,1469.0,BID
679,1712703720.4606647,1485270.88223585,1436.0,0.0,1469.0,BID
680,1712703750.461027,1485270.88223585,1436.0,0.0,1469.0,BID
681,1712703780.7010312,1485270.88223585,1436.0,0.0,1469.0,BID
682,1712703810.7111485,1485270.88223585,1436.0,0.0,1469.0,BID
683,1712703840.5016897,1485270.88223585,1436.0,0.0,1469.0,BID
684,1712703870.4515338,1485270.88223585,1436.0,0.0,1469.0,BID
685,1712703900.7220109,1485270.88223585,1436.0,0.0,1469.0,BID
686,1712703930.7118795,1485270.88223585,1436.0,0.0,1469.0,BID
687,1712703960.4722607,1485270.88223585,1436.0,0.0,1469.0,BID
688,1712703990.4321787,1485270.88223585,1436.0,0.0,1469.0,BID
689,1712704008.5124617,1485274.36761189,1433.0,1.561621834208397e-09,1469.0,BID
690,1712704020.6827118,1485274.36761189,1433.0,0.0,1469.0,BID
691,1712704043.0929208,1486317.39431675,1433.0,4.673267998427928e-07,1469.0,BID
692,1712704043.099155,1488415.9259489,1433.0,9.40244451509936e-07,1469.0,BID
693,1712704043.1047692,1488763.30872649,1434.0,1.5564441544517816e-07,1469.0,BID
694,1712704050.7002337,1488763.30872649,1434.0,0.0,1469.0,BID
695,1712704080.4727683,1488763.30872649,1434.0,0.0,1469.0,BID
696,1712704110.4829352,1488763.30872649,1434.0,0.0,1469.0,BID
697,1712704140.5531523,1488763.30872649,1434.0,0.0,1469.0,BID
698,1712704170.4832048,1488763.30872649,1434.0,0.0,1469.0,BID
699,1712704200.512874,1488763.30872649,1434.0,0.0,1469.0,BID
700,1712704230.4932585,1488763.30872649,1434.0,0.0,1469.0,BID
701,1712704237.9733086,1488787.21851669,1430.0,1.0700686539877349e-08,1469.0,BID
702,1712704260.6933303,1488787.21851669,1430.0,0.0,1469.0,BID
703,1712704290.703411,1488787.21851669,1430.0,0.0,1469.0,BID
704,1712704320.4656904,1488787.21851669,1430.0,0.0,1469.0,BID
705,1712704350.484296,1488787.21851669,1430.0,0.0,1469.0,BID
706,1712704380.7236102,1488787.21851669,1430.0,0.0,1469.0,BID
707,1712704399.373783,1488927.07865655,1430.0,6.259262849914976e-08,1469.0,BID
708,1712704410.7766466,1488927.07865655,1430.0,0.0,1469.0,BID
709,1712704439.074014,1488950.98844675,1428.0,-1.0699565109789964e-08,1469.0,ASK
710,1712704440.5046098,1488950.98844675,1428.0,-0.0,1469.0,ASK
711,1712704447.014249,1489021.01645795,1428.0,-3.1336862899402176e-08,1469.0,ASK
712,1712704447.0202072,1489185.20998364,1428.0,-7.347502685485539e-08,1469.0,ASK
713,1712704470.473739,1489185.20998364,1428.0,-0.0,1469.0,ASK
714,1712704500.5138955,1489185.20998364,1428.0,-0.0,1469.0,ASK
715,1712704511.6141634,1491765.98244371,1427.0,-1.1583776485636977e-06,1469.0,ASK
716,1712704511.620092,1491920.05388306,1427.0,-6.915484196551367e-08,1469.0,ASK
717,1712704530.487517,1491920.05388306,1427.0,-0.0,1469.0,ASK
718,1712704560.6946225,1491920.05388306,1427.0,-0.0,1469.0,ASK
719,1712704590.7245646,1491920.05388306,1427.0,-0.0,1469.0,ASK
720,1712704595.6843193,1492443.30992352,1427.0,-2.344523664368393e-07,1469.0,ASK
721,1712704613.2947674,1492723.51390001,1427.0,-1.2554940658746404e-07,1469.0,ASK
722,1712704613.3009498,1493095.30880522,1427.0,-1.6658803456727353e-07,1469.0,ASK
723,1712704620.4642074,1493095.30880522,1427.0,-0.0,1469.0,ASK
724,1712704643.3250017,1493165.43503243,1426.0,-3.1397467482004224e-08,1469.0,ASK
725,1712704643.3308153,1493593.22814849,1426.0,-1.915349076214227e-07,1469.0,ASK
726,1712704643.3353963,1493783.25929537,1425.0,-8.50822437211978e-08,1469.0,ASK
727,1712704643.337963,1493885.64709165,1426.0,-4.584187160997272e-08,1469.0,ASK
728,1712704643.3405511,1493909.88505656,1425.0,-1.0852012797037574e-08,1469.0,ASK
729,1712704643.3431463,1493931.68274239,1426.0,-9.759431802674164e-09,1469.0,ASK
730,1712704643.3457785,1494170.00629426,1425.0,-1.067041001310407e-07,1469.0,ASK
731,1712704648.22463,1494174.00629426,1425.0,-1.790911545146275e-09,1469.0,ASK
732,1712704648.2305405,1494721.64765466,1425.0,-2.451943087349984e-07,1469.0,ASK
733,1712704650.4744155,1494721.64765466,1425.0,-0.0,1469.0,ASK
734,1712704680.714681,1494721.64765466,1425.0,-0.0,1469.0,ASK
735,1712704692.1048822,1494735.69259848,1424.0,-6.2817931199818206e-09,1469.0,ASK
736,1712704692.1107671,1494876.14203668,1424.0,-6.28179311998182e-08,1469.0,ASK
737,1712704701.564651,1494938.59042151,1424.0,2.7930893794036563e-08,1469.0,BID
738,1712704710.7168458,1494938.59042151,1424.0,0.0,1469.0,BID
739,1712704735.69547,1495008.82146083,1424.0,3.1407452786775834e-08,1469.0,BID
740,1712704740.4344528,1495008.82146083,1424.0,0.0,1469.0,BID
741,1712704763.496884,1495079.14494887,1422.0,-3.144738956828019e-08,1469.0,ASK
742,1712704763.5032291,1495184.70441403,1421.0,-4.7204280049740726e-08,1469.0,ASK
743,1712704763.507895,1495460.72790115,1420.0,-1.2343270180983236e-07,1469.0,ASK
744,1712704770.4771347,1495460.72790115,1420.0,-0.0,1469.0,ASK
745,1712704780.6549597,1495464.93547478,1420.0,-1.881010703207613e-09,1469.0,ASK
746,1712704780.6605794,1496252.98969649,1420.0,-3.523024327382971e-07,1469.0,ASK
747,1712704780.665451,1496262.40021178,1420.0,-4.207004211954363e-09,1469.0,ASK
748,1712704780.670153,1496265.99852045,1419.0,-1.608636643538346e-09,1469.0,ASK
749,1712704780.673464,1496336.42105566,1420.0,-3.1482643948294155e-08,1469.0,ASK
750,1712704780.6761484,1497458.72790115,1417.0,-5.017312528152673e-07,1469.0,ASK
751,1712704785.8749232,1497480.91553115,1424.0,9.919058626136634e-09,1469.0,BID
752,1712704800.4848833,1497480.91553115,1424.0,0.0,1469.0,BID
753,1712704801.095233,1497598.78709365,1425.0,5.30356812405364e-08,1469.0,BID
754,1712704801.101041,1497743.07560882,1424.0,6.492184828056743e-08,1469.0,BID
755,1712704801.1057,1497831.58342548,1430.0,3.9823620321263375e-08,1469.0,BID
756,1712704805.264811,1497836.31667604,1418.0,-2.1297008592045743e-09,1469.0,ASK
757,1712704830.464994,1497836.31667604,1418.0,-0.0,1469.0,ASK
758,1712704851.854951,1497840.62381604,1419.0,-1.937532941661221e-09,1469.0,ASK
759,1712704851.8654163,1497864.24963693,1419.0,-1.0627889097196058e-08,1469.0,ASK
760,1712704858.4584427,1497868.98288749,1429.0,2.129215414590196e-09,1469.0,BID
761,1712704860.0853074,1498022.02095022,1419.0,-6.884296490392016e-08,1469.0,ASK
762,1712704860.0963638,1498022.1862301,1429.0,-7.434984977321378e-11,1469.0,ASK
763,1712704860.724842,1498022.1862301,1429.0,-0.0,1469.0,ASK
764,1712704890.7351084,1498022.1862301,1429.0,-0.0,1469.0,ASK
765,1712704899.9154444,1498081.19426041,1418.0,-2.654114723691613e-08,1469.0,ASK
766,1712704899.9213223,1500020.1862301,1419.0,-8.721367428863778e-07,1469.0,ASK
767,1712704920.4853528,1500020.1862301,1419.0,-0.0,1469.0,ASK
768,1712704950.4572198,1500020.1862301,1419.0,-0.0,1469.0,ASK
769,1712704980.7339458,1500020.1862301,1419.0,-0.0,1469.0,ASK
770,1712705004.7731037,1500472.09267043,1420.0,-2.0300355598629645e-07,1469.0,ASK
771,1712705005.0739477,1500724.90786505,1420.0,-1.1356860388571561e-07,1469.0,ASK
772,1712705010.749921,1500724.90786505,1420.0,-0.0,1469.0,ASK
773,1712705040.4824488,1500724.90786505,1420.0,-0.0,1469.0,ASK
774,1712705070.4617565,1500724.90786505,1420.0,-0.0,1469.0,ASK
775,1712705100.1711442,1500806.34927294,1418.0,-3.6568336269658056e-08,1469.0,ASK
776,1712705100.1741269,1500947.39299649,1418.0,-6.333061332216939e-08,1469.0,ASK
777,1712705100.7307937,1500947.39299649,1418.0,-0.0,1469.0,ASK
778,1712705117.0814998,1502355.84370072,1418.0,6.354098717590946e-07,1469.0,BID
779,1712705125.2908142,1503458.74782708,1417.0,-4.975652803384147e-07,1469.0,ASK
780,1712705130.730184,1503458.74782708,1417.0,-0.0,1469.0,ASK
781,1712705160.4600835,1503458.74782708,1417.0,-0.0,1469.0,ASK
782,1712705190.479521,1503458.74782708,1417.0,-0.0,1469.0,ASK
783,1712705220.6890488,1503458.74782708,1417.0,-0.0,1469.0,ASK
784,1712705250.70835,1503458.74782708,1417.0,-0.0,1469.0,ASK
785,1712705280.4496012,1503458.74782708,1417.0,-0.0,1469.0,ASK
786,1712705310.4472594,1503458.74782708,1417.0,-0.0,1469.0,ASK
787,1712705340.687462,1503458.74782708,1417.0,-0.0,1469.0,ASK
788,1712705370.6971486,1503458.74782708,1417.0,-0.0,1469.0,ASK
789,1712705375.799589,1503494.92753185,1417.0,-1.6295976178287943e-08,1469.0,ASK
790,1712705400.5561545,1503494.92753185,1417.0,-0.0,1469.0,ASK
791,1712705430.5058787,1503494.92753185,1417.0,-0.0,1469.0,ASK
792,1712705460.72595,1503494.92753185,1417.0,-0.0,1469.0,ASK
793,1712705490.705443,1503494.92753185,1417.0,-0.0,1469.0,ASK
794,1712705520.4878078,1503494.92753185,1417.0,-0.0,1469.0,ASK
795,1712705550.4651632,1503494.92753185,1417.0,-0.0,1469.0,ASK
796,1712705580.6859174,1503494.92753185,1417.0,-0.0,1469.0,ASK
797,1712705610.7043574,1503494.92753185,1417.0,-0.0,1469.0,ASK
798,1712705640.444138,1503494.92753185,1417.0,-0.0,1469.0,ASK
799,1712705670.4665596,1503494.92753185,1417.0,-0.0,1469.0,ASK
800,1712705700.7035286,1503494.92753185,1417.0,-0.0,1469.0,ASK
801,1712705714.1134894,1503501.98469487,1420.0,3.1972082988282067e-09,1469.0,BID
802,1712705730.703237,1503501.98469487,1420.0,0.0,1469.0,BID
803,1712705760.4537218,1503501.98469487,1420.0,0.0,1469.0,BID
804,1712705776.943233,1503572.40723008,1420.0,3.1904391489065284e-08,1469.0,BID
805,1712705790.4231417,1503572.40723008,1420.0,0.0,1469.0,BID
806,1712705820.7116385,1503572.40723008,1420.0,0.0,1469.0,BID
807,1712705843.193013,1503642.97886028,1417.0,-3.19704894363664e-08,1469.0,ASK
808,1712705843.2046263,1504074.54192225,1417.0,-1.955074904002714e-07,1469.0,ASK
809,1712705845.0431452,1504082.24281653,1417.0,-3.488673260455932e-09,1469.0,ASK
810,1712705845.0491157,1505058.60096791,1417.0,-4.423115616910526e-07,1469.0,ASK
811,1712705845.0540974,1505525.52790944,1416.0,-2.1152810002343285e-07,1469.0,ASK
812,1712705845.059109,1505563.11566526,1417.0,-1.7028074128038677e-08,1469.0,ASK
813,1712705845.0621488,1505718.73912471,1416.0,-7.050082522257931e-08,1469.0,ASK
814,1712705845.0650458,1505773.98531953,1417.0,-2.5027732573082188e-08,1469.0,ASK
815,1712705850.7055142,1505773.98531953,1417.0,-0.0,1469.0,ASK
816,1712705852.8026574,1505782.90444953,1417.0,-4.034859461461702e-09,1469.0,ASK
817,1712705852.8126228,1505843.65558093,1416.0,-2.7482756426057083e-08,1469.0,ASK
818,1712705880.4525585,1505843.65558093,1416.0,-0.0,1469.0,ASK
819,1712705910.4422667,1505843.65558093,1416.0,-0.0,1469.0,ASK
820,1712705921.8054454,1506843.65558093,1417.0,-4.5236243688317145e-07,1469.0,ASK
821,1712705940.702293,1506843.65558093,1417.0,-0.0,1469.0,ASK
822,1712705963.32203,1507098.78252959,1416.0,-1.1533591816677649e-07,1469.0,ASK
823,1712705970.7022405,1507098.78252959,1416.0,-0.0,1469.0,ASK
824,1712706000.5217836,1507098.78252959,1416.0,-0.0,1469.0,ASK
825,1712706003.6593382,1507503.65665172,1416.0,-1.8394729327749498e-07,1469.0,ASK
826,1712706003.6717813,1508046.7804741,1416.0,-2.467585641575516e-07,1469.0,ASK
827,1712706004.1517737,1508263.09646264,1416.0,-9.82792883260508e-08,1469.0,ASK
828,1712706004.1569,1508392.4047247,1415.0,-5.87488888625604e-08,1469.0,ASK
829,1712706008.7319524,1508898.80880122,1415.0,-2.300756064391269e-07,1469.0,ASK
830,1712706017.672686,1509040.25151692,1414.0,-6.426196016173952e-08,1469.0,ASK
831,1712706017.6811764,1509190.25151692,1415.0,-6.814980875158458e-08,1469.0,ASK
832,1712706017.685014,1509197.3236527,1414.0,-3.213098005817942e-09,1469.0,ASK
833,1712706017.6883426,1509338.56659055,1415.0,-6.417119467985448e-08,1469.0,ASK
834,1712706017.691433,1509534.5211398,1414.0,-8.902843370269074e-08,1469.0,ASK
835,1712706030.451922,1509534.5211398,1414.0,-0.0,1469.0,ASK
836,1712706035.3123093,1509818.76374268,1414.0,-1.289385755299055e-07,1469.0,ASK
837,1712706035.3233943,1509870.26972724,1414.0,-2.336422553537409e-08,1469.0,ASK
1037,1712706035.3233943,1509870.26972724,1414.0,-2.3364225535374092e-08,1469.0,ASK
838,1712706035.3274972,1509873.88587455,1412.0,-1.640362416944547e-09,1469.0,ASK
839,1712706035.3312392,1509878.15223856,1414.0,-1.9353147365824913e-09,1469.0,ASK
840,1712706035.3350053,1509882.39852306,1413.0,-1.926206237830369e-09,1469.0,ASK
841,1712706035.338738,1509886.94567015,1414.0,-2.062683998034541e-09,1469.0,ASK
842,1712706035.3417766,1509957.7170785,1413.0,-3.210343730474204e-08,1469.0,ASK
843,1712706035.344797,1510029.63794864,1412.0,-3.262485796556303e-08,1469.0,ASK
844,1712706035.347828,1510690.85014032,1413.0,-2.999401119129645e-07,1469.0,ASK
845,1712706060.7016728,1510690.85014032,1413.0,-0.0,1469.0,ASK
846,1712706090.711579,1510690.85014032,1413.0,-0.0,1469.0,ASK
847,1712706119.1728425,1511849.1507535,1415.0,5.250409335024874e-07,1469.0,BID
848,1712706119.1796763,1512104.27770216,1415.0,1.156453599021542e-07,1469.0,BID
849,1712706120.4318192,1512104.27770216,1415.0,0.0,1469.0,BID
850,1712706150.5013075,1512104.27770216,1415.0,0.0,1469.0,BID
851,1712706180.6917524,1512104.27770216,1415.0,0.0,1469.0,BID
852,1712706185.6113322,1512145.88427163,1415.0,1.884257469958353e-08,1469.0,BID
853,1712706188.891209,1512187.56700991,1415.0,1.8877069648492365e-08,1469.0,BID
854,1712706196.7311325,1512243.24097015,1413.0,-2.5213344142647223e-08,1469.0,ASK
855,1712706196.740938,1512328.06662991,1413.0,-3.841541974790206e-08,1469.0,ASK
856,1712706210.6710818,1512328.06662991,1413.0,-0.0,1469.0,ASK
857,1712706240.4810638,1512328.06662991,1413.0,-0.0,1469.0,ASK
858,1712706246.7107892,1512381.17916184,1413.0,-2.4049891438112293e-08,1469.0,ASK
859,1712706251.7507088,1512397.11292142,1413.0,-7.2149674319502846e-09,1469.0,ASK
860,1712706257.130952,1512406.07320519,1415.0,4.057307081634241e-09,1469.0,BID
861,1712706262.271197,1512415.03348896,1413.0,-4.057307081634241e-09,1469.0,ASK
862,1712706270.4709728,1512415.03348896,1413.0,-0.0,1469.0,ASK
863,1712706289.310872,1512421.92635418,1413.0,-3.1209853732222604e-09,1469.0,ASK
1063,1712706289.310872,1512421.92635418,1413.0,-3.12098537322226e-09,1469.0,ASK
864,1712706289.3163035,1514608.20251482,1413.0,-9.899128593577602e-07,1469.0,ASK
865,1712706289.3710608,1514792.75184042,1413.0,8.35611501814122e-08,1469.0,BID
866,1712706294.1508744,1514861.36555529,1413.0,3.1067254860462275e-08,1469.0,BID
867,1712706300.491164,1514861.36555529,1413.0,0.0,1469.0,BID
868,1712706308.794238,1515206.98980589,1415.0,1.5674635857111852e-07,1469.0,BID
869,1712706308.7988095,1517052.17827613,1415.0,8.368237271700123e-07,1469.0,BID
870,1712706330.4827778,1517052.17827613,1415.0,0.0,1469.0,BID
871,1712706331.7907991,1517059.24541393,1415.0,3.2005651086885396e-09,1469.0,BID
872,1712706336.27082,1517129.91679202,1415.0,3.2005651128008695e-08,1469.0,BID
873,1712706351.5910378,1517132.62900983,1415.0,1.2283091027681132e-09,1469.0,BID
874,1712706351.5977228,1518276.50403148,1415.0,5.180380780225558e-07,1469.0,BID
875,1712706360.7105994,1518276.50403148,1415.0,0.0,1469.0,BID
876,1712706373.7907438,1518290.63830709,1415.0,6.396111968481985e-09,1469.0,BID
877,1712706390.7005022,1518290.63830709,1415.0,0.0,1469.0,BID
878,1712706418.8404849,1518297.70544489,1415.0,3.19802703834237e-09,1469.0,BID
879,1712706420.4703674,1518297.70544489,1415.0,0.0,1469.0,BID
880,1712706450.4907348,1518297.70544489,1415.0,0.0,1469.0,BID
881,1712706451.9307303,1518382.5110986,1415.0,3.837615084892105e-08,1469.0,BID
882,1712706480.0107968,1518396.65537017,1414.0,-6.400548497345088e-09,1469.0,ASK
883,1712706480.0178795,1518488.54315561,1414.0,-4.158094845048419e-08,1469.0,ASK
884,1712706480.7103322,1518488.54315561,1414.0,-0.0,1469.0,ASK
885,1712706485.5504973,1519545.8891638,1413.0,-4.784104874276007e-07,1469.0,ASK
886,1712706510.6803453,1519545.8891638,1413.0,-0.0,1469.0,ASK
887,1712706540.4846425,1519545.8891638,1413.0,-0.0,1469.0,ASK
888,1712706570.4399345,1519545.8891638,1413.0,-0.0,1469.0,ASK
889,1712706572.300141,1519552.96630463,1415.0,3.199984818655436e-09,1469.0,BID
890,1712706589.2202015,1519560.01204463,1414.0,-3.185786686702345e-09,1469.0,ASK
891,1712706589.2273338,1519898.03186708,1413.0,-1.528383179348916e-07,1469.0,ASK
892,1712706600.520249,1519898.03186708,1413.0,-0.0,1469.0,ASK
893,1712706630.47005,1519898.03186708,1413.0,-0.0,1469.0,ASK
894,1712706652.5199728,1519969.55518863,1415.0,3.244779514851182e-08,1469.0,BID
895,1712706660.689991,1519969.55518863,1415.0,0.0,1469.0,BID
896,1712706690.7197115,1519969.55518863,1415.0,0.0,1469.0,BID
897,1712706720.4799275,1519969.55518863,1415.0,0.0,1469.0,BID
898,1712706727.0906916,1520315.17943924,1415.0,1.567912361044804e-07,1469.0,BID
899,1712706727.0946994,1521382.98275047,1415.0,4.844052487312356e-07,1469.0,BID
900,1712706743.6704223,1521536.47353071,1413.0,-6.963055723662836e-08,1469.0,ASK
901,1712706743.9696052,1521996.94587143,1413.0,-2.088916717099907e-07,1469.0,ASK
902,1712706750.4400578,1521996.94587143,1413.0,-0.0,1469.0,ASK
903,1712706780.7094262,1521996.94587143,1413.0,-0.0,1469.0,ASK
904,1712706781.0714717,1522000.48514956,1413.0,-1.6034952835865087e-09,1469.0,ASK
905,1712706781.0785873,1522557.53540593,1413.0,-2.5237560485190574e-07,1469.0,ASK
906,1712706781.0850012,1522950.77249014,1413.0,-1.7815887497203041e-07,1469.0,ASK
907,1712706804.059926,1523104.26327038,1412.0,-6.954009635446839e-08,1469.0,ASK
908,1712706804.519626,1524479.77908881,1412.0,-6.231872846121915e-07,1469.0,ASK
909,1712706808.986617,1524493.94339475,1412.0,-6.417240164578857e-09,1469.0,ASK
910,1712706808.9924345,1524747.07222905,1412.0,-1.1468182974779185e-07,1469.0,ASK
911,1712706810.7095068,1524747.07222905,1412.0,-0.0,1469.0,ASK
912,1712706840.4621508,1524747.07222905,1412.0,-0.0,1469.0,ASK
913,1712706843.5098636,1524817.94395123,1411.0,-3.2052536949451863e-08,1469.0,ASK
914,1712706843.517177,1524843.4577712,1411.0,-1.153891329510136e-08,1469.0,ASK
915,1712706843.523954,1525097.25137693,1411.0,-1.1478102513920597e-07,1469.0,ASK
916,1712706843.7769003,1525647.53289503,1411.0,-2.488710327473514e-07,1469.0,ASK
917,1712706843.8295052,1526421.52781838,1411.0,-3.500479474222119e-07,1469.0,ASK
918,1712706843.8365035,1526527.35224542,1410.0,-4.7860292561320774e-08,1469.0,ASK
1118,1712706843.8365035,1526527.35224542,1410.0,-4.786029256132077e-08,1469.0,ASK
919,1712706844.089735,1527627.9152816,1410.0,-4.97742065485647e-07,1469.0,ASK
920,1712706845.0596025,1528038.12514054,1410.0,-1.8552204259016224e-07,1469.0,ASK
921,1712706870.4393518,1528038.12514054,1410.0,-0.0,1469.0,ASK
922,1712706879.1903749,1528062.90588413,1410.0,-1.11838914948066e-08,1469.0,ASK
923,1712706879.1984932,1528405.42067074,1410.0,-1.54581649050376e-07,1469.0,ASK
924,1712706879.202715,1528612.28072513,1410.0,-9.335879670111569e-08,1469.0,ASK
925,1712706900.7095523,1528612.28072513,1410.0,-0.0,1469.0,ASK
926,1712706916.5098145,1528619.35786596,1413.0,3.2091049854408904e-09,1469.0,BID
1126,1712706916.5098145,1528619.35786596,1413.0,3.20910498544089e-09,1469.0,BID
927,1712706919.9394443,1528653.35786596,1410.0,-1.5417182182189326e-08,1469.0,ASK
928,1712706930.709521,1528653.35786596,1410.0,-0.0,1469.0,ASK
929,1712706938.090587,1528721.66403124,1410.0,-3.0972380221767324e-08,1469.0,ASK
930,1712706938.0978634,1529396.67783732,1409.0,-3.0607462988451304e-07,1469.0,ASK
931,1712706938.1022308,1530115.24273092,1410.0,-3.258222007841203e-07,1469.0,ASK
932,1712706938.1054263,1530186.16471673,1410.0,-3.2158483814589065e-08,1469.0,ASK
933,1712706938.10867,1530631.35786596,1409.0,-2.0186598725895125e-07,1469.0,ASK
934,1712706941.3394923,1530645.55233011,1409.0,-6.436261483769166e-09,1469.0,ASK
935,1712706941.3451717,1531997.01744914,1409.0,-6.128010751530518e-07,1469.0,ASK
936,1712706942.199656,1532050.841208,1409.0,2.4405555743671546e-08,1469.0,BID
937,1712706942.2593515,1532693.251821,1409.0,2.912912133600693e-07,1469.0,BID
938,1712706942.2725427,1532747.07557944,1409.0,2.4405555553322573e-08,1469.0,BID
939,1712706960.5302308,1532747.07557944,1409.0,0.0,1469.0,BID
940,1712706980.060862,1532818.09830671,1408.0,-3.2120142912480044e-08,1469.0,ASK
941,1712706980.0694418,1533141.54912346,1408.0,-1.4628115335091665e-07,1469.0,ASK
942,1712706980.6901572,1533175.54912346,1408.0,1.5376554815671932e-08,1469.0,BID
943,1712706985.0193207,1533769.83705904,1408.0,2.6876767699236266e-07,1469.0,BID
944,1712706990.5034697,1533769.83705904,1408.0,0.0,1469.0,BID
945,1712706995.970453,1534120.01620692,1410.0,1.5826601122453526e-07,1469.0,BID
946,1712706995.9773934,1534913.72295735,1410.0,3.587215350574764e-07,1469.0,BID
947,1712707020.7192764,1534913.72295735,1410.0,0.0,1469.0,BID
948,1712707038.890163,1534927.90735451,1410.0,-6.406071676656938e-09,1469.0,ASK
949,1712707050.6994624,1534927.90735451,1410.0,-0.0,1469.0,ASK
950,1712707061.0446303,1535031.0320537,1407.0,-4.657358646447085e-08,1469.0,ASK
951,1712707061.048247,1535161.86569103,1407.0,-5.908760722221331e-08,1469.0,ASK
952,1712707061.051544,1535195.86569103,1408.0,-1.535521511557688e-08,1469.0,ASK
953,1712707061.0547893,1535200.86569103,1407.0,-2.2581198699377767e-09,1469.0,ASK
954,1712707061.0580914,1536935.90735451,1407.0,-7.835864110948124e-07,1469.0,ASK
955,1712707080.449443,1536935.90735451,1407.0,-0.0,1469.0,ASK
956,1712707100.99958,1536943.01467505,1410.0,3.205745915291958e-09,1469.0,BID
957,1712707106.6196473,1537619.55966356,1410.0,3.0515456861479425e-07,1469.0,BID
958,1712707106.626476,1537647.59997105,1410.0,1.2647537238814929e-08,1469.0,BID
959,1712707110.4707105,1537647.59997105,1410.0,0.0,1469.0,BID
960,1712707115.519565,1537653.8195158,1409.0,-2.804046850348537e-09,1469.0,ASK
961,1712707125.5897508,1537975.95835619,1410.0,1.452344885443851e-07,1469.0,BID
962,1712707125.599488,1538008.42944487,1410.0,1.4639408123551009e-08,1469.0,BID
963,1712707140.6902297,1538008.42944487,1410.0,0.0,1469.0,BID
964,1712707144.1396294,1538107.32377111,1410.0,4.4575727578429566e-08,1469.0,BID
965,1712707144.2195396,1538526.23987411,1410.0,1.888226634986069e-07,1469.0,BID
966,1712707158.8368394,1538699.40218173,1409.0,-7.80513518295917e-08,1469.0,ASK
967,1712707158.8404722,1538719.10500021,1409.0,-8.880868119407677e-09,1469.0,ASK
968,1712707163.5897155,1538770.36509403,1410.0,2.310502598724113e-08,1469.0,BID
1168,1712707163.5897155,1538770.36509403,1410.0,2.3105025987241132e-08,1469.0,BID
969,1712707163.6023583,1538770.36509421,1410.0,8.112350329374288e-17,1469.0,BID
970,1712707170.6698575,1538770.36509421,1410.0,0.0,1469.0,BID
971,1712707175.780339,1538770.36509474,1410.0,2.3874222943912833e-16,1469.0,BID
972,1712707175.7855232,1539559.42818421,1410.0,3.5549097305115973e-07,1469.0,BID
973,1712707175.8002489,1539744.06602406,1410.0,8.318357077676345e-08,1469.0,BID
974,1712707178.7306595,1539754.06602406,1410.0,-4.505228768080775e-09,1469.0,ASK
975,1712707178.7366142,1540004.22970664,1409.0,-1.1270446194884173e-07,1469.0,ASK
976,1712707178.740863,1540196.76535371,1410.0,-8.674171360609702e-08,1469.0,ASK
977,1712707178.745194,1541752.92602406,1409.0,-7.010859819817013e-07,1469.0,ASK
978,1712707189.769998,1541759.49946479,1415.0,2.9614854282547833e-09,1469.0,BID
979,1712707189.7776468,1541767.12048821,1412.0,3.4334453954053713e-09,1469.0,BID
980,1712707192.2996988,1543823.82272836,1415.0,9.265914099699758e-07,1469.0,BID
981,1712707193.829692,1543830.91996043,1419.0,3.1974654094699275e-09,1469.0,BID
982,1712707195.3015833,1544023.62034702,1415.0,-8.681593252859671e-08,1469.0,ASK
983,1712707197.949988,1544030.68748482,1419.0,3.183907252420976e-09,1469.0,BID
984,1712707200.6242664,1544030.68748482,1419.0,0.0,1469.0,BID
985,1712707205.184611,411.66295798,1415.0,-1.859249327914613e-07,1415.0,ASK
986,1712707205.6627967,963.89375527,1415.0,-2.4941149520794773e-07,1415.0,ASK
987,1712707205.866079,1290.64719658,1415.0,-1.4757609456299918e-07,1415.0,ASK
988,1712707211.1847584,1360.60458295,1409.0,-3.1595804545864584e-08,1415.0,ASK
989,1712707215.5387828,1408.12334271,1409.0,-2.1461542855504786e-08,1415.0,ASK
990,1712707227.90755,2002.41127829,1409.0,-2.684063317809029e-07,1415.0,ASK
991,1712707230.1155844,2006.70695888,1409.0,-1.9401165674667068e-09,1415.0,ASK
992,1712707230.1191711,4973.75302526,1409.0,-1.3400473124610648e-06,1415.0,ASK
993,1712707230.1226678,6492.3384376,1407.0,-6.858593547324347e-07,1415.0,ASK
994,1712707230.129639,6498.39216139,1409.0,-2.7341254950815127e-09,1415.0,ASK
995,1712707230.1331103,6505.49443411,1408.0,-3.2076958894045942e-09,1415.0,ASK
996,1712707230.1388936,6510.07263063,1409.0,-2.0677130739766997e-09,1415.0,ASK
997,1712707230.14239,11107.80366924,1408.0,-2.076535713928166e-06,1415.0,ASK
998,1712707230.148321,12037.39146951,1407.0,-4.198423636098899e-07,1415.0,ASK
999,1712707230.1541927,12826.30404946,1407.0,-3.563073032494427e-07,1415.0,ASK
1000,1712707230.1576986,18772.34040447,1406.0,-2.6854891562396286e-06,1415.0,ASK
1201,1712707230.166972,18872.34040447,1407.0,-4.51643581690666e-08,1415.0,ASK
1202,1712707230.1681714,18877.34040447,1406.0,-2.2582179084533303e-09,1415.0,ASK
1203,1712707230.5467095,18877.34040447,1406.0,-0.0,1415.0,ASK
1204,1712707236.4170115,18896.66187039,1410.0,8.622913225587419e-09,1415.0,BID
1205,1712707236.4182534,18947.92196475,1410.0,2.2876698250116355e-08,1415.0,BID
1206,1712707260.2300825,18947.92196475,1410.0,0.0,1415.0,BID
1207,1712707261.0599513,18947.92196475,1410.0,0.0,1415.0,BID
1208,1712707277.5778203,18999.47069883,1410.0,2.30044925857246e-08,1415.0,BID
1209,1712707277.579062,19553.1475229,1410.0,2.470876273011685e-07,1415.0,BID
1210,1712707277.5802524,19657.1418229,1410.0,4.640921151613484e-08,1415.0,BID
1211,1712707278.3161871,19683.38402148,1410.0,1.1711024013312012e-08,1415.0,BID
1212,1712707278.3704166,20744.57802715,1406.0,-4.735757351007937e-07,1415.0,ASK
1213,1712707278.3718128,20748.38452999,1407.0,-1.698716135771138e-09,1415.0,ASK
1214,1712707290.8884127,20748.38452999,1407.0,-0.0,1415.0,ASK
1215,1712707320.1942964,20748.38452999,1407.0,-0.0,1415.0,ASK
1216,1712707320.8382256,20748.38452999,1407.0,-0.0,1415.0,ASK
1217,1712707326.6798851,21300.61532728,1408.0,-2.4616389789270976e-07,1415.0,ASK
1218,1712707327.5804183,21652.03492556,1408.0,-1.5664975320647788e-07,1415.0,ASK
1219,1712707330.2000716,21676.70108251,1408.0,-1.0995253018560886e-08,1415.0,ASK
1220,1712707333.1863978,21747.59068251,1408.0,-3.159994035408833e-08,1415.0,ASK
1221,1712707333.187842,21760.64988251,1408.0,-5.821304409562315e-09,1415.0,ASK
1222,1712707337.090274,22169.50491545,1408.0,-1.822523283298699e-07,1415.0,ASK
1223,1712707350.549323,22169.50491545,1408.0,-0.0,1415.0,ASK
1224,1712707352.3021796,22405.53017464,1408.0,-1.05117500801841e-07,1415.0,ASK
1225,1712707354.1959908,23110.11547064,1408.0,-3.1379796243597906e-07,1415.0,ASK
1226,1712707380.2572916,23110.11547064,1408.0,-0.0,1415.0,ASK
1227,1712707380.9968572,23110.11547064,1408.0,-0.0,1415.0,ASK
1228,1712707410.685888,23110.11547064,1408.0,-0.0,1415.0,ASK
1229,1712707429.2401354,23181.13819791,1408.0,-3.1612424354596296e-08,1415.0,ASK
1230,1712707429.2423563,24373.06752733,1408.0,-5.305312427537637e-07,1415.0,ASK
1231,1712707429.2445052,24550.95032761,1407.0,-7.917615647816148e-08,1415.0,ASK
1232,1712707429.2554803,25421.69974323,1407.0,-3.875731204808805e-07,1415.0,ASK
1233,1712707429.3961284,25752.91659838,1407.0,1.4742559432548712e-07,1415.0,BID
1234,1712707438.2700722,26508.29305138,1407.0,3.3622027620716935e-07,1415.0,BID
1235,1712707438.2904282,26658.13496015,1407.0,6.6695073369013e-08,1415.0,BID
1236,1712707440.3133054,26658.13496015,1407.0,0.0,1415.0,BID
1237,1712707440.8111126,26658.13496015,1407.0,0.0,1415.0,BID
1238,1712707447.759957,27450.35714397,1406.0,-3.5183844263630933e-07,1415.0,ASK
1239,1712707470.6250694,27450.35714397,1406.0,-0.0,1415.0,ASK
1240,1712707484.0513482,27739.23544824,1407.0,-1.2823200435180745e-07,1415.0,ASK
1241,1712707484.0535774,27810.30865364,1407.0,-3.1549131414283674e-08,1415.0,ASK
1242,1712707484.0592766,28791.86946689,1406.0,-4.357111926224641e-07,1415.0,ASK
1243,1712707484.0605958,28834.08552943,1407.0,-1.8739553075907418e-08,1415.0,ASK
1244,1712707500.26456,28834.08552943,1407.0,-0.0,1415.0,ASK
1245,1712707501.2853432,28834.08552943,1407.0,-0.0,1415.0,ASK
1246,1712707502.918959,29675.43019791,1406.0,-3.788646326837734e-07,1415.0,ASK
1247,1712707506.0042045,30708.97793753,1406.0,-4.654153040985077e-07,1415.0,ASK
1248,1712707530.7230165,30708.97793753,1406.0,-0.0,1415.0,ASK
1249,1712707532.5851786,30738.97793753,1406.0,-1.3493236931894425e-08,1415.0,ASK
1250,1712707560.3426824,30738.97793753,1406.0,-0.0,1415.0,ASK
1251,1712707560.8398066,30738.97793753,1406.0,-0.0,1415.0,ASK
1252,1712707572.7400374,31077.88529212,1407.0,-1.524290159757582e-07,1415.0,ASK
1253,1712707572.7429512,31148.95849752,1407.0,-3.196631355041275e-08,1415.0,ASK
1254,1712707590.4812238,31148.95849752,1407.0,-0.0,1415.0,ASK
1255,1712707595.8903096,31203.54439097,1407.0,-2.4544512749673378e-08,1415.0,ASK
1256,1712707595.8917782,32156.17559644,1407.0,-4.283500239821655e-07,1415.0,ASK
1257,1712707606.0299668,32911.58842063,1407.0,-3.396709025488812e-07,1415.0,ASK
1258,1712707620.3608875,32911.58842063,1407.0,-0.0,1415.0,ASK
1259,1712707620.927122,32911.58842063,1407.0,-0.0,1415.0,ASK
1260,1712707650.5541933,32911.58842063,1407.0,-0.0,1415.0,ASK
1261,1712707656.4200437,32922.2267185,1410.0,4.7781756314211e-09,1415.0,BID
1262,1712707680.3800187,32922.2267185,1410.0,0.0,1415.0,BID
1263,1712707680.9118676,32922.2267185,1410.0,0.0,1415.0,BID
1264,1712707681.1097288,32973.48681286,1410.0,2.302323986337725e-08,1415.0,BID
1265,1712707681.1112044,33115.97753352,1410.0,6.39990636189871e-08,1415.0,BID
1266,1712707686.1602232,33328.74349096,1410.0,9.556286881759801e-08,1415.0,BID
1267,1712707688.0110557,33332.9988101,1410.0,1.9112573723996203e-09,1415.0,BID
1268,1712707688.2414415,33367.54705537,1410.0,1.5517188324389147e-08,1415.0,BID
1269,1712707688.2431393,33652.14774627,1410.0,1.2782711490650296e-07,1415.0,BID
1270,1712707690.1711695,34204.37854356,1410.0,2.480319684287142e-07,1415.0,BID
1271,1712707690.1727176,34521.24989657,1410.0,1.423213370413797e-07,1415.0,BID
1272,1712707690.1900115,35424.90029127,1410.0,4.058704934037261e-07,1415.0,BID
1273,1712707690.2499228,35424.90029215,1410.0,3.952471134995116e-16,1415.0,BID
1274,1712707703.368819,35509.70594586,1415.0,3.809007633547208e-08,1415.0,BID
1275,1712707703.9901586,36013.90501551,1410.0,-2.264587348965661e-07,1415.0,ASK
1276,1712707707.3881216,36190.58346073,1415.0,7.935432569478498e-08,1415.0,BID
1277,1712707709.0527136,36280.51896008,1415.0,4.0394123335511776e-08,1415.0,BID
1278,1712707709.0541532,36331.92621691,1415.0,2.308933722211163e-08,1415.0,BID
1279,1712707710.7159011,36331.92621691,1415.0,0.0,1415.0,BID
1280,1712707713.9616437,36353.12763033,1415.0,9.50199239447272e-09,1415.0,BID
1281,1712707740.294858,36353.12763033,1415.0,0.0,1415.0,BID
1282,1712707741.0052052,36353.12763033,1415.0,0.0,1415.0,BID
1283,1712707742.577218,36780.20293033,1415.0,1.914028848367486e-07,1415.0,BID
1284,1712707742.5787,40320.25275365,1418.0,1.5865486686990871e-06,1418.0,BID
1285,1712707742.5801663,40538.6879834,1415.0,9.789639701506444e-08,1418.0,BID
1286,1712707742.581596,41286.179075,1419.0,3.350040410251051e-07,1419.0,BID
1287,1712707746.5656512,41581.60606597,1419.0,1.3240189336704286e-07,1419.0,BID
1288,1712707746.5721068,41779.48421946,1421.0,8.868330578741978e-08,1421.0,BID
1289,1712707747.6408749,42016.35428976,1421.0,1.0615836314322772e-07,1421.0,BID
1290,1712707747.6422863,42272.78936392,1425.0,1.149268360112349e-07,1425.0,BID
1291,1712707749.171524,42276.57872392,1427.0,1.6982823302716202e-09,1427.0,BID
1292,1712707749.1747096,42347.15035412,1428.0,3.1628178000254514e-08,1428.0,BID
1293,1712707749.1804311,42354.14825475,1429.0,3.136258098706575e-09,1429.0,BID
1294,1712707749.1839335,42447.60821209,1425.0,4.188606892413626e-08,1429.0,BID
1295,1712707749.1856704,42588.65193564,1428.0,6.321174644280876e-08,1429.0,BID
1296,1712707749.1872375,42762.45376222,1430.0,7.789298748325564e-08,1430.0,BID
1297,1712707749.1886294,42766.09450838,1429.0,1.6316778750324855e-09,1430.0,BID
1298,1712707749.9914484,43281.86068913,1427.0,-2.3115159059018498e-07,1430.0,ASK
1299,1712707751.1014729,43286.08901894,1430.0,1.895015992906655e-09,1430.0,BID
1300,1712707751.1046214,43552.44181796,1430.0,1.193716754791733e-07,1430.0,BID
1301,1712707751.1071324,43558.39083796,1429.0,2.666179921787812e-09,1430.0,BID
1302,1712707751.1096342,43775.16583359,1430.0,9.715232776059485e-08,1430.0,BID
1303,1712707753.9105682,43824.49591035,1430.0,2.210832375715101e-08,1430.0,BID
1304,1712707754.21338,43831.58456235,1430.0,3.176930256569501e-09,1430.0,BID
1305,1712707754.2149222,43834.72372072,1430.0,1.406880632005363e-09,1430.0,BID
1306,1712707754.2704942,43978.34206372,1430.0,-6.436561694313338e-08,1430.0,ASK
1307,1712707754.272978,43978.34206419,1430.0,-2.1063949789830511e-16,1430.0,ASK
1308,1712707754.7763608,44027.67214095,1427.0,2.210832375715101e-08,1430.0,BID
1309,1712707763.9297154,44040.8748983,1427.0,5.91709669135281e-09,1430.0,BID
1310,1712707770.579049,44040.8748983,1427.0,0.0,1430.0,BID
1311,1712707775.6301188,45088.65976164,1427.0,4.672996890828665e-07,1430.0,BID
1312,1712707782.5823464,47160.05079177,1427.0,9.238159647231738e-07,1430.0,BID
1313,1712707800.444492,47160.05079177,1427.0,0.0,1430.0,BID
1314,1712707800.862131,47160.05079177,1427.0,0.0,1430.0,BID
1315,1712707819.8498232,47164.30611091,1417.0,-1.9042229458487308e-09,1430.0,ASK
1316,1712707830.5069215,47164.30611091,1417.0,-0.0,1430.0,ASK
1317,1712707832.204393,47167.92052658,1425.0,1.617419153981042e-09,1430.0,BID
1318,1712707837.7421222,47769.85329007,1422.0,2.693596060794647e-07,1430.0,BID
1319,1712707837.979346,47779.85329007,1422.0,4.474911857558953e-09,1430.0,BID
1320,1712707844.1962087,47792.9438816,1422.0,5.857924326003737e-09,1430.0,BID
1321,1712707844.1977751,47797.36684114,1425.0,1.979235409106256e-09,1430.0,BID
1322,1712707860.3031623,47797.36684114,1425.0,0.0,1430.0,BID
1323,1712707860.879192,47797.36684114,1425.0,0.0,1430.0,BID
1324,1712707883.1829371,48197.36684114,1423.0,1.7892439498814585e-07,1430.0,BID
1325,1712707890.734938,48197.36684114,1423.0,0.0,1430.0,BID
1326,1712707912.4702213,48402.88457865,1423.0,9.19069417356905e-08,1430.0,BID
1327,1712707912.6902738,48994.85263665,1424.0,2.647264147375488e-07,1430.0,BID
1328,1712707920.275592,48994.85263665,1424.0,0.0,1430.0,BID
1329,1712707920.7697735,48994.85263665,1424.0,0.0,1430.0,BID
1330,1712707924.4200425,48994.85263762,1424.0,4.3356177034009797e-16,1430.0,BID
1331,1712707924.4250524,49221.91474165,1425.0,1.0148998859678013e-07,1430.0,BID
1332,1712707934.284614,52697.74508241,1432.0,1.5535924990877124e-06,1432.0,BID
1333,1712707934.29222,52697.74508395,1425.0,6.8833410890743695e-16,1432.0,BID
1334,1712707934.298284,52713.53485338,1432.0,7.057556020816721e-09,1432.0,BID
1335,1712707950.50017,52713.53485338,1432.0,0.0,1432.0,BID
1336,1712707980.280028,52713.53485338,1432.0,0.0,1432.0,BID
1337,1712707980.9735615,52713.53485338,1432.0,0.0,1432.0,BID
1338,1712708004.680144,52733.53485338,1430.0,8.918182934171021e-09,1432.0,BID
1339,1712708008.981042,52737.73359375,1429.0,-1.8722567356392687e-09,1432.0,ASK
1340,1712708009.059409,52741.42973809,1429.0,1.648144568760858e-09,1432.0,BID
1341,1712708010.3836887,52745.37718045,1429.0,-1.760200654427355e-09,1432.0,ASK
1342,1712708010.7201314,52745.37718045,1429.0,-0.0,1432.0,ASK
1343,1712708012.5695288,54471.49302614,1429.0,-7.696752202484534e-07,1432.0,ASK
1344,1712708040.2560506,54471.49302614,1429.0,-0.0,1432.0,ASK
1345,1712708040.8960814,54471.49302614,1429.0,-0.0,1432.0,ASK
1346,1712708045.9697094,54481.49302614,1429.0,4.454102039004222e-09,1432.0,BID
1347,1712708067.5006962,54516.48252928,1429.0,1.5584681727962324e-08,1432.0,BID
1348,1712708070.5142896,54516.48252928,1429.0,0.0,1432.0,BID
1349,1712708088.206439,54520.68420995,1428.0,-1.8714178551080622e-09,1432.0,ASK
1350,1712708088.2082217,55710.99128228,1428.0,-5.301597344428971e-07,1432.0,ASK
1351,1712708093.900035,55710.99128277,1428.0,-2.1824446778810507e-16,1432.0,ASK
1352,1712708093.9017966,55781.19007693,1428.0,-3.126636389484232e-08,1432.0,ASK
1353,1712708100.434988,55781.19007693,1428.0,-0.0,1432.0,ASK
1354,1712708100.5965958,55781.19007693,1428.0,-0.0,1432.0,ASK
1355,1712708130.4703286,55781.19007693,1428.0,-0.0,1432.0,ASK
1356,1712708137.0896018,55829.04907693,1428.0,2.13267395467154e-08,1432.0,BID
1357,1712708137.091333,56003.9483215,1428.0,7.793791420341684e-08,1432.0,BID
1358,1712708140.1797214,56708.66995645,1428.0,-3.140352861846856e-07,1432.0,ASK
1359,1712708143.36929,56744.15611684,1428.0,-1.5813203371370345e-08,1432.0,ASK
1360,1712708143.4514115,56744.15611701,1428.0,-7.575595737741662e-17,1432.0,ASK
1361,1712708143.4531324,57181.75030101,1428.0,-1.9499900100972745e-07,1432.0,ASK
1362,1712708160.7394483,57181.75030101,1428.0,-0.0,1432.0,ASK
1363,1712708190.6928325,57181.75030101,1428.0,-0.0,1432.0,ASK
1364,1712708201.5204887,57183.65744156,1425.0,-8.49095737510936e-10,1432.0,ASK
1365,1712708201.5242534,57187.86501519,1426.0,-1.873292891024305e-09,1432.0,ASK
1366,1712708205.4971695,57191.4668283,1429.0,1.6035966300498287e-09,1432.0,BID
1367,1712708220.4925466,57191.4668283,1429.0,0.0,1432.0,BID
1368,1712708245.0095422,59225.27651931,1424.0,-9.05485691539158e-07,1432.0,ASK
1369,1712708245.0130615,59235.27651931,1425.0,-4.452165291283914e-09,1432.0,ASK
1370,1712708247.4631305,60029.75878131,1423.0,-3.537166351417155e-07,1432.0,ASK
1371,1712708250.4824774,60029.75878131,1423.0,-0.0,1432.0,ASK
1372,1712708261.4895875,60656.72099857,1429.0,2.786326557200408e-07,1432.0,BID
1373,1712708261.49155,61492.04034029,1429.0,3.7123009991723113e-07,1432.0,BID
1374,1712708261.4935105,61792.04034029,1429.0,1.333250942637709e-07,1432.0,BID
1375,1712708261.5494735,63045.60838329,1429.0,-5.571069249967524e-07,1432.0,ASK
1376,1712708261.5513947,66558.56995305,1429.0,-1.561219774777523e-06,1432.0,ASK
1377,1712708272.731581,66722.75807582,1429.0,7.296798981767589e-08,1432.0,BID
1378,1712708280.711463,66722.75807582,1429.0,0.0,1432.0,BID
1379,1712708295.9794717,68817.73014286,1429.0,-9.271004874807768e-07,1432.0,ASK
1380,1712708296.1447215,69900.36391486,1429.0,-4.791043821421939e-07,1432.0,ASK
1381,1712708296.1465232,70234.63185212,1429.0,-1.479255845261918e-07,1432.0,ASK
1382,1712708304.831216,70238.23366523,1430.0,1.593931844071229e-09,1432.0,BID
1383,1712708310.729302,70238.23366523,1430.0,0.0,1432.0,BID
1384,1712708340.4998848,70238.23366523,1430.0,0.0,1432.0,BID
1385,1712708355.3127253,71838.75182928,1430.0,7.067157296958578e-07,1432.0,BID
1386,1712708355.3157885,71941.51069804,1429.0,4.537362371114024e-08,1432.0,BID
1387,1712708363.3999193,72570.16907703,1429.0,-2.775868309504906e-07,1432.0,ASK
1388,1712708368.8196929,72570.16907752,1423.0,-2.163581300752668e-16,1432.0,ASK
1389,1712708368.8217564,72580.16907752,1425.0,-4.415543325716251e-09,1432.0,ASK
1390,1712708368.8234465,72639.52958301,1423.0,-2.62108883827496e-08,1432.0,ASK
1391,1712708370.469869,72639.52958301,1423.0,-0.0,1432.0,ASK
1392,1712708379.8196657,72660.44736283,1423.0,-9.222357940392892e-09,1432.0,ASK
1393,1712708379.829577,75549.79809348,1420.0,-1.273874516448385e-06,1432.0,ASK
1394,1712708379.8325698,78460.05975814,1423.0,-1.2830938561664451e-06,1432.0,ASK
1395,1712708383.2396438,78463.65906127,1429.0,1.586882646549711e-09,1432.0,BID
1396,1712708400.539662,78463.65906127,1429.0,0.0,1432.0,BID
1397,1712708419.99937,78473.65906127,1425.0,-4.473804905709804e-09,1432.0,ASK
1398,1712708430.479796,78473.65906127,1425.0,-0.0,1432.0,ASK
1399,1712708457.0095468,78477.26087438,1428.0,1.611370643331375e-09,1432.0,BID
1400,1712708460.7139535,78477.26087438,1428.0,0.0,1432.0,BID
1401,1712708475.539676,78719.85284841,1428.0,1.0852997471975985e-07,1432.0,BID
1402,1712708475.5428002,78739.85284841,1428.0,8.94753218062671e-09,1432.0,BID
1403,1712708485.8601613,80192.33401008,1428.0,-6.498060967898207e-07,1432.0,ASK
1404,1712708490.6793456,80192.33401008,1428.0,-0.0,1432.0,ASK
1405,1712708505.979396,80199.3368112,1429.0,3.129460528390942e-09,1432.0,BID
1406,1712708520.4829228,80199.3368112,1429.0,0.0,1432.0,BID
1407,1712708520.839259,80206.33471182,1429.0,3.127256573736169e-09,1432.0,BID
1408,1712708550.4590745,80206.33471182,1429.0,0.0,1432.0,BID
1409,1712708564.0164714,80216.33471182,1425.0,-4.468829679605739e-09,1432.0,ASK
1410,1712708564.0183575,80223.35225482,1425.0,-3.136020443628481e-09,1432.0,ASK
1411,1712708580.6792586,80223.35225482,1425.0,-0.0,1432.0,ASK
1412,1712708610.685473,80223.35225482,1425.0,-0.0,1432.0,ASK
1413,1712708640.4894648,80223.35225482,1425.0,-0.0,1432.0,ASK
1414,1712708643.2696054,80226.95406793,1429.0,1.609571489852015e-09,1432.0,BID
1415,1712708670.489393,80226.95406793,1429.0,0.0,1432.0,BID
1416,1712708700.6796365,80226.95406793,1429.0,0.0,1432.0,BID
1417,1712708730.6994894,80226.95406793,1429.0,0.0,1432.0,BID
1418,1712708760.4698286,80226.95406793,1429.0,0.0,1432.0,BID
1419,1712708790.4992435,80226.95406793,1429.0,0.0,1432.0,BID
1420,1712708820.7336423,80226.95406793,1429.0,0.0,1432.0,BID
1421,1712708832.2302113,80296.93307422,1429.0,3.154442011667715e-08,1432.0,BID
1422,1712708849.08101,80447.84328658,1429.0,6.802576073820568e-08,1432.0,BID
1423,1712708849.084093,83337.19401722,1429.0,1.3024319455756766e-06,1432.0,BID
1424,1712708850.6998036,83337.19401722,1429.0,0.0,1432.0,BID
1425,1712708852.549266,83340.79081387,1430.0,1.6180854042850683e-09,1432.0,BID
1426,1712708868.48937,85264.38997787,1430.0,8.65366611971464e-07,1432.0,BID
1427,1712708880.563047,85264.38997787,1430.0,0.0,1432.0,BID
1428,1712708884.0744066,85264.38997825,1430.0,1.7073571615294481e-16,1432.0,BID
1429,1712708884.170174,87359.36204496,1432.0,9.412948712428916e-07,1432.0,BID
1430,1712708884.1803746,87372.71523558,1432.0,5.9997410204524395e-09,1432.0,BID
1431,1712708884.2494228,88023.51578558,1433.0,2.924121183530086e-07,1433.0,BID
1432,1712708884.2694075,88128.44015318,1434.0,4.714371645316335e-08,1434.0,BID
1433,1712708884.2807355,88132.05630049,1434.0,1.6247762777640355e-09,1434.0,BID
1434,1712708884.2839065,89320.52275073,1433.0,5.339915467283459e-07,1434.0,BID
1435,1712708884.287114,89798.74698593,1434.0,2.148716095316458e-07,1434.0,BID
1436,1712708907.079856,89802.92899429,1434.0,1.879024108874122e-09,1434.0,BID
1437,1712708910.4803245,89802.92899429,1434.0,0.0,1434.0,BID
1438,1712708921.6389482,89809.89763541,1435.0,3.121969142225797e-09,1435.0,BID
1439,1712708921.6412718,89816.86142372,1436.0,3.1197950708657166e-09,1436.0,BID
1440,1712708921.6431344,89823.82050145,1434.0,3.1176847189167634e-09,1436.0,BID
1441,1712708921.645002,89823.84949638,1436.0,1.2989803205618147e-11,1436.0,BID
1442,1712708940.7095325,89823.84949638,1436.0,0.0,1436.0,BID
1443,1712708968.839075,89928.96449165,1431.0,-4.7091154842507823e-08,1436.0,ASK
1444,1712708970.689222,89928.96449165,1431.0,-0.0,1436.0,ASK
1445,1712708971.228853,89937.27364672,1436.0,3.722221942795254e-09,1436.0,BID
1446,1712708971.2367857,90017.3969429,1436.0,3.589254125812154e-08,1436.0,BID
1447,1712708973.979221,90039.5845729,1431.0,-9.939311825188684e-09,1436.0,ASK
1448,1712708980.4664235,92185.5183708,1435.0,9.613061500277031e-07,1436.0,BID
1449,1712708983.3386786,97013.08527026,1435.0,2.16258756661669e-06,1436.0,BID
1450,1712708998.0739472,98327.66211355,1436.0,5.888862020698639e-07,1436.0,BID
1451,1712708998.075986,99041.83969527,1436.0,3.199275309383697e-07,1436.0,BID
1452,1712709000.5894337,99041.83969527,1436.0,0.0,1436.0,BID
1453,1712709001.1587615,99048.80833639,1435.0,-3.1366746611070433e-09,1436.0,ASK
1454,1712709011.3270557,99477.57662031,1435.0,-1.929940986341545e-07,1436.0,ASK
1455,1712709011.5007143,99484.46948553,1435.0,-3.102566957560435e-09,1436.0,ASK
1456,1712709030.489058,99484.46948553,1435.0,-0.0,1436.0,ASK
1457,1712709039.0502472,100163.04956398,1436.0,3.053502887271184e-07,1436.0,BID
1458,1712709039.0523849,101058.46060669,1436.0,4.029207887232313e-07,1436.0,BID
1459,1712709056.7595963,101214.08406614,1435.0,-7.002809216609093e-08,1436.0,ASK
1460,1712709060.720181,101214.08406614,1435.0,-0.0,1436.0,ASK
1461,1712709067.5801597,101314.64283599,1435.0,-4.5199340580038655e-08,1436.0,ASK
1462,1712709067.5834503,101869.33973769,1435.0,-2.4932618225171844e-07,1436.0,ASK
1463,1712709068.167477,102012.12576281,1435.0,-6.4179724842456e-08,1436.0,ASK
1464,1712709090.7208047,102012.12576281,1435.0,-0.0,1436.0,ASK
1465,1712709120.5018408,102012.12576281,1435.0,-0.0,1436.0,ASK
1466,1712709122.5524693,102607.29069481,1431.0,-2.6737819604772964e-07,1436.0,ASK
1467,1712709122.556795,102653.46565474,1434.0,-2.0744127929664682e-08,1436.0,ASK
1468,1712709122.5605023,108868.44708728,1430.0,-2.792084067047624e-06,1436.0,ASK
1469,1712709129.3517456,108881.64984463,1430.0,-5.931346511352309e-09,1436.0,ASK
1470,1712709150.482402,108881.64984463,1430.0,-0.0,1436.0,ASK
1471,1712709155.4727335,108885.24413829,1435.0,1.607643165524383e-09,1436.0,BID
1472,1712709158.3045146,109435.727931,1435.0,2.462184759497866e-07,1436.0,BID
1473,1712709158.307848,110435.727931,1435.0,4.472765215078658e-07,1436.0,BID
1474,1712709158.3821185,110435.72793116,1436.0,7.156348662071082e-17,1436.0,BID
1475,1712709158.3933277,114272.88622716,1436.0,1.716270815109927e-06,1436.0,BID
1476,1712709158.4623632,116187.45458018,1437.0,8.56341473127831e-07,1437.0,BID
1477,1712709158.466839,116194.41352216,1437.0,3.1125713621908677e-09,1437.0,BID
1478,1712709158.482285,116194.41352243,1437.0,1.2076297687682298e-16,1437.0,BID
1479,1712709162.0823233,132794.32143282,1435.0,-7.424749067510145e-06,1437.0,ASK
1480,1712709180.6834874,132794.32143282,1435.0,-0.0,1437.0,ASK
1481,1712709189.9423604,132939.30437153,1436.0,6.386700459140314e-08,1437.0,BID
1482,1712709197.383907,133084.24374853,1435.0,-6.384781505119603e-08,1437.0,ASK
1483,1712709210.859331,133084.24374853,1435.0,-0.0,1437.0,ASK
1484,1712709225.403848,134509.191191,1432.0,-6.275941428751828e-07,1437.0,ASK
1485,1712709225.4060504,134731.27634715,1431.0,-9.781367302759665e-08,1437.0,ASK
1486,1712709231.2236185,135024.29739856,1431.0,-1.2905619542379542e-07,1437.0,ASK
1487,1712709240.486136,135024.29739856,1431.0,-0.0,1437.0,ASK
1488,1712709248.4749932,136617.95581637,1431.0,-7.010424241826319e-07,1437.0,ASK
1489,1712709252.816535,136764.46634137,1431.0,6.44492524034154e-08,1437.0,BID
1490,1712709256.4848292,138460.47767233,1430.0,-7.460669624117477e-07,1437.0,ASK
1491,1712709265.424911,139103.63009822,1430.0,-2.8291955837340937e-07,1437.0,ASK
1492,1712709270.481882,139103.63009822,1430.0,-0.0,1437.0,ASK
1493,1712709273.9546585,145111.42534873,1430.0,-2.636032945025892e-06,1437.0,ASK
1494,1712709277.0246055,146096.63709123,1430.0,4.322801465039722e-07,1437.0,BID
1495,1712709287.7531788,146296.67429977,1430.0,-8.777008036313035e-08,1437.0,ASK
1496,1712709287.7557158,146308.65541865,1430.0,-5.2569408192286915e-09,1437.0,ASK
1497,1712709287.8855064,146739.78951665,1430.0,1.8916817878496979e-07,1437.0,BID
1498,1712709287.890256,146739.78951712,1430.0,2.0622033918213883e-16,1437.0,BID
1499,1712709300.7068324,146739.78951712,1430.0,0.0,1437.0,BID
1500,1712709326.7555928,146739.78951782,1431.0,3.0957122365871784e-16,1437.0,BID
1501,1712709326.760228,146879.06528313,1435.0,6.159348684398133e-08,1437.0,BID
1502,1712709330.7156997,146879.06528313,1435.0,0.0,1437.0,BID
1503,1712709360.503268,146879.06528313,1435.0,0.0,1437.0,BID
1504,1712709366.3363,147239.12033539,1435.0,1.5921711931331322e-07,1437.0,BID
1505,1712709390.6406436,147239.12033539,1435.0,0.0,1437.0,BID
1506,1712709396.1073308,149335.55639409,1435.0,9.268367783309528e-07,1437.0,BID
1507,1712709396.112007,151047.71346802,1435.0,7.569465998318395e-07,1437.0,BID
1508,1712709396.1165638,154205.56085985,1436.0,1.3960879421809971e-06,1437.0,BID
1509,1712709420.744061,154205.56085985,1436.0,0.0,1437.0,BID
1510,1712709439.7173622,156046.21174244,1436.0,8.101720795168206e-07,1437.0,BID
1511,1712709439.7220707,156294.6973501,1436.0,1.093722353283126e-07,1437.0,BID
1512,1712709450.7383518,156294.6973501,1436.0,0.0,1437.0,BID
1513,1712709480.5180874,156294.6973501,1436.0,0.0,1437.0,BID
1514,1712709485.6454844,156429.16853394,1436.0,5.911013952828902e-08,1437.0,BID
1515,1712709487.0883205,156562.29433477,1436.0,5.8518743102897096e-08,1437.0,BID
1516,1712709504.4882364,156948.27413978,1436.0,1.6966698349578998e-07,1437.0,BID
1517,1712709507.640489,157080.06801861,1436.0,5.7933263797877654e-08,1437.0,BID
1518,1712709510.5185275,157080.06801861,1436.0,0.0,1437.0,BID
1519,1712709527.7192843,157209.23789326,1436.0,5.675168317555776e-08,1437.0,BID
1520,1712709540.7191002,157209.23789326,1436.0,0.0,1437.0,BID
1521,1712709570.749209,157209.23789326,1436.0,0.0,1437.0,BID
1522,1712709585.589425,157337.11542111,1436.0,5.617930326124877e-08,1437.0,BID
1523,1712709598.6397147,157347.11542111,1428.0,-4.3932115521612414e-09,1437.0,ASK
1524,1712709598.6425576,157556.75902698,1431.0,-9.210087111447828e-08,1437.0,ASK
1525,1712709598.6462123,157675.29404879,1427.0,-5.207494271514056e-08,1437.0,ASK
1526,1712709598.649871,157681.29404879,1430.0,-2.6359269312967444e-09,1437.0,ASK
1527,1712709598.6535232,157692.22905747,1428.0,-4.803980645588158e-09,1437.0,ASK
1528,1712709600.4800107,157692.22905747,1428.0,-0.0,1437.0,ASK
1529,1712709625.0896916,157762.50734278,1428.0,-3.0886105893932645e-08,1437.0,ASK
1530,1712709630.470106,157762.50734278,1428.0,-0.0,1437.0,ASK
1531,1712709643.0598862,157773.50734278,1433.0,4.8340988873691396e-09,1437.0,BID
1532,1712709660.7400212,157773.50734278,1433.0,0.0,1437.0,BID
1533,1712709665.1908534,157796.20587732,1433.0,9.975109132940013e-09,1437.0,BID
1534,1712709689.3302884,158044.3475137,1428.0,-1.0904844535034317e-07,1437.0,ASK
1535,1712709689.3401442,158207.66017861,1428.0,-7.17694639007973e-08,1437.0,ASK
1536,1712709690.7221398,158207.66017861,1428.0,-0.0,1437.0,ASK
1537,1712709702.8507364,158230.35871315,1428.0,-9.972391633225634e-09,1437.0,ASK
1538,1712709720.5013218,158230.35871315,1428.0,-0.0,1437.0,ASK
1539,1712709748.4826603,158697.10656834,1428.0,-2.0505844175065565e-07,1437.0,ASK
1540,1712709748.4857907,159279.34239446,1427.0,-2.557962932405228e-07,1437.0,ASK
1541,1712709748.490446,160460.95159071,1425.0,-5.191217010362717e-07,1437.0,ASK
1542,1712709748.492688,160472.9455937,1427.0,-5.2693794650184485e-09,1437.0,ASK
1543,1712709748.4949162,161174.20786579,1426.0,-3.080887189396104e-07,1437.0,ASK
1544,1712709748.4971545,161184.20786579,1425.0,-4.393345132077282e-09,1437.0,ASK
1545,1712709748.60684,162123.43892516,1425.0,4.126366202579021e-07,1437.0,BID
1546,1712709750.5216222,162123.43892516,1425.0,0.0,1437.0,BID
1547,1712709780.7553673,162123.43892516,1425.0,0.0,1437.0,BID
1548,1712709788.2213192,162130.45646901,1432.0,3.0755488247934222e-09,1437.0,BID
1549,1712709810.7314656,162130.45646901,1432.0,0.0,1437.0,BID
1550,1712709840.4921834,162130.45646901,1432.0,0.0,1437.0,BID
1551,1712709870.5220091,162130.45646901,1432.0,0.0,1437.0,BID
1552,1712709900.512653,162130.45646901,1432.0,0.0,1437.0,BID
1553,1712709930.4828565,162130.45646901,1432.0,0.0,1437.0,BID
1554,1712709960.7388,162130.45646901,1432.0,0.0,1437.0,BID
1555,1712709990.7328396,162130.45646901,1432.0,0.0,1437.0,BID
1556,1712710020.4732504,162130.45646901,1432.0,0.0,1437.0,BID
1557,1712710050.493643,162130.45646901,1432.0,0.0,1437.0,BID
1558,1712710078.6344163,162200.58269621,1426.0,-3.0789231382194404e-08,1437.0,ASK
1559,1712710080.7367833,162200.58269621,1426.0,-0.0,1437.0,ASK
1560,1712710084.9337037,162831.7187411,1426.0,2.7709091667953535e-07,1437.0,BID
1561,1712710110.7239878,162831.7187411,1426.0,0.0,1437.0,BID
1562,1712710140.5894556,162831.7187411,1426.0,0.0,1437.0,BID
1563,1712710164.614802,163463.36950802,1432.0,2.7720736434767584e-07,1437.0,BID
1564,1712710164.6196918,163529.60722702,1432.0,2.9069201631661243e-08,1437.0,BID
1565,1712710170.474079,163529.60722702,1432.0,0.0,1437.0,BID
1566,1712710173.2243185,164066.21822331,1432.0,2.353948024339643e-07,1437.0,BID
1567,1712710173.2283623,164132.89147874,1432.0,2.924751430381609e-08,1437.0,BID
1568,1712710181.5744174,164481.52413105,1432.0,1.529344625435047e-07,1437.0,BID
1569,1712710183.5879245,164516.58724465,1426.0,-1.5381113610515825e-08,1437.0,ASK
1570,1712710183.6020062,164543.82894875,1425.0,-1.1950100909067698e-08,1437.0,ASK
1571,1712710192.5443578,164593.82894875,1425.0,-2.193346801141147e-08,1437.0,ASK
1572,1712710200.5666192,164593.82894875,1425.0,-0.0,1437.0,ASK
1573,1712710224.8647003,164970.83891373,1425.0,-1.6549966696881164e-07,1437.0,ASK
1574,1712710224.8671682,166297.10598156,1425.0,-5.822041283423473e-07,1437.0,ASK
1575,1712710230.4758446,166297.10598156,1425.0,-0.0,1437.0,ASK
1576,1712710258.9748333,166436.84461307,1425.0,-6.127711298179272e-08,1437.0,ASK
1577,1712710260.754807,166436.84461307,1425.0,-0.0,1437.0,ASK
1578,1712710281.355562,166446.84461307,1425.0,4.3847404312149856e-09,1437.0,BID
1579,1712710290.7253878,166446.84461307,1425.0,0.0,1437.0,BID
1580,1712710320.5073185,166446.84461307,1425.0,0.0,1437.0,BID
1581,1712710330.3277843,167009.82842729,1421.0,-2.4685224683719324e-07,1437.0,ASK
1582,1712710330.3324392,171964.48960655,1421.0,-2.1724767453783296e-06,1437.0,ASK
1583,1712710330.3374617,172483.04494737,1423.0,-2.2737163619561266e-07,1437.0,ASK
1584,1712710330.344556,172975.65578481,1421.0,-2.1599571598143706e-07,1437.0,ASK
1585,1712710350.485953,172975.65578481,1421.0,-0.0,1437.0,ASK
1586,1712710351.2652988,173400.70446529,1421.0,-1.8561649677756882e-07,1437.0,ASK
