,time,acc_trade_volume,trade_price,dev,high,ask_bid
0,1712689619.1930702,313056708.754955,7.784,0.0,8.062,ASK
1,1712689620.3023064,313056708.754955,7.784,-0.0,8.062,ASK
2,1712689637.7523282,313056736.77165467,7.784,-9.510446901444114e-09,8.062,ASK
3,1712689637.754188,313058025.346755,7.784,-4.37415013691913e-07,8.062,ASK
4,1712689643.7920897,313088048.569275,7.785,-1.0191573844602471e-05,8.062,ASK
5,1712689644.5321329,313164596.91497505,7.785,-2.598482282721096e-05,8.062,ASK
6,1712689650.3154528,313164596.91497505,7.785,-0.0,8.062,ASK
7,1712689680.3126364,313164596.91497505,7.785,-0.0,8.062,ASK
8,1712689710.3124008,313164596.91497505,7.785,-0.0,8.062,ASK
9,1712689740.443558,313164596.91497505,7.785,-0.0,8.062,ASK
10,1712689770.4619565,313164596.91497505,7.785,-0.0,8.062,ASK
11,1712689800.3121655,313164596.91497505,7.785,-0.0,8.062,ASK
12,1712689830.313639,313164596.91497505,7.785,-0.0,8.062,ASK
13,1712689860.453307,313164596.91497505,7.785,-0.0,8.062,ASK
14,1712689890.452802,313164596.91497505,7.785,-0.0,8.062,ASK
15,1712689920.3026004,313164596.91497505,7.785,-0.0,8.062,ASK
16,1712689950.3132875,313164596.91497505,7.785,-0.0,8.062,ASK
17,1712689980.4521422,313164596.91497505,7.785,-0.0,8.062,ASK
18,1712690010.4624777,313164596.91497505,7.785,-0.0,8.062,ASK
19,1712690040.2934637,313164596.91497505,7.785,-0.0,8.062,ASK
20,1712690040.9422212,313177262.197475,7.786,-4.298219364973287e-06,8.062,ASK
21,1712690070.2940936,313177262.197475,7.786,-0.0,8.062,ASK
22,1712690100.334398,313177262.197475,7.786,-0.0,8.062,ASK
23,1712690130.292835,313177262.197475,7.786,-0.0,8.062,ASK
24,1712690160.4539988,313177262.197475,7.786,-0.0,8.062,ASK
25,1712690190.5032425,313177262.197475,7.786,-0.0,8.062,ASK
26,1712690220.3057158,313177262.197475,7.786,-0.0,8.062,ASK
27,1712690250.351946,313177262.197475,7.786,-0.0,8.062,ASK
28,1712690280.4433982,313177262.197475,7.786,-0.0,8.062,ASK
29,1712690310.4624195,313177262.197475,7.786,-0.0,8.062,ASK
30,1712690340.3026965,313177262.197475,7.786,-0.0,8.062,ASK
31,1712690370.3134303,313177262.197475,7.786,-0.0,8.062,ASK
32,1712690400.324092,313177262.197475,7.786,-0.0,8.062,ASK
33,1712690428.1923902,313190074.49728286,7.805,4.3526259091482286e-06,8.062,BID
34,1712690430.30319,313190074.49728286,7.805,0.0,8.062,BID
35,1712690460.45415,313190074.49728286,7.805,0.0,8.062,BID
36,1712690485.8026838,313191359.3147076,7.805,4.364664984169368e-07,8.062,BID
37,1712690490.4621468,313191359.3147076,7.805,0.0,8.062,BID
38,1712690520.3032718,313191359.3147076,7.805,0.0,8.062,BID
39,1712690550.3228908,313191359.3147076,7.805,0.0,8.062,BID
40,1712690580.4441104,313191359.3147076,7.805,0.0,8.062,BID
41,1712690610.4521766,313191359.3147076,7.805,0.0,8.062,BID
42,1712690640.293914,313191359.3147076,7.805,0.0,8.062,BID
43,1712690655.9221663,313191999.92969793,7.805,2.176231609120413e-07,8.062,BID
44,1712690661.222178,313193035.89352554,7.786,-3.519270172410308e-07,8.062,ASK
45,1712690670.3020587,313193035.89352554,7.786,-0.0,8.062,ASK
46,1712690700.4530118,313193035.89352554,7.786,-0.0,8.062,ASK
47,1712690730.4621296,313193035.89352554,7.786,-0.0,8.062,ASK
48,1712690760.2720404,313193035.89352554,7.786,-0.0,8.062,ASK
49,1712690790.3021336,313193035.89352554,7.786,-0.0,8.062,ASK
50,1712690820.4535558,313193035.89352554,7.786,-0.0,8.062,ASK
51,1712690850.4739313,313193035.89352554,7.786,-0.0,8.062,ASK
52,1712690880.311702,313193035.89352554,7.786,-0.0,8.062,ASK
53,1712690910.2920845,313193035.89352554,7.786,-0.0,8.062,ASK
54,1712690940.45201,313193035.89352554,7.786,-0.0,8.062,ASK
55,1712690970.457644,313193035.89352554,7.786,-0.0,8.062,ASK
56,1712691000.3732362,313193035.89352554,7.786,-0.0,8.062,ASK
57,1712691030.293202,313193035.89352554,7.786,-0.0,8.062,ASK
58,1712691060.4435885,313193035.89352554,7.786,-0.0,8.062,ASK
59,1712691090.484255,313193035.89352554,7.786,-0.0,8.062,ASK
60,1712691120.321839,313193035.89352554,7.786,-0.0,8.062,ASK
61,1712691150.2933202,313193035.89352554,7.786,-0.0,8.062,ASK
62,1712691180.4316723,313193035.89352554,7.786,-0.0,8.062,ASK
63,1712691210.451584,313193035.89352554,7.786,-0.0,8.062,ASK
64,1712691225.8617113,313261931.6293822,7.786,-2.348788674690316e-05,8.062,ASK
65,1712691225.8634462,313302067.63812554,7.786,-1.3683140416670588e-05,8.062,ASK
66,1712691240.292871,313302067.63812554,7.786,-0.0,8.062,ASK
67,1712691270.30205,313302067.63812554,7.786,-0.0,8.062,ASK
68,1712691300.4430313,313302067.63812554,7.786,-0.0,8.062,ASK
69,1712691330.4515443,313302067.63812554,7.786,-0.0,8.062,ASK
70,1712691360.315418,313302067.63812554,7.786,-0.0,8.062,ASK
71,1712691390.3215833,313302067.63812554,7.786,-0.0,8.062,ASK
72,1712691409.141675,313359352.5498021,7.79,-1.952416145663885e-05,8.062,ASK
73,1712691409.1433787,313374090.28202504,7.791,-5.022995672043701e-06,8.062,ASK
74,1712691420.4415858,313374090.28202504,7.791,-0.0,8.062,ASK
75,1712691450.4552202,313374090.28202504,7.791,-0.0,8.062,ASK
76,1712691455.4213505,313438720.27932507,7.79,-2.202334282870145e-05,8.062,ASK
77,1712691480.2864623,313438720.27932507,7.79,-0.0,8.062,ASK
78,1712691510.2940044,313438720.27932507,7.79,-0.0,8.062,ASK
79,1712691540.4430664,313438720.27932507,7.79,-0.0,8.062,ASK
80,1712691570.4715936,313438720.27932507,7.79,-0.0,8.062,ASK
81,1712691600.301571,313438720.27932507,7.79,-0.0,8.062,ASK
82,1712691630.3037288,313438720.27932507,7.79,-0.0,8.062,ASK
83,1712691660.4514978,313438720.27932507,7.79,-0.0,8.062,ASK
84,1712691690.4614496,313438720.27932507,7.79,-0.0,8.062,ASK
85,1712691706.8217382,313445138.76456255,7.79,-2.186821612478269e-06,8.062,ASK
86,1712691720.3131328,313445138.76456255,7.79,-0.0,8.062,ASK
87,1712691750.2937562,313445138.76456255,7.79,-0.0,8.062,ASK
88,1712691780.451524,313445138.76456255,7.79,-0.0,8.062,ASK
89,1712691810.4936275,313445138.76456255,7.79,-0.0,8.062,ASK
90,1712691822.4918132,313462623.0353206,7.79,-5.956908588650394e-06,8.062,ASK
91,1712691822.4939215,313512623.0353206,7.791,-1.7035050163340704e-05,8.062,ASK
92,1712691840.2919424,313512623.0353206,7.791,-0.0,8.062,ASK
93,1712691870.2927785,313512623.0353206,7.791,-0.0,8.062,ASK
94,1712691900.3367188,313512623.0353206,7.791,-0.0,8.062,ASK
95,1712691930.302956,313512623.0353206,7.791,-0.0,8.062,ASK
96,1712691960.4415832,313512623.0353206,7.791,-0.0,8.062,ASK
97,1712691990.4512017,313512623.0353206,7.791,-0.0,8.062,ASK
98,1712692020.2913103,313512623.0353206,7.791,-0.0,8.062,ASK
99,1712692050.284833,313512623.0353206,7.791,-0.0,8.062,ASK
100,1712692080.4332857,313512623.0353206,7.791,-0.0,8.062,ASK
101,1712692110.4512997,313512623.0353206,7.791,-0.0,8.062,ASK
102,1712692140.3113632,313512623.0353206,7.791,-0.0,8.062,ASK
103,1712692170.2927685,313512623.0353206,7.791,-0.0,8.062,ASK
104,1712692194.861555,313513273.0353206,7.791,-2.214917081866829e-07,8.062,ASK
105,1712692198.8916092,313513920.83969903,7.811,2.2074353592874538e-07,8.062,BID
106,1712692200.3225842,313513920.83969903,7.811,0.0,8.062,BID
107,1712692230.3036108,313513920.83969903,7.811,0.0,8.062,BID
108,1712692260.4436507,313513920.83969903,7.811,0.0,8.062,BID
109,1712692290.451163,313513920.83969903,7.811,0.0,8.062,BID
110,1712692320.3048346,313513920.83969903,7.811,0.0,8.062,BID
111,1712692350.303496,313513920.83969903,7.811,0.0,8.062,BID
112,1712692380.4412494,313513920.83969903,7.811,0.0,8.062,BID
113,1712692410.443645,313513920.83969903,7.811,0.0,8.062,BID
114,1712692440.274192,313513920.83969903,7.811,0.0,8.062,BID
115,1712692470.2946615,313513920.83969903,7.811,0.0,8.062,BID
116,1712692500.4440658,313513920.83969903,7.811,0.0,8.062,BID
117,1712692530.4534123,313513920.83969903,7.811,0.0,8.062,BID
118,1712692560.3031096,313513920.83969903,7.811,0.0,8.062,BID
119,1712692569.5219612,313530020.9704044,7.811,5.489011522922096e-06,8.062,BID
120,1712692590.2835295,313530020.9704044,7.811,0.0,8.062,BID
121,1712692620.4514167,313530020.9704044,7.811,0.0,8.062,BID
122,1712692650.460913,313530020.9704044,7.811,0.0,8.062,BID
123,1712692680.350222,313530020.9704044,7.811,0.0,8.062,BID
124,1712692710.310042,313530020.9704044,7.811,0.0,8.062,BID
125,1712692736.1293328,313579383.78741926,7.81,1.6828525173599472e-05,8.062,BID
126,1712692736.131667,313581230.8026922,7.81,6.296752271434127e-07,8.062,BID
127,1712692740.4312909,313581230.8026922,7.81,0.0,8.062,BID
128,1712692770.4410918,313581230.8026922,7.81,0.0,8.062,BID
129,1712692800.3884034,313581230.8026922,7.81,0.0,8.062,BID
130,1712692830.2902334,313581230.8026922,7.81,0.0,8.062,BID
131,1712692860.4403334,313581230.8026922,7.81,0.0,8.062,BID
132,1712692890.4365437,313581230.8026922,7.81,0.0,8.062,BID
133,1712692920.296699,313581230.8026922,7.81,0.0,8.062,BID
134,1712692950.295636,313581230.8026922,7.81,0.0,8.062,BID
135,1712692966.6656115,313773292.26235926,7.81,6.548333675880682e-05,8.062,BID
136,1712692966.667801,313779685.8522245,7.81,2.1798938681956666e-06,8.062,BID
137,1712692966.7654982,313992084.16889817,7.812,7.241718625825338e-05,8.062,BID
138,1712692966.7672672,313992084.16889906,7.812,3.048329711474773e-16,8.062,BID
139,1712692966.7688904,314031092.64070535,7.812,1.3299934823807388e-05,8.062,BID
140,1712692970.5354192,314031092.6407061,7.813,2.641885749944804e-16,8.062,BID
141,1712692970.5379806,314180954.08865017,7.813,5.109524669807568e-05,8.062,BID
142,1712692980.4467044,314180954.08865017,7.813,0.0,8.062,BID
143,1712693010.4348288,314180954.08865017,7.813,0.0,8.062,BID
144,1712693022.2851176,314185772.15061504,7.818,1.640098104830652e-06,8.062,BID
145,1712693023.9845169,314506287.94467705,7.818,0.0001091055595055,8.062,BID
146,1712693024.084914,314507186.5590107,7.82,3.058938793867296e-07,8.062,BID
147,1712693024.0870793,314635952.9767289,7.827,4.3832885339660446e-05,8.062,BID
148,1712693026.4149833,314648904.2033411,7.837,4.408677675131086e-06,8.062,BID
149,1712693040.280946,314648904.2033411,7.837,0.0,8.062,BID
150,1712693052.344233,315068658.5981865,7.837,0.0001427092015028,8.062,BID
151,1712693070.304228,315068658.5981865,7.837,0.0,8.062,BID
152,1712693082.143993,315260058.36850685,7.837,6.499989989157303e-05,8.062,BID
153,1712693100.4583392,315260058.36850685,7.837,0.0,8.062,BID
154,1712693130.4663978,315260058.36850685,7.837,0.0,8.062,BID
155,1712693160.2964685,315260058.36850685,7.837,0.0,8.062,BID
156,1712693190.284474,315260058.36850685,7.837,0.0,8.062,BID
157,1712693217.6734362,315261506.3021346,7.837,4.925348407469859e-07,8.062,BID
158,1712693217.7926068,315387658.21538705,7.837,-4.291233473275636e-05,8.062,ASK
159,1712693220.462579,315387658.21538705,7.837,-0.0,8.062,ASK
160,1712693250.4527242,315387658.21538705,7.837,-0.0,8.062,ASK
161,1712693280.2950995,315387658.21538705,7.837,-0.0,8.062,ASK
162,1712693310.301783,315387658.21538705,7.837,-0.0,8.062,ASK
163,1712693340.4417107,315387658.21538705,7.837,-0.0,8.062,ASK
164,1712693370.4360857,315387658.21538705,7.837,-0.0,8.062,ASK
165,1712693376.201191,315388357.1849693,7.84,-2.3768341168009202e-07,8.062,ASK
166,1712693400.323455,315388357.1849693,7.84,-0.0,8.062,ASK
167,1712693420.7206368,315389116.8279693,7.838,2.5842721996001024e-07,8.062,BID
168,1712693420.734792,315394726.3437826,7.852,1.9083326996204645e-06,8.062,BID
169,1712693425.960753,315395999.9046588,7.852,4.332598295263635e-07,8.062,BID
170,1712693430.2984471,315395999.9046588,7.852,0.0,8.062,BID
171,1712693460.4403424,315395999.9046588,7.852,0.0,8.062,BID
172,1712693471.101406,315431822.4175588,7.835,1.2186413173810923e-05,8.062,BID
173,1712693471.103835,316088093.10033953,7.855,0.000223255853562,8.062,BID
174,1712693471.106063,316169986.204828,7.852,2.7859106650861928e-05,8.062,BID
175,1712693471.1083052,316221125.06115264,7.835,1.73968597386695e-05,8.062,BID
176,1712693471.1105363,316230015.7588357,7.852,3.024514658460483e-06,8.062,BID
177,1712693471.1125057,316438259.2759198,7.852,7.084208600996905e-05,8.062,BID
178,1712693471.160699,316439546.2759198,7.86,4.378228238336936e-07,8.062,BID
179,1712693471.163208,316638322.8288025,7.869,6.762153200858181e-05,8.062,BID
180,1712693471.1653097,316896545.4126066,7.869,8.78443984605524e-05,8.062,BID
181,1712693490.4501731,316896545.4126066,7.869,0.0,8.062,BID
182,1712693520.2816725,316896545.4126066,7.869,0.0,8.062,BID
183,1712693530.7699072,316897817.839124,7.859,4.3113579896578266e-07,8.062,BID
184,1712693550.2975051,316897817.839124,7.859,0.0,8.062,BID
185,1712693580.4295738,316897817.839124,7.859,0.0,8.062,BID
186,1712693610.4392257,316897817.839124,7.859,0.0,8.062,BID
187,1712693640.3190916,316897817.839124,7.859,0.0,8.062,BID
188,1712693670.2824967,316897817.839124,7.859,0.0,8.062,BID
189,1712693700.3042142,316897817.839124,7.859,0.0,8.062,BID
190,1712693730.288642,316897817.839124,7.859,0.0,8.062,BID
191,1712693730.3927183,316898457.839124,7.858,-2.1708142936588322e-07,8.062,ASK
192,1712693734.3587325,316899096.21269447,7.87,2.16529761178022e-07,8.062,BID
193,1712693760.4292374,316899096.21269447,7.87,0.0,8.062,BID
194,1712693790.431537,316899096.21269447,7.87,0.0,8.062,BID
195,1712693820.2834077,316899096.21269447,7.87,0.0,8.062,BID
196,1712693850.297895,316899096.21269447,7.87,0.0,8.062,BID
197,1712693880.4321077,316899096.21269447,7.87,0.0,8.062,BID
198,1712693888.9281394,316905465.37150776,7.829,-2.1603459131679085e-06,8.062,ASK
199,1712693910.4374585,316905465.37150776,7.829,-0.0,8.062,ASK
200,1712693914.197457,316906265.8880214,7.829,-2.7152146461524895e-07,8.062,ASK
201,1712693940.2903705,316906265.8880214,7.829,-0.0,8.062,ASK
202,1712693970.290378,316906265.8880214,7.829,-0.0,8.062,ASK
203,1712693976.4327638,316907536.85904324,7.868,4.310906444344741e-07,8.062,BID
204,1712694000.3370578,316907536.85904324,7.868,0.0,8.062,BID
205,1712694030.277278,316907536.85904324,7.868,0.0,8.062,BID
206,1712694059.8267603,316929345.71087134,7.829,-7.397368669845484e-06,8.062,ASK
207,1712694060.4327412,316929345.71087134,7.829,-0.0,8.062,ASK
208,1712694090.4322891,316929345.71087134,7.829,-0.0,8.062,ASK
209,1712694120.2817278,316929345.71087134,7.829,-0.0,8.062,ASK
210,1712694150.3063414,316929345.71087134,7.829,-0.0,8.062,ASK
211,1712694180.436208,316929345.71087134,7.829,-0.0,8.062,ASK
212,1712694210.446097,316929345.71087134,7.829,-0.0,8.062,ASK
213,1712694240.2791045,316929345.71087134,7.829,-0.0,8.062,ASK
214,1712694270.2782607,316929345.71087134,7.829,-0.0,8.062,ASK
215,1712694300.4313755,316929345.71087134,7.829,-0.0,8.062,ASK
216,1712694307.0658684,316930045.7519451,7.828,-2.3750297399017266e-07,8.062,ASK
217,1712694307.0756185,316935132.63509613,7.8,-1.7258271293456205e-06,8.062,ASK
218,1712694307.0786452,316961910.51483124,7.829,-9.084932745827265e-06,8.062,ASK
219,1712694330.425582,316961910.51483124,7.829,-0.0,8.062,ASK
220,1712694335.0255194,316962550.51483124,7.815,-2.171140668010393e-07,8.062,ASK
221,1712694342.3456123,316963200.51483124,7.815,-2.205064740948055e-07,8.062,ASK
222,1712694346.1956224,316963840.9114246,7.867,2.1724860741235146e-07,8.062,BID
223,1712694360.2954664,316963840.9114246,7.867,0.0,8.062,BID
224,1712694373.5359826,317018307.3183047,7.815,-1.847712882551384e-05,8.062,ASK
225,1712694373.5389483,317519772.0499578,7.799,-0.0001701163887787,8.062,ASK
226,1712694373.5416243,317536352.2288805,7.8,-5.624643141582694e-06,8.062,ASK
227,1712694390.295535,317536352.2288805,7.8,-0.0,8.062,ASK
228,1712694420.4552126,317536352.2288805,7.8,-0.0,8.062,ASK
229,1712694450.458882,317536352.2288805,7.8,-0.0,8.062,ASK
230,1712694480.26834,317536352.2288805,7.8,-0.0,8.062,ASK
231,1712694510.2656353,317536352.2288805,7.8,-0.0,8.062,ASK
232,1712694540.3047338,317536352.2288805,7.8,-0.0,8.062,ASK
233,1712694570.31453,317536352.2288805,7.8,-0.0,8.062,ASK
234,1712694600.5376673,317536352.2288805,7.8,-0.0,8.062,ASK
235,1712694602.2661188,317536995.0951469,7.829,2.178400347949593e-07,8.062,BID
236,1712694630.428255,317536995.0951469,7.829,0.0,8.062,BID
237,1712694660.2700682,317536995.0951469,7.829,0.0,8.062,BID
238,1712694677.985019,317592108.6357706,7.829,1.867560293385985e-05,8.062,BID
239,1712694677.9878924,317592758.6357706,7.829,2.202569780428253e-07,8.062,BID
240,1712694690.3418343,317592758.6357706,7.829,0.0,8.062,BID
241,1712694720.4270115,317592758.6357706,7.829,0.0,8.062,BID
242,1712694750.4279115,317592758.6357706,7.829,0.0,8.062,BID
243,1712694780.3082712,317592758.6357706,7.829,0.0,8.062,BID
244,1712694810.2656722,317592758.6357706,7.829,0.0,8.062,BID
245,1712694840.4459655,317592758.6357706,7.829,0.0,8.062,BID
246,1712694844.785612,317593394.36367905,7.865,2.153889177829213e-07,8.062,BID
247,1712694870.425782,317593394.36367905,7.865,0.0,8.062,BID
248,1712694892.826307,317683149.46048635,7.865,3.040958271764073e-05,8.062,BID
249,1712694892.829329,317946710.1893325,7.865,8.92960073585058e-05,8.062,BID
250,1712694892.832311,318101976.6904432,7.865,5.260525225595217e-05,8.062,BID
251,1712694900.2861743,318101976.6904432,7.865,0.0,8.062,BID
252,1712694917.2672143,318104410.4021432,7.865,8.242437577048452e-07,8.062,BID
253,1712694917.270616,318105059.0285727,7.87,2.196752744396479e-07,8.062,BID
254,1712694917.2739725,318254655.3457158,7.868,5.06649290393613e-05,8.062,BID
255,1712694917.276991,318309771.3560026,7.866,1.866656080471461e-05,8.062,BID
256,1712694917.2785115,318333727.24579465,7.867,8.113324442515197e-06,8.062,BID
257,1712694917.4666386,318356106.2965417,7.87,-7.579284301377394e-06,8.062,ASK
258,1712694917.4700544,318356106.2965423,7.87,-2.018676098203624e-16,8.062,ASK
259,1712694923.8965771,318373939.59714234,7.875,6.0397403271277455e-06,8.062,BID
260,1712694923.900193,318375226.6052668,7.88,4.35880886272067e-07,8.062,BID
261,1712694923.9036112,318375996.8234953,7.876,2.60855699110536e-07,8.062,BID
262,1712694923.9055357,318376766.64643604,7.88,2.607218239636392e-07,8.062,BID
263,1712694924.0562818,319014095.74055004,7.88,-0.0002158491194479,8.062,ASK
264,1712694924.0812168,321949215.972486,7.88,-0.0009940596206705,8.062,ASK
265,1712694930.282485,321949215.972486,7.88,-0.0,8.062,ASK
266,1712694960.4333842,321949215.972486,7.88,-0.0,8.062,ASK
267,1712694990.4283383,321949215.972486,7.88,-0.0,8.062,ASK
268,1712695020.2621508,321949215.972486,7.88,-0.0,8.062,ASK
269,1712695050.2970428,321949215.972486,7.88,-0.0,8.062,ASK
270,1712695056.2948613,321962091.0220821,7.881,-4.316180166132141e-06,8.062,ASK
271,1712695080.447132,321962091.0220821,7.881,-0.0,8.062,ASK
272,1712695110.4313846,321962091.0220821,7.881,-0.0,8.062,ASK
273,1712695140.287565,321962091.0220821,7.881,-0.0,8.062,ASK
274,1712695170.277748,321962091.0220821,7.881,-0.0,8.062,ASK
275,1712695200.313005,321962091.0220821,7.881,-0.0,8.062,ASK
276,1712695230.2877126,321962091.0220821,7.881,-0.0,8.062,ASK
277,1712695260.427674,321962091.0220821,7.881,-0.0,8.062,ASK
278,1712695266.4579172,321965897.6456071,7.881,1.276195580395733e-06,8.062,BID
279,1712695270.6076243,322003963.8808564,7.881,1.2761955803837433e-05,8.062,BID
280,1712695281.9477866,322008639.5291114,7.881,1.5675418384224515e-06,8.062,BID
281,1712695290.43776,322008639.5291114,7.881,0.0,8.062,BID
282,1712695318.0596569,322009119.24724066,7.898,1.6080888125207278e-07,8.062,BID
283,1712695318.063691,322009775.7986101,7.894,2.20086097978842e-07,8.062,BID
284,1712695318.067229,322011059.4956576,7.89,4.303149567884381e-07,8.062,BID
285,1712695320.2880883,322011059.4956576,7.89,0.0,8.062,BID
286,1712695350.2820976,322011059.4956576,7.89,0.0,8.062,BID
287,1712695353.458135,322066815.90254766,7.851,-1.869028385872082e-05,8.062,ASK
288,1712695371.4783072,322122572.3094377,7.85,1.869028385872082e-05,8.062,BID
289,1712695371.481788,322703677.4488475,7.851,0.000194794116284,8.062,BID
290,1712695378.0779572,322825463.00874287,7.851,4.082412786794183e-05,8.062,BID
291,1712695380.4281723,322825463.00874287,7.851,0.0,8.062,BID
292,1712695389.398851,322873788.09834284,7.898,1.6164562745537276e-05,8.062,BID
293,1712695389.402604,322906417.9913595,7.9,1.0914577860357391e-05,8.062,BID
294,1712695389.406258,322969709.1306,7.9,2.117065069012e-05,8.062,BID
295,1712695389.4098673,322969997.4616259,7.898,9.644565583224324e-08,8.062,BID
296,1712695389.4134667,323642822.2773241,7.9,0.0002250573985509,8.062,BID
297,1712695389.4583557,323871850.0150581,7.9,-7.660892649586613e-05,8.062,ASK
298,1712695389.4781387,324021711.4630011,7.9,-5.01280969877994e-05,8.062,ASK
299,1712695389.537911,324091285.793553,7.9,-2.3272354815997428e-05,8.062,ASK
300,1712695410.431186,324091285.793553,7.9,-0.0,8.062,ASK
301,1712695440.2824843,324091285.793553,7.9,-0.0,8.062,ASK
302,1712695470.2905347,324091285.793553,7.9,-0.0,8.062,ASK
303,1712695500.310835,324091285.793553,7.9,-0.0,8.062,ASK
304,1712695530.298316,324091285.793553,7.9,-0.0,8.062,ASK
305,1712695560.4280448,324091285.793553,7.9,-0.0,8.062,ASK
306,1712695589.1197114,324091928.5242736,7.91,2.14651698592702e-07,8.062,BID
307,1712695590.4335666,324091928.5242736,7.91,0.0,8.062,BID
308,1712695602.4229393,324145409.7252364,7.863,-1.786099648010122e-05,8.062,ASK
309,1712695620.2781332,324145409.7252364,7.863,-0.0,8.062,ASK
310,1712695650.282978,324145409.7252364,7.863,-0.0,8.062,ASK
311,1712695650.530963,324146059.7252364,7.863,-2.1704855652707774e-07,8.062,ASK
312,1712695653.473776,324146066.61016786,7.911,2.299022222905644e-09,8.062,BID
313,1712695653.4838846,324146705.1099538,7.91,2.132083952083161e-07,8.062,BID
314,1712695680.468459,324146705.1099538,7.91,0.0,8.062,BID
315,1712695701.138579,324200836.3109166,7.91,1.8075475311174817e-05,8.062,BID
316,1712695701.14307,324502564.0023152,7.911,0.0001007528253497,8.062,BID
317,1712695710.4213784,324502564.0023152,7.911,0.0,8.062,BID
318,1712695740.2816973,324502564.0023152,7.911,0.0,8.062,BID
319,1712695770.2885716,324502564.0023152,7.911,0.0,8.062,BID
320,1712695800.385447,324502564.0023152,7.911,0.0,8.062,BID
321,1712695830.2831905,324502564.0023152,7.911,0.0,8.062,BID
322,1712695860.4382212,324502564.0023152,7.911,0.0,8.062,BID
323,1712695890.4381254,324502564.0023152,7.911,0.0,8.062,BID
324,1712695920.271803,324502564.0023152,7.911,0.0,8.062,BID
325,1712695947.6183696,324503701.09019905,7.911,3.800853481173946e-07,8.062,BID
326,1712695950.2841334,324503701.09019905,7.911,0.0,8.062,BID
327,1712695961.668128,324652564.0023152,7.911,4.975907530882155e-05,8.062,BID
328,1712695961.7681851,324756513.62970096,7.911,-3.474631299281769e-05,8.062,ASK
329,1712695980.4479344,324756513.62970096,7.911,-0.0,8.062,ASK
330,1712696010.4381654,324756513.62970096,7.911,-0.0,8.062,ASK
331,1712696040.320135,324756513.62970096,7.911,-0.0,8.062,ASK
332,1712696061.2483835,324757790.769701,7.92,4.266129743476082e-07,8.062,BID
333,1712696061.252301,324762826.7610141,7.92,1.6822112163067833e-06,8.062,BID
334,1712696070.2917087,324762826.7610141,7.92,0.0,8.062,BID
335,1712696100.4279132,324762826.7610141,7.92,0.0,8.062,BID
336,1712696130.4278748,324762826.7610141,7.92,0.0,8.062,BID
337,1712696160.2682726,324762826.7610141,7.92,0.0,8.062,BID
338,1712696190.2927496,324762826.7610141,7.92,0.0,8.062,BID
339,1712696220.4277823,324762826.7610141,7.92,0.0,8.062,BID
340,1712696250.4401877,324762826.7610141,7.92,0.0,8.062,BID
341,1712696280.27763,324762826.7610141,7.92,0.0,8.062,BID
342,1712696310.2758057,324762826.7610141,7.92,0.0,8.062,BID
343,1712696340.447484,324762826.7610141,7.92,0.0,8.062,BID
344,1712696370.441562,324762826.7610141,7.92,0.0,8.062,BID
345,1712696400.4074938,324762826.7610141,7.92,0.0,8.062,BID
346,1712696430.2874467,324762826.7610141,7.92,0.0,8.062,BID
347,1712696460.431274,324762826.7610141,7.92,0.0,8.062,BID
348,1712696477.9686298,324763584.33677167,7.92,2.5332805891773135e-07,8.062,BID
349,1712696490.44108,324763584.33677167,7.92,0.0,8.062,BID
350,1712696520.2773824,324763584.33677167,7.92,0.0,8.062,BID
351,1712696550.2945025,324763584.33677167,7.92,0.0,8.062,BID
352,1712696580.4171965,324763584.33677167,7.92,0.0,8.062,BID
353,1712696610.4672053,324763584.33677167,7.92,0.0,8.062,BID
354,1712696640.2606823,324763584.33677167,7.92,0.0,8.062,BID
355,1712696657.4573858,324776212.19382435,7.919,-4.222659008293846e-06,8.062,ASK
356,1712696670.267207,324776212.19382435,7.919,-0.0,8.062,ASK
357,1712696673.49693,324782526.12235063,7.918,2.1112589052407525e-06,8.062,BID
358,1712696681.1675174,324787392.7652915,7.918,1.62731383556022e-06,8.062,BID
359,1712696681.1707609,324788840.8482915,7.917,4.842117101200311e-07,8.062,BID
360,1712696696.9969568,324790103.9530029,7.917,-4.223584507050564e-07,8.062,ASK
361,1712696700.437122,324790103.9530029,7.917,-0.0,8.062,ASK
362,1712696730.447013,324790103.9530029,7.917,-0.0,8.062,ASK
363,1712696760.2821546,324790103.9530029,7.917,-0.0,8.062,ASK
364,1712696790.29435,324790103.9530029,7.917,-0.0,8.062,ASK
365,1712696820.4313636,324790103.9530029,7.917,-0.0,8.062,ASK
366,1712696850.4207,324790103.9530029,7.917,-0.0,8.062,ASK
367,1712696880.281182,324790103.9530029,7.917,-0.0,8.062,ASK
368,1712696881.9407337,324790760.0218885,7.93,2.205218972474099e-07,8.062,BID
369,1712696881.9518397,324877154.2632073,7.917,2.903936221647765e-05,8.062,BID
370,1712696881.9549406,324916878.23621225,7.918,1.335226541906834e-05,8.062,BID
371,1712696881.9584467,324918118.1385561,7.928,4.167635796905056e-07,8.062,BID
372,1712696881.9612446,325019205.3891569,7.934,3.397806660319207e-05,8.062,BID
373,1712696881.9630804,325034523.7321389,7.917,5.148895384922544e-06,8.062,BID
374,1712696881.9649384,325064101.81656444,7.939,9.941967128734026e-06,8.062,BID
375,1712696881.966781,325065378.9565644,7.93,4.292801290293522e-07,8.062,BID
376,1712696881.9686437,325074328.1363028,7.94,3.0080531757095355e-06,8.062,BID
377,1712696881.9705112,325083266.0860501,7.95,3.004278482278898e-06,8.062,BID
378,1712696881.9724252,325346024.1581075,7.93,8.831985457941455e-05,8.062,BID
379,1712696881.9745388,325620805.4598213,7.943,9.236117626560872e-05,8.062,BID
380,1712696881.9764163,325621458.7351539,7.934,2.195829111030141e-07,8.062,BID
381,1712696881.9783273,325622735.87694466,7.94,4.2928073095124017e-07,8.062,BID
382,1712696881.980234,325748617.045122,7.944,4.231195023108279e-05,8.062,BID
383,1712696881.9821346,326028275.0812572,7.94,9.400037414659532e-05,8.062,BID
384,1712696881.9840586,326044044.3583535,7.941,5.300466124828029e-06,8.062,BID
385,1712696881.9859717,326487024.07048124,7.95,0.0001488970574735,8.062,BID
386,1712696881.9880152,326488344.56263787,7.95,-4.43851921781863e-07,8.062,ASK
387,1712696882.0814557,326496620.3450626,7.952,2.781706740963744e-06,8.062,BID
388,1712696882.0851016,326497893.42005324,7.96,4.279137731555456e-07,8.062,BID
389,1712696882.0880587,326551263.18395275,7.965,1.793897233921281e-05,8.062,BID
390,1712696882.0910034,326586188.37903327,7.96,1.1739270753956736e-05,8.062,BID
391,1712696882.0941775,326956066.5314096,7.965,0.0001243257129046,8.062,BID
392,1712696882.0970433,326957956.3383657,7.956,6.352135035858079e-07,8.062,BID
393,1712696882.098719,326962956.3383657,7.952,1.6806306631777274e-06,8.062,BID
394,1712696882.551109,326986897.1415657,7.95,-8.04712959180687e-06,8.062,ASK
395,1712696883.2108586,326989044.6409657,7.951,-7.218306681657578e-07,8.062,ASK
396,1712696883.7106855,327027645.8619657,7.951,-1.2974879129745292e-05,8.062,ASK
397,1712696884.230669,327028918.288483,7.951,-4.276958043255728e-07,8.062,ASK
398,1712696896.541058,327029671.5841516,7.965,2.532023597982596e-07,8.062,BID
399,1712696899.9410632,327035984.7154647,7.951,-2.1220084131078456e-06,8.062,ASK
400,1712696905.2015834,327043406.8441243,7.951,-2.4947714022768032e-06,8.062,ASK
401,1712696905.2046702,330861503.70269674,7.95,-0.0012833621310998,8.062,ASK
402,1712696910.295214,330861503.70269674,7.95,-0.0,8.062,ASK
403,1712696940.4336312,330861503.70269674,7.95,-0.0,8.062,ASK
404,1712696955.052984,331074964.2752733,7.964,7.060444585943562e-05,8.062,BID
405,1712696955.0572743,331077188.17527336,7.97,7.355795276572277e-07,8.062,BID
406,1712696955.0613496,331084610.30393296,7.963,2.4549511639715563e-06,8.062,BID
407,1712696955.065365,331373447.6878215,7.965,9.553616008231795e-05,8.062,BID
408,1712696955.2191195,331374102.1051384,7.97,-2.1645576726221265e-07,8.062,ASK
409,1712696964.7524254,331404102.1051384,7.97,-9.922831885139603e-06,8.062,ASK
410,1712696968.062541,331405419.96107495,7.97,-4.358954302528193e-07,8.062,ASK
411,1712696970.4430883,331405419.96107495,7.97,-0.0,8.062,ASK
412,1712696974.772993,331495744.02989864,7.97,-2.983293634902878e-05,8.062,ASK
413,1712697000.319283,331495744.02989864,7.97,-0.0,8.062,ASK
414,1712697030.3062055,331495744.02989864,7.97,-0.0,8.062,ASK
415,1712697060.454508,331495744.02989864,7.97,-0.0,8.062,ASK
416,1712697090.4504197,331495744.02989864,7.97,-0.0,8.062,ASK
417,1712697120.3067293,331495744.02989864,7.97,-0.0,8.062,ASK
418,1712697132.3606477,331502034.12928224,7.949,-2.080439031132177e-06,8.062,ASK
419,1712697132.3628874,331508314.747295,7.961,-2.07730308483118e-06,8.062,ASK
420,1712697132.3650172,331509572.747295,7.949,-4.1608123203761893e-07,8.062,ASK
421,1712697132.3673048,331624630.6153617,7.91,-3.805518243306935e-05,8.062,ASK
422,1712697150.2920563,331624630.6153617,7.91,-0.0,8.062,ASK
423,1712697169.847056,331662225.593132,7.925,-1.2430277160232922e-05,8.062,ASK
424,1712697180.4606717,331662225.593132,7.925,-0.0,8.062,ASK
425,1712697210.460295,331662225.593132,7.925,-0.0,8.062,ASK
426,1712697240.2798483,331662225.593132,7.925,-0.0,8.062,ASK
427,1712697270.2973804,331662225.593132,7.925,-0.0,8.062,ASK
428,1712697300.3011048,331662225.593132,7.925,-0.0,8.062,ASK
429,1712697302.1974154,331680387.0222518,7.925,-6.021350510939897e-06,8.062,ASK
430,1712697320.6376705,331795444.89031845,7.925,3.8146984364621706e-05,8.062,BID
431,1712697320.6414294,332095970.4358817,7.925,9.963806457048969e-05,8.062,BID
432,1712697330.299357,332095970.4358817,7.925,0.0,8.062,BID
433,1712697360.4581096,332095970.4358817,7.925,0.0,8.062,BID
434,1712697390.4550605,332095970.4358817,7.925,0.0,8.062,BID
435,1712697420.3063312,332095970.4358817,7.925,0.0,8.062,BID
436,1712697450.3046105,332095970.4358817,7.925,0.0,8.062,BID
437,1712697480.439671,332095970.4358817,7.925,0.0,8.062,BID
438,1712697507.8006296,332097253.30951864,7.926,-4.24847532761112e-07,8.062,ASK
439,1712697510.443308,332097253.30951864,7.926,-0.0,8.062,ASK
440,1712697540.301409,332097253.30951864,7.926,-0.0,8.062,ASK
441,1712697570.300589,332097253.30951864,7.926,-0.0,8.062,ASK
442,1712697600.331094,332097253.30951864,7.926,-0.0,8.062,ASK
443,1712697630.2975807,332097253.30951864,7.926,-0.0,8.062,ASK
444,1712697660.3455985,332097253.30951864,7.926,-0.0,8.062,ASK
445,1712697690.2934637,332097253.30951864,7.926,-0.0,8.062,ASK
446,1712697720.4434135,332097253.30951864,7.926,-0.0,8.062,ASK
447,1712697750.5614157,332097253.30951864,7.926,-0.0,8.062,ASK
448,1712697780.3112323,332097253.30951864,7.926,-0.0,8.062,ASK
449,1712697810.3062804,332097253.30951864,7.926,-0.0,8.062,ASK
450,1712697840.4461544,332097253.30951864,7.926,-0.0,8.062,ASK
451,1712697870.4513628,332097253.30951864,7.926,-0.0,8.062,ASK
452,1712697900.2982955,332097253.30951864,7.926,-0.0,8.062,ASK
453,1712697930.3015766,332097253.30951864,7.926,-0.0,8.062,ASK
454,1712697960.4419365,332097253.30951864,7.926,-0.0,8.062,ASK
455,1712697976.0320086,332098511.3293953,7.949,4.189157934429967e-07,8.062,BID
456,1712697990.4519663,332098511.3293953,7.949,0.0,8.062,BID
457,1712698020.326575,332098511.3293953,7.949,0.0,8.062,BID
458,1712698050.296549,332098511.3293953,7.949,0.0,8.062,BID
459,1712698080.454909,332098511.3293953,7.949,0.0,8.062,BID
460,1712698110.4472637,332098511.3293953,7.949,0.0,8.062,BID
461,1712698140.3025346,332098511.3293953,7.949,0.0,8.062,BID
462,1712698170.3026664,332098511.3293953,7.949,0.0,8.062,BID
463,1712698200.402813,332098511.3293953,7.949,0.0,8.062,BID
464,1712698230.2933388,332098511.3293953,7.949,0.0,8.062,BID
465,1712698260.4447806,332098511.3293953,7.949,0.0,8.062,BID
466,1712698290.4337268,332098511.3293953,7.949,0.0,8.062,BID
467,1712698320.302185,332098511.3293953,7.949,0.0,8.062,BID
468,1712698350.3095467,332098511.3293953,7.949,0.0,8.062,BID
469,1712698380.307709,332098511.3293953,7.949,0.0,8.062,BID
470,1712698410.313544,332098511.3293953,7.949,0.0,8.062,BID
471,1712698440.453299,332098511.3293953,7.949,0.0,8.062,BID
472,1712698470.4432704,332098511.3293953,7.949,0.0,8.062,BID
473,1712698500.3329644,332098511.3293953,7.949,0.0,8.062,BID
474,1712698530.3119037,332098511.3293953,7.949,0.0,8.062,BID
475,1712698560.4435358,332098511.3293953,7.949,0.0,8.062,BID
476,1712698590.4462545,332098511.3293953,7.949,0.0,8.062,BID
477,1712698620.303966,332098511.3293953,7.949,0.0,8.062,BID
478,1712698642.3039331,332104837.240306,7.904,-2.1111642904120625e-06,8.062,ASK
479,1712698642.3164575,332112234.51519537,7.904,-2.468713646709621e-06,8.062,ASK
480,1712698643.8540308,332112234.51521593,7.904,-6.8627496945339116e-15,8.062,ASK
481,1712698643.8586044,332117567.80381995,7.902,-1.779893616963946e-06,8.062,ASK
482,1712698643.8627172,332123894.51519537,7.903,-2.111431431815767e-06,8.062,ASK
483,1712698644.4738896,332124888.7386136,7.902,-3.318050170057789e-07,8.062,ASK
484,1712698644.4791129,332150186.13799536,7.902,-8.442573246725928e-06,8.062,ASK
485,1712698645.1938322,332172526.13798773,7.9,-7.455591913667595e-06,8.062,ASK
486,1712698645.2113645,332172526.13799536,7.902,-2.546179596812582e-15,8.062,ASK
487,1712698645.6838195,332184532.50439537,7.9,-4.0069189021918655e-06,8.062,ASK
488,1712698650.3137698,332184532.50439537,7.9,-0.0,8.062,ASK
489,1712698680.4639778,332184532.50439537,7.9,-0.0,8.062,ASK
490,1712698710.4509995,332184532.50439537,7.9,-0.0,8.062,ASK
491,1712698740.2882402,332184532.50439537,7.9,-0.0,8.062,ASK
492,1712698770.3040557,332184532.50439537,7.9,-0.0,8.062,ASK
493,1712698800.3096263,332184532.50439537,7.9,-0.0,8.062,ASK
494,1712698830.3129544,332184532.50439537,7.9,-0.0,8.062,ASK
495,1712698860.4570878,332184532.50439537,7.9,-0.0,8.062,ASK
496,1712698866.7720866,332185397.55570006,7.947,2.896964186096221e-07,8.062,BID
497,1712698890.4417849,332185397.55570006,7.947,0.0,8.062,BID
498,1712698920.3094966,332185397.55570006,7.947,0.0,8.062,BID
499,1712698950.303882,332185397.55570006,7.947,0.0,8.062,BID
500,1712698980.453823,332185397.55570006,7.947,0.0,8.062,BID
501,1712699010.4348829,332185397.55570006,7.947,0.0,8.062,BID
502,1712699040.2837565,332185397.55570006,7.947,0.0,8.062,BID
503,1712699070.3222406,332185397.55570006,7.947,0.0,8.062,BID
504,1712699100.3178265,332185397.55570006,7.947,0.0,8.062,BID
505,1712699130.287514,332185397.55570006,7.947,0.0,8.062,BID
506,1712699141.9670062,332194710.8247956,7.91,-3.1319774454007377e-06,8.062,ASK
507,1712699160.4472692,332194710.8247956,7.91,-0.0,8.062,ASK
508,1712699190.459586,332194710.8247956,7.91,-0.0,8.062,ASK
509,1712699220.3227017,332194710.8247956,7.91,-0.0,8.062,ASK
510,1712699250.304113,332194710.8247956,7.91,-0.0,8.062,ASK
511,1712699280.4452293,332194710.8247956,7.91,-0.0,8.062,ASK
512,1712699310.4478369,332194710.8247956,7.91,-0.0,8.062,ASK
513,1712699340.3037634,332194710.8247956,7.91,-0.0,8.062,ASK
514,1712699370.3118348,332194710.8247956,7.91,-0.0,8.062,ASK
515,1712699396.1330562,332196775.55823004,7.91,-6.943360359769102e-07,8.062,ASK
516,1712699400.3645651,332196775.55823004,7.91,-0.0,8.062,ASK
517,1712699403.094539,332548713.8899661,7.91,0.0001183760046867,8.062,BID
518,1712699403.1001256,332549971.8899661,7.909,4.2313382904722746e-07,8.062,BID
519,1712699430.2969935,332549971.8899661,7.909,0.0,8.062,BID
520,1712699460.439726,332549971.8899661,7.909,0.0,8.062,BID
521,1712699490.4432254,332549971.8899661,7.909,0.0,8.062,BID
522,1712699520.30917,332549971.8899661,7.909,0.0,8.062,BID
523,1712699550.2919424,332549971.8899661,7.909,0.0,8.062,BID
524,1712699550.6831,332549971.88996625,7.91,6.008838761369542e-17,8.062,BID
525,1712699550.6854866,332966559.0633361,7.91,0.0001399893785832,8.062,BID
526,1712699550.704708,332966559.0633371,7.91,3.4050086314427404e-16,8.062,BID
527,1712699580.4258337,332966559.0633371,7.91,0.0,8.062,BID
528,1712699594.7925248,332966559.06333786,7.91,2.600950056354264e-16,8.062,BID
529,1712699594.7954223,333383146.23670787,7.91,0.0001398345375646,8.062,BID
530,1712699610.432544,333383146.23670787,7.91,0.0,8.062,BID
531,1712699640.2824545,333383146.23670787,7.91,0.0,8.062,BID
532,1712699670.2997456,333383146.23670787,7.91,0.0,8.062,BID
533,1712699700.3120227,333383146.23670787,7.91,0.0,8.062,BID
534,1712699730.3195765,333383146.23670787,7.91,0.0,8.062,BID
535,1712699760.3617156,333383146.23670787,7.91,0.0,8.062,BID
536,1712699790.3002005,333383146.23670787,7.91,0.0,8.062,BID
537,1712699801.261499,333384405.84119207,7.939,4.223508997804454e-07,8.062,BID
538,1712699805.8515344,333384519.8178728,7.915,-3.821688017926028e-08,8.062,ASK
539,1712699805.8563194,333385165.7872787,7.927,-2.1659637073015226e-07,8.062,ASK
540,1712699820.4372296,333385165.7872787,7.927,-0.0,8.062,ASK
541,1712699850.4424412,333385165.7872787,7.927,-0.0,8.062,ASK
542,1712699880.301248,333385165.7872787,7.927,-0.0,8.062,ASK
543,1712699910.317547,333385165.7872787,7.927,-0.0,8.062,ASK
544,1712699940.4322217,333385165.7872787,7.927,-0.0,8.062,ASK
545,1712699970.450613,333385165.7872787,7.927,-0.0,8.062,ASK
546,1712700000.3768218,333385165.7872787,7.927,-0.0,8.062,ASK
547,1712700030.3233545,333385165.7872787,7.927,-0.0,8.062,ASK
548,1712700060.4341662,333385165.7872787,7.927,-0.0,8.062,ASK
549,1712700090.440307,333385165.7872787,7.927,-0.0,8.062,ASK
550,1712700120.286732,333385165.7872787,7.927,-0.0,8.062,ASK
551,1712700150.290336,333385165.7872787,7.927,-0.0,8.062,ASK
552,1712700180.4354055,333385165.7872787,7.927,-0.0,8.062,ASK
553,1712700194.046326,333681251.93869823,7.925,-9.966688472780524e-05,8.062,ASK
554,1712700194.0512564,333875960.53728014,7.925,-6.554173289543572e-05,8.062,ASK
555,1712700194.139676,334034387.6736699,7.925,-5.332886750903519e-05,8.062,ASK
556,1712700210.4399347,334034387.6736699,7.925,-0.0,8.062,ASK
557,1712700240.2998548,334034387.6736699,7.925,-0.0,8.062,ASK
558,1712700270.2811344,334034387.6736699,7.925,-0.0,8.062,ASK
559,1712700300.4295125,334034387.6736699,7.925,-0.0,8.062,ASK
560,1712700330.4266922,334034387.6736699,7.925,-0.0,8.062,ASK
561,1712700344.559801,334039251.2577699,7.904,-1.6430570478893307e-06,8.062,ASK
562,1712700344.565353,334122855.56296986,7.904,-2.824391232229185e-05,8.062,ASK
563,1712700344.582811,334232210.7766699,7.904,-3.694330166780196e-05,8.062,ASK
564,1712700344.5857074,334286055.87205213,7.9,-1.8190404780267617e-05,8.062,ASK
565,1712700360.3033626,334286055.87205213,7.9,-0.0,8.062,ASK
566,1712700364.0371842,334776850.6220536,7.9,-0.0001656930923586,8.062,ASK
567,1712700390.2939422,334776850.6220536,7.9,-0.0,8.062,ASK
568,1712700402.809328,334783066.4350819,7.919,2.095725164417361e-06,8.062,BID
569,1712700420.429392,334783066.4350819,7.919,0.0,8.062,BID
570,1712700444.3695176,334784066.4350819,7.9,-3.371546690170004e-07,8.062,ASK
571,1712700450.451339,334784066.4350819,7.9,-0.0,8.062,ASK
572,1712700480.2782593,334784066.4350819,7.9,-0.0,8.062,ASK
573,1712700510.3109314,334784066.4350819,7.9,-0.0,8.062,ASK
574,1712700540.4422426,334784066.4350819,7.9,-0.0,8.062,ASK
575,1712700570.4486716,334784066.4350819,7.9,-0.0,8.062,ASK
576,1712700577.4021025,334784699.4730565,7.9,-2.134311403416973e-07,8.062,ASK
577,1712700577.4048336,334849966.5839863,7.9,-2.2005052572269028e-05,8.062,ASK
578,1712700577.4989831,335305859.9592083,7.9,0.0001537061706302,8.062,BID
579,1712700600.303014,335305859.9592083,7.9,0.0,8.062,BID
580,1712700630.2802827,335305859.9592083,7.9,0.0,8.062,BID
581,1712700660.451362,335305859.9592083,7.9,0.0,8.062,BID
582,1712700690.439412,335305859.9592083,7.9,0.0,8.062,BID
583,1712700720.2995615,335305859.9592083,7.9,0.0,8.062,BID
584,1712700725.6689038,335305859.9592092,7.9,3.021447666131555e-16,8.062,BID
585,1712700725.678841,335307927.9692199,7.91,6.988699224107371e-07,8.062,BID
586,1712700735.9485557,335312927.9692199,7.89,-1.689716004246166e-06,8.062,ASK
587,1712700750.292297,335312927.9692199,7.89,-0.0,8.062,ASK
588,1712700780.4422498,335312927.9692199,7.89,-0.0,8.062,ASK
589,1712700810.4533978,335312927.9692199,7.89,-0.0,8.062,ASK
590,1712700840.314089,335312927.9692199,7.89,-0.0,8.062,ASK
591,1712700870.2787783,335312927.9692199,7.89,-0.0,8.062,ASK
592,1712700874.6585205,335321763.3522284,7.89,-2.985801302639898e-06,8.062,ASK
593,1712700890.1789458,335329879.02118444,7.89,-2.7425834191324924e-06,8.062,ASK
594,1712700890.1830568,335388589.5859565,7.89,-1.984046199320624e-05,8.062,ASK
595,1712700896.158996,335589379.5758165,7.89,-6.78543321444724e-05,8.062,ASK
596,1712700900.3241682,335589379.5758165,7.89,-0.0,8.062,ASK
597,1712700928.3892562,335847447.8103259,7.89,-8.739197544234451e-05,8.062,ASK
598,1712700930.292647,335847447.8103259,7.89,-0.0,8.062,ASK
599,1712700960.4348223,335847447.8103259,7.89,-0.0,8.062,ASK
600,1712700987.4192493,335848098.6145553,7.91,2.2023585240036381e-07,8.062,BID
601,1712700990.4446592,335848098.6145553,7.91,0.0,8.062,BID
602,1712701020.305829,335848098.6145553,7.91,0.0,8.062,BID
603,1712701050.2893906,335848098.6145553,7.91,0.0,8.062,BID
604,1712701080.469616,335848098.6145553,7.91,0.0,8.062,BID
605,1712701110.43974,335848098.6145553,7.91,0.0,8.062,BID
606,1712701140.3166692,335848098.6145553,7.91,0.0,8.062,BID
607,1712701156.6199293,335870707.00791496,7.89,-7.650795560563886e-06,8.062,ASK
608,1712701170.2993429,335870707.00791496,7.89,-0.0,8.062,ASK
609,1712701200.3302631,335870707.00791496,7.89,-0.0,8.062,ASK
610,1712701203.8599796,336044048.4490825,7.89,-5.923957364715625e-05,8.062,ASK
611,1712701230.303224,336044048.4490825,7.89,-0.0,8.062,ASK
612,1712701246.390305,336064272.4231825,7.89,-6.90833007581516e-06,8.062,ASK
613,1712701260.4359283,336064272.4231825,7.89,-0.0,8.062,ASK
614,1712701290.450244,336064272.4231825,7.89,-0.0,8.062,ASK
615,1712701320.2912183,336064272.4231825,7.89,-0.0,8.062,ASK
616,1712701350.2910466,336064272.4231825,7.89,-0.0,8.062,ASK
617,1712701380.4662037,336064272.4231825,7.89,-0.0,8.062,ASK
618,1712701389.240409,336064916.15308607,7.89,-2.198804373482365e-07,8.062,ASK
619,1712701394.7402272,336065548.3907599,7.91,2.159550076119145e-07,8.062,BID
620,1712701410.4656322,336065548.3907599,7.91,0.0,8.062,BID
621,1712701423.74026,336066812.613263,7.91,4.318221636997403e-07,8.062,BID
622,1712701435.6402657,336448312.613263,7.89,-0.0001303094629656,8.062,ASK
623,1712701440.3061416,336448312.613263,7.89,-0.0,8.062,ASK
624,1712701451.5603735,336449576.99561226,7.909,4.3143171598527123e-07,8.062,BID
625,1712701467.4903357,336451186.99561226,7.901,-5.493631441049658e-07,8.062,ASK
626,1712701470.3041074,336451186.99561226,7.901,-0.0,8.062,ASK
627,1712701500.4303756,336451186.99561226,7.901,-0.0,8.062,ASK
628,1712701530.441085,336451186.99561226,7.901,-0.0,8.062,ASK
629,1712701548.3704944,336451480.0377914,7.901,-1.0030963932263084e-07,8.062,ASK
630,1712701560.1513402,336452943.19946194,7.893,-5.00846737804286e-07,8.062,ASK
631,1712701560.1572058,336457597.3363144,7.89,-1.5931317138316028e-06,8.062,ASK
632,1712701560.305944,336457597.3363144,7.89,-0.0,8.062,ASK
633,1712701572.441711,337634229.03452426,7.89,-0.0004027592817798,8.062,ASK
634,1712701590.2946532,337634229.03452426,7.89,-0.0,8.062,ASK
635,1712701620.4261277,337634229.03452426,7.89,-0.0,8.062,ASK
636,1712701650.4404695,337634229.03452426,7.89,-0.0,8.062,ASK
637,1712701680.3004048,337634229.03452426,7.89,-0.0,8.062,ASK
638,1712701684.7204514,338911142.8668034,7.89,-0.0004357011488894,8.062,ASK
639,1712701710.2939515,338911142.8668034,7.89,-0.0,8.062,ASK
640,1712701740.44066,338911142.8668034,7.89,-0.0,8.062,ASK
641,1712701770.4455724,338911142.8668034,7.89,-0.0,8.062,ASK
642,1712701787.871266,339431423.0975217,7.89,-0.0001769188190327,8.062,ASK
643,1712701800.371035,339431423.0975217,7.89,-0.0,8.062,ASK
644,1712701830.3005278,339431423.0975217,7.89,-0.0,8.062,ASK
645,1712701860.4871776,339431423.0975217,7.89,-0.0,8.062,ASK
646,1712701890.427868,339431423.0975217,7.89,-0.0,8.062,ASK
647,1712701920.305462,339431423.0975217,7.89,-0.0,8.062,ASK
648,1712701950.3008103,339431423.0975217,7.89,-0.0,8.062,ASK
649,1712701980.2807577,339431423.0975217,7.89,-0.0,8.062,ASK
650,1712702010.2967696,339431423.0975217,7.89,-0.0,8.062,ASK
651,1712702040.430638,339431423.0975217,7.89,-0.0,8.062,ASK
652,1712702070.4568577,339431423.0975217,7.89,-0.0,8.062,ASK
653,1712702100.3208332,339431423.0975217,7.89,-0.0,8.062,ASK
654,1712702130.2906926,339431423.0975217,7.89,-0.0,8.062,ASK
655,1712702160.450689,339431423.0975217,7.89,-0.0,8.062,ASK
656,1712702190.43092,339431423.0975217,7.89,-0.0,8.062,ASK
657,1712702220.3042915,339431423.0975217,7.89,-0.0,8.062,ASK
658,1712702250.291859,339431423.0975217,7.89,-0.0,8.062,ASK
659,1712702280.4443026,339431423.0975217,7.89,-0.0,8.062,ASK
660,1712702310.443332,339431423.0975217,7.89,-0.0,8.062,ASK
661,1712702340.3149192,339431423.0975217,7.89,-0.0,8.062,ASK
662,1712702370.304445,339431423.0975217,7.89,-0.0,8.062,ASK
663,1712702388.8406718,339432056.9378259,7.89,-2.188994231949297e-07,8.062,ASK
664,1712702388.846236,339526616.1164219,7.89,-3.265641126861071e-05,8.062,ASK
665,1712702388.980695,339558235.4819889,7.89,1.0919881299112157e-05,8.062,BID
666,1712702400.3307316,339558235.4819889,7.89,0.0,8.062,BID
667,1712702430.2852502,339558235.4819889,7.89,0.0,8.062,BID
668,1712702460.4467263,339558235.4819889,7.89,0.0,8.062,BID
669,1712702472.7910397,339558235.48198915,7.89,8.265581459658755e-17,8.062,BID
670,1712702472.796972,339588367.753655,7.907,1.0446364832697437e-05,8.062,BID
671,1712702490.434221,339588367.753655,7.907,0.0,8.062,BID
672,1712702520.3017082,339588367.753655,7.907,0.0,8.062,BID
673,1712702550.2956653,339588367.753655,7.907,0.0,8.062,BID
674,1712702580.4463658,339588367.753655,7.907,0.0,8.062,BID
675,1712702610.440681,339588367.753655,7.907,0.0,8.062,BID
676,1712702640.274459,339588367.753655,7.907,0.0,8.062,BID
677,1712702670.3144507,339588367.753655,7.907,0.0,8.062,BID
678,1712702678.6207078,339607884.62802386,7.907,6.765621699655109e-06,8.062,BID
679,1712702678.6268172,339663641.034914,7.906,1.932823613152756e-05,8.062,BID
680,1712702678.820951,340122645.06924754,7.907,-0.0001591160344749,8.062,ASK
681,1712702680.2505748,340346809.83020115,7.907,-7.770783079008742e-05,8.062,ASK
682,1712702700.3410535,340346809.83020115,7.907,-0.0,8.062,ASK
683,1712702730.3131592,340346809.83020115,7.907,-0.0,8.062,ASK
684,1712702760.4465165,340346809.83020115,7.907,-0.0,8.062,ASK
685,1712702790.4404683,340346809.83020115,7.907,-0.0,8.062,ASK
686,1712702820.2938397,340346809.83020115,7.907,-0.0,8.062,ASK
687,1712702836.216632,340353572.558314,7.9,2.341499687366211e-06,8.062,BID
688,1712702850.2892091,340353572.558314,7.9,0.0,8.062,BID
689,1712702880.446458,340353572.558314,7.9,0.0,8.062,BID
690,1712702910.442498,340353572.558314,7.9,0.0,8.062,BID
691,1712702940.3259437,340353572.558314,7.9,0.0,8.062,BID
692,1712702970.3176117,340353572.558314,7.9,0.0,8.062,BID
693,1712702996.4797754,340354838.3810988,7.9,-4.382652651901673e-07,8.062,ASK
694,1712702996.4823928,340354875.65298593,7.9,-1.2904629060225753e-08,8.062,ASK
695,1712703000.3899465,340354875.65298593,7.9,-0.0,8.062,ASK
696,1712703013.776545,340356780.85936886,7.892,-6.614978133914072e-07,8.062,ASK
697,1712703013.7812283,340358244.20522314,7.892,-5.080814821512167e-07,8.062,ASK
698,1712703013.7857234,340398244.20522314,7.889,-1.3888213252235672e-05,8.062,ASK
699,1712703025.5612662,340550375.4770161,7.889,5.282078862487796e-05,8.062,BID
700,1712703025.5752647,340550375.4770168,7.889,2.2764555480270443e-16,8.062,BID
701,1712703030.3008938,340550375.4770168,7.889,0.0,8.062,BID
702,1712703060.4239657,340550375.4770168,7.889,0.0,8.062,BID
703,1712703090.4455438,340550375.4770168,7.889,0.0,8.062,BID
704,1712703120.3049822,340550375.4770168,7.889,0.0,8.062,BID
705,1712703137.835488,340906686.5885099,7.885,-0.0001236469048887,8.062,ASK
706,1712703143.478973,340910686.5885099,7.889,1.3880780127297074e-06,8.062,BID
707,1712703150.2886338,340910686.5885099,7.889,0.0,8.062,BID
708,1712703180.4380486,340910686.5885099,7.889,0.0,8.062,BID
709,1712703210.4483457,340910686.5885099,7.889,0.0,8.062,BID
710,1712703240.2972991,340910686.5885099,7.889,0.0,8.062,BID
711,1712703270.3200805,340910686.5885099,7.889,0.0,8.062,BID
712,1712703300.4299772,340910686.5885099,7.889,0.0,8.062,BID
713,1712703330.457742,340910686.5885099,7.889,0.0,8.062,BID
714,1712703360.3082058,340910686.5885099,7.889,0.0,8.062,BID
715,1712703390.30849,340910686.5885099,7.889,0.0,8.062,BID
716,1712703420.2976832,340910686.5885099,7.889,0.0,8.062,BID
717,1712703429.492046,340911332.55791587,7.886,-2.241454139374919e-07,8.062,ASK
718,1712703450.288957,340911332.55791587,7.886,-0.0,8.062,ASK
719,1712703480.4304392,340911332.55791587,7.886,-0.0,8.062,ASK
720,1712703498.2094316,340920209.19968766,7.889,3.080107214140418e-06,8.062,BID
721,1712703498.2156353,340973562.94608086,7.889,1.8513224189053214e-05,8.062,BID
722,1712703510.4493687,340973562.94608086,7.889,0.0,8.062,BID
723,1712703540.3297606,340973562.94608086,7.889,0.0,8.062,BID
724,1712703570.2869656,340973562.94608086,7.889,0.0,8.062,BID
725,1712703600.5004394,340973562.94608086,7.889,0.0,8.062,BID
726,1712703630.3005338,340973562.94608086,7.889,0.0,8.062,BID
727,1712703660.4250593,340973562.94608086,7.889,0.0,8.062,BID
728,1712703690.4507315,340973562.94608086,7.889,0.0,8.062,BID
729,1712703720.306254,340973562.94608086,7.889,0.0,8.062,BID
730,1712703750.3067424,340973562.94608086,7.889,0.0,8.062,BID
731,1712703780.4431567,340973562.94608086,7.889,0.0,8.062,BID
732,1712703784.5511813,340974830.53386134,7.889,4.4832630622875706e-07,8.062,BID
733,1712703810.452415,340974830.53386134,7.889,0.0,8.062,BID
734,1712703818.4015756,341047959.83552295,7.882,-2.5864618007638268e-05,8.062,ASK
735,1712703818.4076445,341331141.64535445,7.886,-0.0001001566974055,8.062,ASK
736,1712703840.3364894,341331141.64535445,7.886,-0.0,8.062,ASK
737,1712703870.2929585,341331141.64535445,7.886,-0.0,8.062,ASK
738,1712703877.5020509,341331836.43235385,7.882,-2.454906645794442e-07,8.062,ASK
739,1712703877.504918,341347794.6719254,7.882,-5.638560942132181e-06,8.062,ASK
740,1712703877.5717416,341347794.671926,7.882,-1.895421975861331e-16,8.062,ASK
741,1712703900.4618034,341347794.671926,7.882,-0.0,8.062,ASK
742,1712703930.4531617,341347794.671926,7.882,-0.0,8.062,ASK
743,1712703960.312203,341347794.671926,7.882,-0.0,8.062,ASK
744,1712703990.283718,341347794.671926,7.882,-0.0,8.062,ASK
745,1712704006.4941142,341349785.83076125,7.881,-7.051731054526619e-07,8.062,ASK
746,1712704020.4242654,341349785.83076125,7.881,-0.0,8.062,ASK
747,1712704050.5775516,341349785.83076125,7.881,-0.0,8.062,ASK
748,1712704063.012566,341352414.67878485,7.881,-9.310069038007382e-07,8.062,ASK
749,1712704080.3127253,341352414.67878485,7.881,-0.0,8.062,ASK
750,1712704110.3145163,341352414.67878485,7.881,-0.0,8.062,ASK
751,1712704136.5327966,341601442.7495494,7.881,-8.819267980947758e-05,8.062,ASK
752,1712704136.5363548,341622737.1284353,7.881,-7.541351997236253e-06,8.062,ASK
753,1712704140.3344123,341622737.1284353,7.881,-0.0,8.062,ASK
754,1712704153.9930866,341624006.16396827,7.88,-4.490869909545785e-07,8.062,ASK
755,1712704153.9990065,341624141.94795984,7.87,-4.805131346835528e-08,8.062,ASK
756,1712704170.3129413,341624141.94795984,7.87,-0.0,8.062,ASK
757,1712704192.4230914,341625141.94795984,7.888,3.538791627505319e-07,8.062,BID
758,1712704200.3404253,341625141.94795984,7.888,0.0,8.062,BID
759,1712704230.3247557,341625141.94795984,7.888,0.0,8.062,BID
760,1712704260.4432805,341625141.94795984,7.888,0.0,8.062,BID
761,1712704290.4448907,341625141.94795984,7.888,0.0,8.062,BID
762,1712704320.3038397,341625141.94795984,7.888,0.0,8.062,BID
763,1712704350.3145869,341625141.94795984,7.888,0.0,8.062,BID
764,1712704380.4536145,341625141.94795984,7.888,0.0,8.062,BID
765,1712704410.4634435,341625141.94795984,7.888,0.0,8.062,BID
766,1712704440.3283412,341625141.94795984,7.888,0.0,8.062,BID
767,1712704444.7338278,341680898.35484993,7.871,-1.979938801281802e-05,8.062,ASK
768,1712704444.7437534,341705993.45077163,7.871,-8.911398152896484e-06,8.062,ASK
769,1712704447.2640903,341742507.3027873,7.871,1.2966257408337215e-05,8.062,BID
770,1712704452.4637954,341744556.7889793,7.871,7.277831303450157e-07,8.062,BID
771,1712704470.3042736,341744556.7889793,7.871,0.0,8.062,BID
772,1712704500.335774,341744556.7889793,7.871,0.0,8.062,BID
773,1712704530.3142772,341744556.7889793,7.871,0.0,8.062,BID
774,1712704560.4459856,341744556.7889793,7.871,0.0,8.062,BID
775,1712704573.2312846,341906056.3064794,7.88,5.757852279991191e-05,8.062,BID
776,1712704590.457122,341906056.3064794,7.88,0.0,8.062,BID
777,1712704601.4944372,342480141.7256987,7.88,0.0002045826516602,8.062,BID
778,1712704620.3065455,342480141.7256987,7.88,0.0,8.062,BID
779,1712704650.3250036,342480141.7256987,7.88,0.0,8.062,BID
780,1712704661.832774,342486494.1586805,7.871,-2.26012683238053e-06,8.062,ASK
781,1712704661.8392234,342487129.6097606,7.87,-2.260866097887108e-07,8.062,ASK
782,1712704661.8420732,342491432.5565504,7.871,-1.5309418494953016e-06,8.062,ASK
783,1712704661.8449934,342618497.3595999,7.87,-4.520828029931461e-05,8.062,ASK
784,1712704661.8478513,342620530.3964487,7.87,-7.2333248478598e-07,8.062,ASK
785,1712704661.850704,342640530.3964487,7.866,-7.115783319114949e-06,8.062,ASK
786,1712704661.8535657,342642494.5181232,7.87,-6.988132124193596e-07,8.062,ASK
787,1712704661.856423,344843188.7948669,7.867,-0.0007829831812462,8.062,ASK
788,1712704661.859361,344847001.2233839,7.868,-1.3564207623236394e-06,8.062,ASK
789,1712704661.8622606,344848136.08742285,7.87,-4.037723298891436e-07,8.062,ASK
790,1712704661.8651404,344851948.5159398,7.869,-1.3564207623024329e-06,8.062,ASK
791,1712704661.8682432,344855760.9444568,7.866,-1.3564207623236394e-06,8.062,ASK
792,1712704661.8711195,345585731.7878105,7.865,-0.0002597157175288,8.062,ASK
793,1712704661.9047637,345787363.8742283,7.865,-7.17385118565042e-05,8.062,ASK
794,1712704680.4537785,345787363.8742283,7.865,-0.0,8.062,ASK
795,1712704710.4649446,345787363.8742283,7.865,-0.0,8.062,ASK
796,1712704713.585223,345991431.9552641,7.865,-7.193931453808108e-05,8.062,ASK
797,1712704713.5968337,346011254.6438054,7.863,-6.988014091766158e-06,8.062,ASK
798,1712704713.601737,346016803.89914805,7.865,-1.9562570663747063e-06,8.062,ASK
799,1712704713.60667,346020616.327665,7.864,-1.3439803659681008e-06,8.062,ASK
800,1712704713.609587,346040616.327665,7.865,-7.050520999944343e-06,8.062,ASK
801,1712704713.6124058,346042983.8327081,7.863,-8.346072012098061e-07,8.062,ASK
802,1712704713.6152632,346046796.26122504,7.865,-1.3439803659681008e-06,8.062,ASK
803,1712704713.618106,346053119.7720383,7.86,-2.2292022891048605e-06,8.062,ASK
804,1712704713.6209826,346056932.2005552,7.863,-1.3439803659681008e-06,8.062,ASK
805,1712704713.6238527,346060744.6290722,7.862,-1.343980365989113e-06,8.062,ASK
806,1712704713.6268404,346062016.8937032,7.86,-4.4850642492921053e-07,8.062,ASK
807,1712704713.6299622,346064548.53927284,7.862,-8.924710126519805e-07,8.062,ASK
808,1712704713.632831,346068360.9677898,7.861,-1.343980365989113e-06,8.062,ASK
809,1712704713.635738,346072173.39630675,7.855,-1.3439803659681008e-06,8.062,ASK
810,1712704713.6386423,346075985.82482374,7.854,-1.343980365989113e-06,8.062,ASK
811,1712704713.641534,346079798.25334066,7.858,-1.3439803659681008e-06,8.062,ASK
812,1712704713.6444163,346083610.68185765,7.859,-1.343980365989113e-06,8.062,ASK
813,1712704713.6474285,346139577.6918171,7.852,-1.97298289511631e-05,8.062,ASK
814,1712704713.6503212,346144662.3849651,7.86,-1.7924867909183234e-06,8.062,ASK
815,1712704713.6532214,346148474.8134821,7.857,-1.343980365989113e-06,8.062,ASK
816,1712704713.6561248,346152287.24199903,7.856,-1.3439803659681008e-06,8.062,ASK
817,1712704713.6590471,346173961.8123726,7.853,-7.640850679190069e-06,8.062,ASK
818,1712704730.2047882,346174963.03420955,7.852,-3.529567793419705e-07,8.062,ASK
819,1712704736.7446945,346206911.9159987,7.852,-1.1262813098956315e-05,8.062,ASK
820,1712704740.274794,346206911.9159987,7.852,-0.0,8.062,ASK
821,1712704750.354813,347254409.1474566,7.852,-0.0003688412375831,8.062,ASK
822,1712704750.3591766,347258858.48376775,7.852,-1.5666854881788996e-06,8.062,ASK
823,1712704750.4748535,347260132.36911803,7.85,-4.485562682442563e-07,8.062,ASK
824,1712704750.4783752,347263944.797635,7.851,-1.3424196362263678e-06,8.062,ASK
825,1712704750.4814398,347269158.62742585,7.85,-1.8358763869204448e-06,8.062,ASK
826,1712704750.484449,347272971.05594283,7.848,-1.3424196362263678e-06,8.062,ASK
827,1712704750.48777,347276173.4975669,7.85,-1.127633082387109e-06,8.062,ASK
828,1712704750.490751,347279985.92608386,7.849,-1.3424196362263678e-06,8.062,ASK
829,1712704750.4937308,347830401.0420665,7.846,-0.0001938103380769,8.062,ASK
830,1712704750.496737,347834213.4705835,7.845,-1.3424196362263678e-06,8.062,ASK
831,1712704750.499747,347838025.8991004,7.844,-1.34241963620538e-06,8.062,ASK
832,1712704750.502757,347841838.3276174,7.847,-1.3424196362263678e-06,8.062,ASK
833,1712704750.505754,347845650.75613433,7.846,-1.34241963620538e-06,8.062,ASK
834,1712704750.5750525,347849463.1846513,7.843,-1.3424196362263678e-06,8.062,ASK
835,1712704750.580977,347851376.57750845,7.84,-6.737375223665613e-07,8.062,ASK
836,1712704750.5861456,347855189.00602543,7.841,-1.3424196362263678e-06,8.062,ASK
837,1712704750.5913274,347856464.5162295,7.84,-4.491284063509029e-07,8.062,ASK
838,1712704750.5942593,347860276.94474643,7.842,-1.34241963620538e-06,8.062,ASK
839,1712704750.5974364,347904343.6143348,7.84,-1.551660897903165e-05,8.062,ASK
840,1712704750.6004603,347908156.0428518,7.839,-1.3424196362263678e-06,8.062,ASK
841,1712704750.6949596,347911968.4713688,7.838,-1.34241963620538e-06,8.062,ASK
842,1712704750.7014582,347915780.8998857,7.837,-1.3424196362263678e-06,8.062,ASK
843,1712704750.7072947,347979995.44683045,7.836,-2.261101247301302e-05,8.062,ASK
844,1712704750.7123835,347980633.6550999,7.836,-2.2472377098511402e-07,8.062,ASK
845,1712704767.480683,347984446.0836169,7.835,-1.3424196362263678e-06,8.062,ASK
846,1712704767.5746586,348191491.6860742,7.835,7.290420819558282e-05,8.062,BID
847,1712704770.3612523,348191491.6860742,7.835,0.0,8.062,BID
848,1712704774.23562,348195304.1145911,7.834,-1.3350981358469117e-06,8.062,ASK
849,1712704774.2424436,348199116.5431081,7.832,-1.335098135867785e-06,8.062,ASK
850,1712704774.24808,348871101.94220006,7.831,-0.0002353267607933,8.062,ASK
851,1712704774.2510746,348874914.37071705,7.833,-1.335098135867785e-06,8.062,ASK
852,1712704774.2541046,348894224.6860742,7.833,-6.762399851301006e-06,8.062,ASK
853,1712704778.8649364,348926173.56786335,7.831,-1.1188378307876008e-05,8.062,ASK
854,1712704779.064769,348980665.5923942,7.873,1.908290215715949e-05,8.062,BID
855,1712704779.1901891,349485993.1959222,7.873,-0.0001769638272474,8.062,ASK
856,1712704779.2046807,349541691.16153693,7.873,-1.9505218191655472e-05,8.062,ASK
857,1712704796.175437,349542329.85885495,7.83,-2.2366939992975533e-07,8.062,ASK
858,1712704796.18117,349543606.99806315,7.83,-4.47249349991007e-07,8.062,ASK
859,1712704796.1864898,349582932.94191325,7.831,-1.3771797711513731e-05,8.062,ASK
860,1712704796.1914573,349583699.2254381,7.83,-2.683496099779055e-07,8.062,ASK
861,1712704796.1944678,349639455.63231826,7.832,-1.952568410312144e-05,8.062,ASK
862,1712704796.1975343,350198357.14978915,7.83,-0.0001957252105278,8.062,ASK
863,1712704800.328658,350198357.14978915,7.83,-0.0,8.062,ASK
864,1712704825.4551008,351298062.2473945,7.83,-0.0003832757634095,8.062,ASK
865,1712704825.4618988,351361919.2078032,7.83,-2.225580776423493e-05,8.062,ASK
866,1712704825.5976737,351362557.98670214,7.829,-2.226310223347941e-07,8.062,ASK
867,1712704825.6043563,351366370.4152191,7.827,-1.328730269117842e-06,8.062,ASK
868,1712704825.609254,351370182.84373605,7.828,-1.3287302690970684e-06,8.062,ASK
869,1712704825.612566,351373995.27225304,7.824,-1.328730269117842e-06,8.062,ASK
870,1712704825.615656,351432050.2180348,7.829,-2.023365510686466e-05,8.062,ASK
871,1712704825.6187882,351435862.6465518,7.826,-1.328730269117842e-06,8.062,ASK
872,1712704825.6218934,351439675.0750687,7.825,-1.3287302690970684e-06,8.062,ASK
873,1712704825.7196295,351443487.5035857,7.822,-1.328730269117842e-06,8.062,ASK
874,1712704825.7247984,351802454.87298626,7.822,-0.0001251094432914,8.062,ASK
875,1712704825.7278745,351806267.30150324,7.821,-1.328730269117842e-06,8.062,ASK
876,1712704825.7310295,351810079.73002017,7.823,-1.3287302690970684e-06,8.062,ASK
877,1712704825.7340956,351825877.9703534,7.822,-5.5060967139670295e-06,8.062,ASK
878,1712704830.3010042,351825877.9703534,7.822,-0.0,8.062,ASK
879,1712704836.2949247,351881634.3772435,7.829,1.9346649488963626e-05,8.062,BID
880,1712704839.7961912,351937390.7841336,7.821,-1.9346649488963626e-05,8.062,ASK
881,1712704842.4253273,351938260.3835553,7.82,-3.017381525357377e-07,8.062,ASK
882,1712704847.4750288,351942072.8120723,7.819,-1.3228563735322485e-06,8.062,ASK
883,1712704847.4865117,351945885.2405892,7.82,-1.3228563735115665e-06,8.062,ASK
884,1712704847.492078,351949697.6691062,7.814,-1.3228563735322485e-06,8.062,ASK
885,1712704847.4975796,351950976.4414847,7.82,-4.437151237499466e-07,8.062,ASK
886,1712704847.5015275,351955442.1453343,7.816,-1.5495332629718e-06,8.062,ASK
887,1712704847.5051205,351956081.6594008,7.82,-2.2190193337616145e-07,8.062,ASK
888,1712704847.5083556,351956725.93323314,7.815,-2.235535018343614e-07,8.062,ASK
889,1712704847.5116143,351961818.7714812,7.81,-1.7671396344404882e-06,8.062,ASK
890,1712704847.5148506,351966296.5097772,7.812,-1.553709038070688e-06,8.062,ASK
891,1712704847.5181105,351967984.4551126,7.82,-5.856920949848373e-07,8.062,ASK
892,1712704847.521387,351971796.8836295,7.817,-1.3228563735115665e-06,8.062,ASK
893,1712704847.5246994,351975609.3121465,7.818,-1.3228563735322485e-06,8.062,ASK
894,1712704847.5279858,351976888.084525,7.82,-4.437151237499466e-07,8.062,ASK
895,1712704847.5312672,351980700.513042,7.813,-1.3228563735322485e-06,8.062,ASK
896,1712704847.5345082,351984512.9415589,7.811,-1.3228563735115665e-06,8.062,ASK
897,1712704847.5378246,351988325.3700759,7.815,-1.3228563735322485e-06,8.062,ASK
898,1712704847.5411077,351989605.779807,7.81,-4.4428326090823973e-07,8.062,ASK
899,1712704858.3749864,352045362.18669707,7.821,1.9346649488963626e-05,8.062,BID
900,1712704859.4715395,352083467.1022312,7.873,1.3221842757886146e-05,8.062,BID
901,1712704860.467794,352083467.1022312,7.873,0.0,8.062,BID
902,1712704864.508985,352139223.5091213,7.819,-1.933312062139672e-05,8.062,ASK
903,1712704872.3085563,352203170.3053868,7.819,2.2173077400583043e-05,8.062,BID
904,1712704872.8898718,352212513.301838,7.81,-3.239614735439552e-06,8.062,ASK
905,1712704887.9250758,352213792.2377633,7.819,4.4346154801000746e-07,8.062,BID
906,1712704890.4620128,352213792.2377633,7.819,0.0,8.062,BID
907,1712704913.666113,352242554.15684617,7.821,-9.96945988703258e-06,8.062,ASK
908,1712704920.318414,352242554.15684617,7.821,-0.0,8.062,ASK
909,1712704950.3001025,352242554.15684617,7.821,-0.0,8.062,ASK
910,1712704980.4891503,352242554.15684617,7.821,-0.0,8.062,ASK
911,1712704988.4548888,352246366.58536315,7.808,-1.321361407697687e-06,8.062,ASK
912,1712704988.4621344,352250179.01388013,7.809,-1.321361407697687e-06,8.062,ASK
913,1712704988.467633,352253991.44239706,7.806,-1.3213614076770288e-06,8.062,ASK
914,1712704988.4707546,352257803.87091404,7.807,-1.321361407697687e-06,8.062,ASK
915,1712704988.473922,352261616.29943097,7.803,-1.3213614076770288e-06,8.062,ASK
916,1712704988.4770732,352265428.72794795,7.804,-1.321361407697687e-06,8.062,ASK
917,1712704988.4803257,352291020.53856856,7.815,-8.869944906908937e-06,8.062,ASK
918,1712704988.483527,352342289.4439774,7.802,-1.776944871762809e-05,8.062,ASK
919,1712704988.4867024,352549287.64956576,7.802,-7.17441491974482e-05,8.062,ASK
920,1712704988.489926,352609861.2572021,7.806,-2.099439428151983e-05,8.062,ASK
921,1712704988.493139,352722240.24572355,7.802,-3.89497816960585e-05,8.062,ASK
922,1712704988.496343,352726052.6742405,7.805,-1.321361407697687e-06,8.062,ASK
923,1712704988.4995778,353242554.15684617,7.802,-0.0001790158485839,8.062,ASK
924,1712705010.452908,353242554.15684617,7.802,-0.0,8.062,ASK
925,1712705025.403034,353409135.3972357,7.804,-5.75801907353052e-05,8.062,ASK
926,1712705025.4092946,353575716.6376253,7.804,-5.758019073528459e-05,8.062,ASK
927,1712705025.5026877,354078930.3647123,7.804,0.0001739400086019,8.062,BID
928,1712705025.510067,355026974.8414773,7.804,0.000327699455653,8.062,BID
929,1712705040.3157413,355026974.8414773,7.804,0.0,8.062,BID
930,1712705070.3002207,355026974.8414773,7.804,0.0,8.062,BID
931,1712705100.462066,355026974.8414773,7.804,0.0,8.062,BID
932,1712705130.4638004,355026974.8414773,7.804,0.0,8.062,BID
933,1712705139.5904646,355105630.67481035,7.804,-2.705877817316883e-05,8.062,ASK
934,1712705139.596403,355118444.6163788,7.804,-4.408186751463838e-06,8.062,ASK
935,1712705145.0304554,355119185.32237875,7.805,-2.548138961272342e-07,8.062,ASK
936,1712705145.0378046,355120978.2579001,7.804,-6.167965234816023e-07,8.062,ASK
937,1712705160.3225307,355120978.2579001,7.804,-0.0,8.062,ASK
938,1712705190.3345506,355120978.2579001,7.804,-0.0,8.062,ASK
939,1712705220.438813,355120978.2579001,7.804,-0.0,8.062,ASK
940,1712705233.6490002,355125978.2579001,7.804,-1.7196404838969046e-06,8.062,ASK
941,1712705250.4490027,355125978.2579001,7.804,-0.0,8.062,ASK
942,1712705280.288779,355125978.2579001,7.804,-0.0,8.062,ASK
943,1712705310.3025212,355125978.2579001,7.804,-0.0,8.062,ASK
944,1712705334.2400827,355127255.0709747,7.832,4.391259975828168e-07,8.062,BID
945,1712705340.4292853,355127255.0709747,7.832,0.0,8.062,BID
946,1712705364.4471333,355140023.2017204,7.832,4.391244873223929e-06,8.062,BID
947,1712705370.4367492,355140023.2017204,7.832,0.0,8.062,BID
948,1712705400.199793,355181734.66478026,7.832,1.4345008891313247e-05,8.062,BID
949,1712705400.4004767,355181734.66478026,7.832,0.0,8.062,BID
950,1712705430.318287,355181734.66478026,7.832,0.0,8.062,BID
951,1712705460.4593658,355181734.66478026,7.832,0.0,8.062,BID
952,1712705490.4416623,355181734.66478026,7.832,0.0,8.062,BID
953,1712705520.3177135,355181734.66478026,7.832,0.0,8.062,BID
954,1712705550.3053098,355181734.66478026,7.832,0.0,8.062,BID
955,1712705570.3987794,355237491.07166034,7.833,-1.922080844194508e-05,8.062,ASK
956,1712705570.5199354,355237491.0716611,7.832,-2.671162617283776e-16,8.062,ASK
957,1712705570.5260448,355454297.8878641,7.832,-7.473943383956791e-05,8.062,ASK
958,1712705579.544328,355492592.5010885,7.833,1.3201234913279207e-05,8.062,BID
959,1712705580.4369688,355492592.5010885,7.833,0.0,8.062,BID
960,1712705610.448588,355492592.5010885,7.833,0.0,8.062,BID
961,1712705640.2963233,355492592.5010885,7.833,0.0,8.062,BID
962,1712705670.2977076,355492592.5010885,7.833,0.0,8.062,BID
963,1712705697.6139915,355692592.5010885,7.805,-6.888783052996946e-05,8.062,ASK
964,1712705697.6217875,355761346.49225754,7.804,-2.368156645955765e-05,8.062,ASK
965,1712705697.628668,355761996.49225754,7.805,-2.2388544922240082e-07,8.062,ASK
966,1712705697.6320958,355866073.3508447,7.801,-3.5848144982214486e-05,8.062,ASK
967,1712705700.4360435,355866073.3508447,7.801,-0.0,8.062,ASK
968,1712705723.4138677,355904584.2622696,7.801,-1.3314411247993902e-05,8.062,ASK
969,1712705730.4586632,355904584.2622696,7.801,-0.0,8.062,ASK
970,1712705760.2852342,355904584.2622696,7.801,-0.0,8.062,ASK
971,1712705778.0246506,355913342.7299194,7.801,-3.0277582366900347e-06,8.062,ASK
972,1712705778.032065,355917155.1584364,7.801,-1.3179373727926945e-06,8.062,ASK
973,1712705778.0356882,355930152.94689786,7.8,-4.493270129724207e-06,8.062,ASK
974,1712705778.039046,355930794.01855534,7.801,-2.2161524924744682e-07,8.062,ASK
975,1712705778.0423768,355937076.0698374,7.8,-2.171673547589927e-06,8.062,ASK
976,1712705778.045786,355942972.7497502,7.801,-2.038452602550149e-06,8.062,ASK
977,1712705778.04919,356019895.82667327,7.8,-2.659192099090842e-05,8.062,ASK
978,1712705778.0525744,356032714.69604903,7.801,-4.431418701230915e-06,8.062,ASK
979,1712705778.055999,356067950.20148903,7.8,-1.218073709755724e-05,8.062,ASK
980,1712705788.9837778,356071762.630006,7.799,-1.3179373727926945e-06,8.062,ASK
981,1712705789.06309,356080528.81784123,7.799,3.030427065972204e-06,8.062,BID
982,1712705789.0690506,356100704.383094,7.8,6.9745914829356905e-06,8.062,BID
983,1712705789.0828888,356109470.57092947,7.8,3.0304270660546243e-06,8.062,BID
984,1712705790.277101,356109470.57092947,7.8,0.0,8.062,BID
985,1712705820.442786,356109470.57092947,7.8,0.0,8.062,BID
986,1712705850.474203,356109470.57092947,7.8,0.0,8.062,BID
987,1712705880.2938497,356109470.57092947,7.8,0.0,8.062,BID
988,1712705909.492717,356113316.7247756,7.8,-1.3288618980057166e-06,8.062,ASK
989,1712705909.552724,356486260.75051564,7.8,0.0001288536875329,8.062,BID
990,1712705909.57244,356486260.7505157,7.8,2.0593648760456448e-17,8.062,BID
991,1712705910.2957466,356486260.7505157,7.8,0.0,8.062,BID
992,1712705940.4445305,356486260.7505157,7.8,0.0,8.062,BID
993,1712705957.8420067,356496260.7505157,7.81,3.4515361625617552e-06,8.062,BID
994,1712705957.8519917,356648641.7028787,7.81,5.259483675665437e-05,8.062,BID
995,1712705958.0130749,356658641.70287776,7.815,3.451536162232591e-06,8.062,BID
996,1712705958.0210493,356658641.7028787,7.81,3.291641390382533e-16,8.062,BID
1196,1712705958.0210493,356658641.7028787,7.81,3.2916413903825333e-16,8.062,BID
997,1712705970.4425075,356658641.7028787,7.81,0.0,8.062,BID
998,1712705999.6720822,356661258.9052663,7.871,9.02917286558511e-07,8.062,BID
999,1712705999.6791048,356661258.90526724,7.815,3.2901124885077473e-16,8.062,BID
1000,1712706000.3558607,356661258.90526724,7.815,0.0,8.062,BID
1201,1712706030.2922535,356661258.90526724,7.815,0.0,8.062,BID
1202,1712706031.501656,356662397.1527517,7.798,-3.937429883308038e-07,8.062,ASK
1203,1712706060.4415145,356662397.1527517,7.798,-0.0,8.062,ASK
1204,1712706090.4535782,356662397.1527517,7.798,-0.0,8.062,ASK
1205,1712706120.2817688,356662397.1527517,7.798,-0.0,8.062,ASK
1206,1712706150.3313906,356662397.1527517,7.798,-0.0,8.062,ASK
1207,1712706167.0804577,356723714.1290562,7.798,-2.12107258627406e-05,8.062,ASK
1208,1712706167.0835476,356726388.3100887,7.798,-9.250508457159056e-07,8.062,ASK
1209,1712706180.4355905,356726388.3100887,7.798,-0.0,8.062,ASK
1210,1712706210.421201,356726388.3100887,7.798,-0.0,8.062,ASK
1211,1712706232.4113257,356728936.29677814,7.798,-8.812456701748578e-07,8.062,ASK
1212,1712706240.3155122,356728936.29677814,7.798,-0.0,8.062,ASK
1213,1712706255.0309968,356730220.48837954,7.798,-4.44146947955088e-07,8.062,ASK
1214,1712706270.2975807,356730220.48837954,7.798,-0.0,8.062,ASK
1215,1712706275.4312415,356795730.63781804,7.798,-2.265708024307965e-05,8.062,ASK
1216,1712706300.3138494,356795730.63781804,7.798,-0.0,8.062,ASK
1217,1712706330.3010857,356795730.63781804,7.798,-0.0,8.062,ASK
1218,1712706360.4532945,356795730.63781804,7.798,-0.0,8.062,ASK
1219,1712706390.4504805,356795730.63781804,7.798,-0.0,8.062,ASK
1220,1712706420.315525,356795730.63781804,7.798,-0.0,8.062,ASK
1221,1712706450.310649,356795730.63781804,7.798,-0.0,8.062,ASK
1222,1712706480.45042,356795730.63781804,7.798,-0.0,8.062,ASK
1223,1712706489.3907714,356796371.9561048,7.798,-2.234101701810347e-07,8.062,ASK
1224,1712706489.3925543,356800926.82862175,7.797,-1.586739167028993e-06,8.062,ASK
1225,1712706489.3941555,357067179.812207,7.798,-9.275211014638116e-05,8.062,ASK
1226,1712706510.4231434,357067179.812207,7.798,-0.0,8.062,ASK
1227,1712706540.3131878,357067179.812207,7.798,-0.0,8.062,ASK
1228,1712706548.1906967,357072597.0490011,7.81,-1.8857625500150949e-06,8.062,ASK
1229,1712706548.2529936,358773277.32110995,7.797,0.0005920138418495,8.062,BID
1230,1712706548.2703476,359661463.61820096,7.797,0.0003091813262271,8.062,BID
1231,1712706548.2914898,359729161.47485894,7.797,2.356590410458308e-05,8.062,BID
1232,1712706548.3703446,359857294.6256756,7.797,4.460368014336415e-05,8.062,BID
1233,1712706570.2800145,359857294.6256756,7.797,0.0,8.062,BID
1234,1712706572.4802775,359862711.8624696,7.81,1.871589257603208e-06,8.062,BID
1235,1712706600.3330722,359862711.8624696,7.81,0.0,8.062,BID
1236,1712706630.300031,359862711.8624696,7.81,0.0,8.062,BID
1237,1712706660.4327471,359862711.8624696,7.81,0.0,8.062,BID
1238,1712706681.0799768,359900588.2951091,7.82,-1.311533493603447e-05,8.062,ASK
1239,1712706689.6901476,359903588.2951091,7.81,-1.0387991177155368e-06,8.062,ASK
1240,1712706689.6941943,359916392.39242023,7.81,-4.43362832998506e-06,8.062,ASK
1241,1712706689.809713,359938464.7277482,7.81,7.642907488210038e-06,8.062,BID
1242,1712706690.4498782,359938464.7277482,7.81,0.0,8.062,BID
1243,1712706697.4922624,360052232.85134524,7.819,3.9386001630020045e-05,8.062,BID
1244,1712706697.4951673,360052232.8513458,7.81,1.8571368726586827e-16,8.062,BID
1245,1712706720.3110344,360052232.8513458,7.81,0.0,8.062,BID
1246,1712706750.2897904,360052232.8513458,7.81,0.0,8.062,BID
1247,1712706780.4495096,360052232.8513458,7.81,0.0,8.062,BID
1248,1712706810.4359746,360052232.8513458,7.81,0.0,8.062,BID
1249,1712706840.3006277,360052232.8513458,7.81,0.0,8.062,BID
1250,1712706870.276201,360052232.8513458,7.81,0.0,8.062,BID
1251,1712706870.4002087,360107989.25822586,7.858,1.9296669277965127e-05,8.062,BID
1252,1712706870.4025185,360152232.96244574,7.858,1.5312251555221716e-05,8.062,BID
1253,1712706900.4534545,360152232.96244574,7.858,0.0,8.062,BID
1254,1712706930.4494176,360152232.96244574,7.858,0.0,8.062,BID
1255,1712706932.5824254,360191232.3210089,7.795,-1.3708664667546748e-05,8.062,ASK
1256,1712706932.5872965,360300041.22322446,7.798,-3.824741760560176e-05,8.062,ASK
1257,1712706932.588662,360300785.3652245,7.796,-2.615733570791462e-07,8.062,ASK
1258,1712706932.5900052,360304597.7937415,7.796,-1.3401067615933148e-06,8.062,ASK
1259,1712706932.591618,360518189.3391012,7.794,-7.507956487068284e-05,8.062,ASK
1260,1712706932.5929475,360684877.376029,7.799,-5.8592512454607954e-05,8.062,ASK
1261,1712706932.5943031,360740633.7829092,7.811,-1.959893478116534e-05,8.062,ASK
1262,1712706932.5956862,360744446.2114261,7.795,-1.3401067615723632e-06,8.062,ASK
1263,1712706932.597047,361079839.96244574,7.794,-0.0001178942586163,8.062,ASK
1264,1712706960.322691,361079839.96244574,7.794,-0.0,8.062,ASK
1265,1712706977.0104952,361120295.50316936,7.793,-1.418446845154374e-05,8.062,ASK
1266,1712706977.0135882,361124107.9316863,7.793,-1.3367086696854862e-06,8.062,ASK
1267,1712706977.0166297,361135646.3932263,7.8,-4.0456002012730775e-06,8.062,ASK
1268,1712706977.01959,361136292.4858735,7.793,-2.265321537417691e-07,8.062,ASK
1269,1712706990.3161256,361136292.4858735,7.793,-0.0,8.062,ASK
1270,1712707020.4737902,361136292.4858735,7.793,-0.0,8.062,ASK
1271,1712707050.4442086,361136292.4858735,7.793,-0.0,8.062,ASK
1272,1712707055.323016,361140104.9143905,7.792,-1.336502477338584e-06,8.062,ASK
1273,1712707055.3254485,361484610.23597926,7.793,-0.0001207713701931,8.062,ASK
1274,1712707055.3279495,362055262.1383984,7.791,-0.000200050355799,8.062,ASK
1275,1712707055.3303916,362075282.67375857,7.8,-7.018490966420201e-06,8.062,ASK
1276,1712707055.3328533,362076082.67375857,7.794,-2.804516798433544e-07,8.062,ASK
1277,1712707055.3356771,362077312.67375857,7.791,-4.311944577591574e-07,8.062,ASK
1278,1712707055.3370414,362077954.4858735,7.792,-2.249966072283299e-07,8.062,ASK
1279,1712707080.301999,362077954.4858735,7.792,-0.0,8.062,ASK
1280,1712707096.4598122,362078438.9533523,7.791,-1.6940141005824876e-07,8.062,ASK
1281,1712707096.4629822,362079080.8478459,7.791,-2.244481561718701e-07,8.062,ASK
1282,1712707104.6695664,362082408.80888414,7.791,-1.16367210849218e-06,8.062,ASK
1283,1712707107.4249537,362083692.5059316,7.79,-4.488641641942382e-07,8.062,ASK
1284,1712707107.4265192,362093947.2704241,7.79,-3.5857341122695364e-06,8.062,ASK
1285,1712707110.3172948,362093947.2704241,7.79,-0.0,8.062,ASK
1286,1712707140.4297762,362093947.2704241,7.79,-0.0,8.062,ASK
1287,1712707157.5246663,362103125.70431376,7.79,-3.209238966221539e-06,8.062,ASK
1288,1712707170.411193,362103125.70431376,7.79,-0.0,8.062,ASK
1289,1712707200.4306064,362103125.70431376,7.79,-0.0,8.062,ASK
1290,1712707207.179699,4975.69089048,7.79,-1.753638340796799e-06,7.79,ASK
1291,1712707218.3308723,24173.83860723,7.79,-6.766217727228137e-06,7.79,ASK
1292,1712707218.3323865,28025.42417662,7.787,-1.3574573413040917e-06,7.79,ASK
1293,1712707218.3338225,31877.00974601,7.786,-1.357457341304093e-06,7.79,ASK
1294,1712707218.3353117,218457.0462517,7.785,-6.575848718208463e-05,7.79,ASK
1295,1712707218.3367474,222308.63182109,7.789,-1.3574573413040957e-06,7.79,ASK
1296,1712707218.3381734,226160.21739048,7.788,-1.3574573413040851e-06,7.79,ASK
1297,1712707218.339645,226820.21739048,7.787,-2.3261117509135178e-07,7.79,ASK
1298,1712707225.3672292,235933.71526955,7.785,-3.2119718952166983e-06,7.79,ASK
1299,1712707230.3990314,235933.71526955,7.785,-0.0,7.79,ASK
1300,1712707247.5644844,239785.30083894,7.785,-1.3565790908583036e-06,7.79,ASK
1301,1712707247.566033,430090.6103848,7.785,-6.702803278238455e-05,7.79,ASK
1302,1712707247.6802716,435435.4401888,7.785,1.882519348376059e-06,7.79,BID
1303,1712707260.5848715,435435.4401888,7.785,0.0,7.79,BID
1304,1712707260.8587055,435435.4401888,7.785,0.0,7.79,BID
1305,1712707261.0611792,436193.01594637,7.784,-2.666822618192995e-07,7.79,ASK
1306,1712707289.409972,436193.01594669,7.785,1.1263515096308616e-16,7.79,BID
1307,1712707290.4656472,436193.01594669,7.785,0.0,7.79,BID
1308,1712707315.2504888,440044.60151608,7.783,-1.3558345931254346e-06,7.79,ASK
1309,1712707315.2696753,455578.09592018,7.783,-5.468098445631799e-06,7.79,ASK
1310,1712707315.271188,475990.79983765,7.785,-7.185677070369811e-06,7.79,ASK
1311,1712707315.2726767,479084.80964947,7.784,-1.0891528848986402e-06,7.79,ASK
1312,1712707320.52488,479084.80964947,7.784,-0.0,7.79,ASK
1313,1712707320.6991684,479084.80964947,7.784,-0.0,7.79,ASK
1314,1712707345.2408023,491933.32564587,7.784,-4.522401222351252e-06,7.79,ASK
1315,1712707345.2443285,495784.91121526,7.782,-1.355675261787437e-06,7.79,ASK
1316,1712707345.2477715,502096.60172487,7.78,-2.221579276841049e-06,7.79,ASK
1317,1712707345.2494564,505948.18729426,7.781,-1.3556752617874572e-06,7.79,ASK
1318,1712707345.2509854,528960.24087936,7.783,-8.099747806768308e-06,7.79,ASK
1319,1712707350.374523,528960.24087936,7.783,-0.0,7.79,ASK
1320,1712707359.8715076,530245.58792306,7.78,-4.5235270521143844e-07,7.79,ASK
1321,1712707359.874763,534097.17349245,7.778,-1.3554900679986892e-06,7.79,ASK
1322,1712707359.8854966,534753.72486187,7.777,-2.310603891167676e-07,7.79,ASK
1323,1712707359.8869934,545918.29858488,7.78,-3.9291529481392094e-06,7.79,ASK
1324,1712707359.8885026,549769.88415427,7.775,-1.35549006799873e-06,7.79,ASK
1325,1712707359.8900263,553621.46972366,7.771,-1.3554900679986892e-06,7.79,ASK
1326,1712707359.891553,558760.05658005,7.77,-1.808424951724084e-06,7.79,ASK
1327,1712707359.893091,562611.64214944,7.773,-1.3554900679986892e-06,7.79,ASK
1328,1712707359.8946168,566463.22771883,7.769,-1.3554900679986892e-06,7.79,ASK
1329,1712707359.896185,570314.81328822,7.772,-1.3554900679986892e-06,7.79,ASK
1330,1712707359.8977232,571600.16033192,7.78,-4.5235270521143844e-07,7.79,ASK
1331,1712707359.9007397,644231.03549279,7.77,-2.556101328581017e-05,7.79,ASK
1332,1712707359.9022796,648082.62106218,7.768,-1.3554900679986892e-06,7.79,ASK
1333,1712707359.9038675,648725.42311873,7.78,-2.262215878746697e-07,7.79,ASK
1334,1712707359.9054208,652577.00868812,7.779,-1.35549006799873e-06,7.79,ASK
1335,1712707359.9069977,656428.59425751,7.776,-1.3554900679986892e-06,7.79,ASK
1336,1712707359.9085598,660280.1798269,7.777,-1.3554900679986892e-06,7.79,ASK
1337,1712707359.910105,1290550.02054303,7.767,-0.000221811120085,7.79,ASK
1338,1712707359.9117565,1294401.60611242,7.774,-1.35549006799873e-06,7.79,ASK
1339,1712707359.913325,1295688.60739942,7.77,-4.529348837253948e-07,7.79,ASK
1340,1712707359.9149125,1540313.30161855,7.767,-8.609086762513862e-05,7.79,ASK
1341,1712707362.7441657,1622019.16131666,7.767,-2.875477626623872e-05,7.79,ASK
1342,1712707362.7530327,1763643.98428563,7.767,-4.9842081256659246e-05,7.79,ASK
1343,1712707362.754661,1769149.90830365,7.765,-1.937702067661356e-06,7.79,ASK
1344,1712707362.7565124,2232778.07876843,7.767,-0.0001631648496411,7.79,ASK
1345,1712707362.759236,2236629.66433782,7.766,-1.35549006799873e-06,7.79,ASK
1346,1712707362.7619643,2240481.24990721,7.762,-1.35549006799873e-06,7.79,ASK
1347,1712707362.7645514,2241431.24990721,7.76,-3.3433388442222905e-07,7.79,ASK
1348,1712707362.7661228,2245282.8354766,7.763,-1.35549006799873e-06,7.79,ASK
1349,1712707362.7677338,2249134.42104599,7.761,-1.35549006799873e-06,7.79,ASK
1350,1712707362.7693567,2403634.22792123,7.767,-5.4373179552719016e-05,7.79,ASK
1351,1712707362.770966,2404284.22792123,7.764,-2.287547630257357e-07,7.79,ASK
1352,1712707362.772585,2408135.81349062,7.765,-1.35549006799873e-06,7.79,ASK
1353,1712707362.774191,2537035.01431557,7.758,-4.5363547906027886e-05,7.79,ASK
1354,1712707362.775874,2552498.93184133,7.76,-5.442222752392051e-06,7.79,ASK
1355,1712707362.7774863,2556350.51741072,7.758,-1.355490067998566e-06,7.79,ASK
1356,1712707362.7791178,2560202.10298011,7.76,-1.35549006799873e-06,7.79,ASK
1357,1712707362.7807732,2564053.6885495,7.759,-1.35549006799873e-06,7.79,ASK
1358,1712707362.7824004,2567905.27411889,7.764,-1.35549006799873e-06,7.79,ASK
1359,1712707362.7840743,2957342.89272735,7.758,-0.0001370549387047,7.79,ASK
1360,1712707362.7857146,3057342.89272735,7.759,-3.5193040465497794e-05,7.79,ASK
1361,1712707365.7198482,3436600.29050455,7.758,-0.0001334722094681,7.79,ASK
1362,1712707369.1663277,4005486.38717035,7.758,-0.0002002083142021,7.79,ASK
1363,1712707372.3232307,4147707.9113368,7.758,-5.005207855054644e-05,7.79,ASK
1364,1712707375.370024,4254374.05446163,7.758,-3.753905891290721e-05,7.79,ASK
1365,1712707376.8832777,4344094.63892715,7.797,3.1575401596831414e-05,7.797,BID
1366,1712707376.8850715,4428991.21879984,7.797,2.98776877084195e-05,7.797,BID
1367,1712707376.8867643,4541370.20732133,7.797,3.954958290508519e-05,7.797,BID
1368,1712707378.0196917,4701369.42200859,7.758,-5.6308588369366056e-05,7.797,ASK
1369,1712707380.5744224,4701369.42200859,7.758,-0.0,7.797,ASK
1370,1712707380.8024986,4701369.42200859,7.758,-0.0,7.797,ASK
1371,1712707382.3992405,4757125.82889869,7.759,-1.940116277453768e-05,7.797,ASK
1372,1712707382.4010642,4861368.63669585,7.758,-3.6272632957391125e-05,7.797,ASK
1373,1712707410.4643047,4861368.63669585,7.758,-0.0,7.797,ASK
1374,1712707414.9128644,4862652.33374334,7.79,4.464861336638863e-07,7.797,BID
1375,1712707440.6462548,4862652.33374334,7.79,0.0,7.797,BID
1376,1712707440.684997,4862652.33374334,7.79,0.0,7.797,BID
1377,1712707445.255001,4917125.04358595,7.79,1.8946234287175124e-05,7.797,BID
1378,1712707445.257991,5071624.85046119,7.85,5.373680778575704e-05,7.85,BID
1379,1712707445.260915,5503004.70257061,7.85,0.000150038868425,7.85,BID
1380,1712707445.263836,5790000.85543031,7.79,9.98205590892877e-05,7.85,BID
1381,1712707445.266713,6443797.16244478,7.85,0.0002273978666487,7.85,BID
1382,1712707445.269344,6919484.81312307,7.85,0.0001654496297927,7.85,BID
1383,1712707445.2795491,7526169.08533569,7.85,0.000211011759703,7.85,BID
1384,1712707465.898637,7527442.970686,7.841,4.4307195973384586e-07,7.85,BID
1385,1712707465.9513175,7529990.74138663,7.815,-8.86143919470931e-07,7.85,ASK
1386,1712707465.9531538,7650220.40536447,7.793,-4.181725837716071e-05,7.85,ASK
1387,1712707465.9549353,7705976.81225457,7.815,-1.9392718867909268e-05,7.85,ASK
1388,1712707466.7717462,7714529.84560739,7.841,2.97484326072174e-06,7.85,BID
1389,1712707466.780486,7752255.31882026,7.841,1.3121352988510734e-05,7.85,BID
1390,1712707466.7837903,7808011.72571036,7.84,1.9392718867908942e-05,7.85,BID
1391,1712707470.3867333,7808011.72571036,7.84,0.0,7.85,BID
1392,1712707484.5203578,7863768.13259047,7.83,1.923821269850936e-05,7.85,BID
1393,1712707484.5222073,8002140.42007732,7.83,4.774402884273664e-05,7.85,BID
1394,1712707484.524017,8506826.0403827,7.83,0.0001741369261866,7.85,BID
1395,1712707484.5800247,8609236.0424407,7.83,-3.533558764435757e-05,7.85,ASK
1396,1712707484.6090083,8609236.04244088,7.83,-6.23407184946653e-17,7.85,ASK
1397,1712707500.8915138,8609236.04244088,7.83,-0.0,7.85,ASK
1398,1712707501.0768044,8609236.04244088,7.83,-0.0,7.85,ASK
1399,1712707506.2603524,8744269.50776212,7.828,4.668362747425116e-05,7.85,BID
1400,1712707513.9746962,8782043.36825066,7.772,-1.3059139281631386e-05,7.85,ASK
1401,1712707515.380162,8819817.22873919,7.827,1.3059139281627522e-05,7.85,BID
1402,1712707515.382166,8907239.81355731,7.828,3.022364398911177e-05,7.85,BID
1403,1712707530.4668803,8907239.81355731,7.828,0.0,7.85,BID
1404,1712707560.6904566,8907239.81355731,7.828,0.0,7.85,BID
1405,1712707560.715112,8907239.81355731,7.828,0.0,7.85,BID
1406,1712707579.9695868,8958812.78931801,7.774,-1.7815400312351367e-05,7.85,ASK
1407,1712707584.6034806,8962996.22044741,7.774,-1.4451270098360478e-06,7.85,ASK
1408,1712707584.6089184,9060847.7027738,7.774,-3.380187594546414e-05,7.85,ASK
1409,1712707590.3111398,9060847.7027738,7.774,-0.0,7.85,ASK
1410,1712707619.334271,9140124.76121494,7.774,-2.737422352775446e-05,7.85,ASK
1411,1712707619.337685,9195881.16809504,7.775,-1.9252585490081945e-05,7.85,ASK
1412,1712707620.4483025,9195881.16809504,7.775,-0.0,7.85,ASK
1413,1712707620.79961,9195881.16809504,7.775,-0.0,7.85,ASK
1414,1712707625.991934,9251637.57498514,7.819,1.924560903597391e-05,7.85,BID
1415,1712707625.99515,9256609.55684184,7.819,1.7161941431522743e-06,7.85,BID
1416,1712707650.386344,9256609.55684184,7.819,0.0,7.85,BID
1417,1712707671.300328,9312365.96373194,7.777,-1.9242455191044444e-05,7.85,ASK
1418,1712707671.3022375,9325226.04603646,7.776,-4.438226408412534e-06,7.85,ASK
1419,1712707671.3041303,9406235.85053153,7.775,-2.7957819019869296e-05,7.85,ASK
1420,1712707680.6424873,9406235.85053153,7.775,-0.0,7.85,ASK
1421,1712707680.7838814,9406235.85053153,7.775,-0.0,7.85,ASK
1422,1712707700.6739438,9407994.11267924,7.775,-6.065616989444582e-07,7.85,ASK
1423,1712707710.453627,9407994.11267924,7.775,-0.0,7.85,ASK
1424,1712707720.7585628,9410961.82074217,7.775,-1.023789062235937e-06,7.85,ASK
1425,1712707729.5121143,9539562.64378743,7.776,-4.436424110338164e-05,7.85,ASK
1426,1712707729.5141125,9605138.20972931,7.775,-2.2622018654673344e-05,7.85,ASK
1427,1712707740.8290446,9605138.20972931,7.775,-0.0,7.85,ASK
1428,1712707740.8618686,9605138.20972931,7.775,-0.0,7.85,ASK
1429,1712707740.8764584,9651389.92763925,7.775,-1.594731500980913e-05,7.85,ASK
1430,1712707767.6697109,9748478.12213282,7.778,-3.347542732007012e-05,7.85,ASK
1431,1712707770.4114313,9748478.12213282,7.778,-0.0,7.85,ASK
1432,1712707778.7199025,9768526.03853235,7.799,6.909745521827492e-06,7.85,BID
1433,1712707800.3355806,9768526.03853235,7.799,0.0,7.85,BID
1434,1712707800.8983912,9768526.03853235,7.799,0.0,7.85,BID
1435,1712707803.492739,9824282.44542245,7.797,1.9405904505754416e-05,7.85,BID
1436,1712707803.4963362,9979646.74160396,7.798,5.4074228657612014e-05,7.85,BID
1437,1712707803.498345,10052989.02124869,7.798,2.5526631904838743e-05,7.85,BID
1438,1712707803.781452,10115973.28832466,7.817,2.192154660630061e-05,7.85,BID
1439,1712707817.439814,10244272.91035317,7.815,4.4654423627354566e-05,7.85,BID
1440,1712707817.579973,10279981.40083375,7.816,1.242826779847262e-05,7.85,BID
1441,1712707817.5820923,10342965.66790972,7.816,2.1921546606301253e-05,7.85,BID
1442,1712707817.5839806,10469884.17678604,7.817,4.417372999162784e-05,7.85,BID
1443,1712707830.3347986,10469884.17678604,7.817,0.0,7.85,BID
1444,1712707834.5462384,10525640.58367614,7.816,-1.936898422746297e-05,7.85,ASK
1445,1712707834.548295,10566972.37127962,7.816,-1.435807626130906e-05,7.85,ASK
1446,1712707860.6173491,10566972.37127962,7.816,-0.0,7.85,ASK
1447,1712707860.7523465,10566972.37127962,7.816,-0.0,7.85,ASK
1448,1712707883.1002142,10579696.6364533,7.859,4.419064173174647e-06,7.859,BID
1449,1712707890.4624436,10579696.6364533,7.859,0.0,7.859,BID
1450,1712707891.814193,10621028.42405678,7.831,-1.435379381718429e-05,7.859,ASK
1451,1712707920.5167344,10621028.42405678,7.831,-0.0,7.859,ASK
1452,1712707920.6505027,10621028.42405678,7.831,-0.0,7.859,ASK
1453,1712707939.340965,10662360.21166025,7.857,1.4352180566648284e-05,7.859,BID
1454,1712707939.3430154,10790659.83368877,7.858,4.45511662755055e-05,7.859,BID
1455,1712707939.3449836,11361940.12447654,7.859,0.0001983731738441,7.859,BID
1456,1712707950.3315327,11361940.12447654,7.859,0.0,7.859,BID
1457,1712707951.22042,11363227.12447654,7.86,4.460001966180472e-07,7.86,BID
1458,1712707951.2224777,11364514.12447654,7.87,4.460001966180472e-07,7.87,BID
1459,1712707951.2245202,11369514.12447654,7.873,1.73271249657361e-06,7.873,BID
1460,1712707951.2265134,15400462.82853177,7.88,0.0013968950385127,7.88,BID
1461,1712707951.2285235,15402618.2463161,7.872,7.469438660489466e-07,7.88,BID
1462,1712707951.2305295,17600664.94382157,7.879,0.000761716596164,7.88,BID
1463,1712707951.2326095,17619975.25917871,7.874,6.691844946417878e-06,7.88,BID
1464,1712707956.5398114,17649975.25917871,7.888,1.039627497944166e-05,7.888,BID
1465,1712707966.349694,17715770.28762797,7.888,-2.280077360128969e-05,7.888,ASK
1466,1712707971.570229,17842545.13549815,7.888,-4.393287263117661e-05,7.888,ASK
1467,1712707980.6144023,17842545.13549815,7.888,-0.0,7.888,ASK
1468,1712707980.8425913,17842545.13549815,7.888,-0.0,7.888,ASK
1469,1712707991.8596065,18144234.91281759,7.889,0.0001027303386369,7.889,BID
1470,1712708001.7123458,18144891.46418701,7.894,2.235665560578897e-07,7.894,BID
1471,1712708001.714461,18162528.6486452,7.9,6.005751829215148e-06,7.9,BID
1472,1712708001.7164946,18358028.47267605,7.901,6.657091037222709e-05,7.901,BID
1473,1712708001.7197251,18364159.72660169,7.905,2.0877929562164025e-06,7.905,BID
1474,1712708001.7218354,18365443.42364918,7.89,4.371199898374633e-07,7.905,BID
1475,1712708001.7238443,18378755.49765113,7.9,4.532980475278469e-06,7.905,BID
1476,1712708004.6829238,18421787.63936755,7.904,1.4653153083538132e-05,7.905,BID
1477,1712708004.68643,18807315.84824793,7.905,0.0001312787055772,7.905,BID
1478,1712708005.67774,18814928.25644793,7.905,-2.592150384334893e-06,7.905,ASK
1479,1712708006.2366605,18908576.82564793,7.905,-3.188888039979433e-05,7.905,ASK
1480,1712708006.8500416,19021379.13604793,7.905,-3.841104478044656e-05,7.905,ASK
1481,1712708006.9704945,19338898.82889493,7.905,-0.0001081206856257,7.905,ASK
1482,1712708007.0350358,19338898.82889505,7.905,-4.059272671759355e-17,7.905,ASK
1483,1712708010.456786,19338898.82889505,7.905,-0.0,7.905,ASK
1484,1712708010.9995787,19393141.34615985,7.906,1.839640901572322e-05,7.906,BID
1485,1712708022.4512298,19394604.59992231,7.909,4.962641128291131e-07,7.909,BID
1486,1712708024.6800146,19686120.15704521,7.909,-9.88678198155754e-05,7.909,ASK
1487,1712708030.0233395,19706120.15704521,7.91,6.7830218593715306e-06,7.91,BID
1488,1712708033.2706065,19834508.55356421,7.91,4.354306500390111e-05,7.91,BID
1489,1712708033.315798,19886910.14690524,7.91,1.7772057654905266e-05,7.91,BID
1490,1712708033.319325,19894965.36011401,7.91,2.731934363848757e-06,7.91,BID
1491,1712708040.5904274,19894965.36011401,7.91,0.0,7.91,BID
1492,1712708040.7276378,19894965.36011401,7.91,0.0,7.91,BID
1493,1712708042.0097735,19896869.48439463,7.913,6.448240252851392e-07,7.913,BID
1494,1712708042.011942,19928467.05770101,7.912,1.0700391049068052e-05,7.913,BID
1495,1712708042.4023132,19934567.44958814,7.918,2.0658731641157967e-06,7.918,BID
1496,1712708042.405954,20033859.20281563,7.918,3.3624752672609035e-05,7.918,BID
1497,1712708042.409387,20033859.20281601,7.913,1.2867856600850699e-16,7.918,BID
1498,1712708048.2496784,20033859.20281678,7.918,2.611417957231465e-16,7.918,BID
1499,1712708051.8000977,20035142.89986427,7.92,4.347188394340885e-07,7.92,BID
1500,1712708051.8094838,20035908.59664834,7.922,2.5930013470007724e-07,7.922,BID
1501,1712708051.8190868,20037185.59664834,7.92,4.324509112508375e-07,7.922,BID
1502,1712708056.884444,20074313.63660204,7.924,1.2573261324146895e-05,7.924,BID
1503,1712708056.888152,20075045.26348327,7.924,2.477624992042216e-07,7.924,BID
1504,1712708059.3907807,20215045.7642971,7.924,4.741060622749779e-05,7.924,BID
1505,1712708059.393504,20246287.57417879,7.924,1.0579913196915452e-05,7.924,BID
1506,1712708060.1296985,20258905.87070875,7.925,4.273135342846072e-06,7.925,BID
1507,1712708060.1334655,20358197.62393623,7.925,3.362475267260525e-05,7.925,BID
1508,1712708062.899607,20359149.68607673,7.928,3.224120127075397e-07,7.928,BID
1509,1712708062.9033074,20363982.56196231,7.93,1.6366339707761586e-06,7.93,BID
1510,1712708062.911328,20364635.83729496,7.934,2.212290625696589e-07,7.934,BID
1511,1712708062.9149425,20365912.83729496,7.94,4.324509112508375e-07,7.94,BID
1512,1712708062.9185543,20366864.89943546,7.943,3.224120127075397e-07,7.943,BID
1513,1712708062.9216254,20599629.41856146,7.94,7.882476773915491e-05,7.943,BID
1514,1712708062.923756,20609915.82574154,7.939,3.483450398217417e-06,7.943,BID
1515,1712708062.925875,20624248.4851225,7.94,4.8536974236057474e-06,7.943,BID
1516,1712708062.9280264,20798251.53854622,7.947,5.892543383987067e-05,7.947,BID
1517,1712708065.5301466,21124248.4851225,7.947,0.0001103975541205,7.947,BID
1518,1712708066.4488876,21133594.74051603,7.947,-3.1650717789459667e-06,7.947,ASK
1519,1712708067.1415648,21134765.75751603,7.95,3.965601947851382e-07,7.95,BID
1520,1712708067.1454494,21136043.47438821,7.95,4.326936771291729e-07,7.95,BID
1521,1712708067.1492264,21261529.73364283,7.969,4.249541672993002e-05,7.969,BID
1522,1712708067.1529255,21266529.73364283,7.95,1.6932298796039057e-06,7.969,BID
1523,1712708067.1551125,21267793.95614599,7.97,4.2812386336335843e-07,7.97,BID
1524,1712708067.1572993,22632774.2132847,7.97,0.0004622450712913,7.97,BID
1525,1712708067.1595037,23373500.94542427,7.95,0.000250844127096,7.97,BID
1526,1712708067.161725,23374772.40175503,7.96,4.305735699713204e-07,7.97,BID
1527,1712708067.1639934,23385593.42698629,7.969,3.6644966499024495e-06,7.97,BID
1528,1712708070.355477,23385593.42698629,7.969,0.0,7.97,BID
1529,1712708070.9936962,23697684.73721609,7.968,0.0001047040502896,7.97,BID
1530,1712708070.9959476,25350827.121306,7.97,0.0005546155809089,7.97,BID
1531,1712708071.0897815,25537778.18780537,7.97,6.272053475004799e-05,7.97,BID
1532,1712708071.1712763,25713436.90800611,7.97,5.893204607386673e-05,7.97,BID
1533,1712708071.9812682,25838258.84144576,7.97,4.187672507284712e-05,7.97,BID
1534,1712708072.5472538,25838908.87327262,7.973,2.180802952810243e-07,7.973,BID
1535,1712708072.557937,25846702.83994068,7.973,2.614811278684542e-06,7.973,BID
1536,1712708073.0470955,25856324.59441471,7.972,-3.2280189524729243e-06,7.973,ASK
1537,1712708073.5945752,25888853.75541471,7.972,-1.0913264155661677e-05,7.973,ASK
1538,1712708073.6021626,25924256.90940606,7.973,1.1877465005973516e-05,7.973,BID
1539,1712708076.8904035,26195384.04727367,7.973,-9.096090966864715e-05,7.973,ASK
1540,1712708077.3495116,26427551.42025342,7.973,7.789023115764193e-05,7.973,BID
1541,1712708077.3798366,26539461.47001086,7.973,3.754489501516131e-05,7.973,BID
1542,1712708077.382049,26878819.02334588,7.973,0.0001138516490715,7.973,BID
1543,1712708077.45971,26895390.99851988,7.973,-5.559760445556004e-06,7.973,ASK
1544,1712708077.4795048,26895390.99852022,7.973,-1.149819723814865e-16,7.973,ASK
1545,1712708080.7495008,26896642.62577286,7.973,4.199105790791209e-07,7.973,BID
1546,1712708081.3348062,27020212.93195987,7.973,4.1456814493768e-05,7.973,BID
1547,1712708081.3387036,27039435.54990858,7.98,6.449029147650472e-06,7.98,BID
1548,1712708081.342525,27077555.69822468,7.982,1.2788994103678951e-05,7.982,BID
1549,1712708081.3456516,27119706.61369871,7.973,1.41412831081346e-05,7.982,BID
1550,1712708100.3251996,27119706.61369871,7.973,0.0,7.982,BID
1551,1712708100.7929227,27119706.61369871,7.973,0.0,7.982,BID
1552,1712708103.691571,27245192.87295333,7.969,4.221518068081219e-05,7.982,BID
1553,1712708103.6941218,27257889.22046117,7.973,4.2712134955142034e-06,7.982,BID
1554,1712708103.7494228,27370553.22099817,7.973,-3.790160904583277e-05,7.982,ASK
1555,1712708103.7693832,27370553.22099834,7.973,-5.639558608845511e-17,7.982,ASK
1556,1712708107.4418392,27371180.46293989,7.954,2.1101220205585825e-07,7.982,BID
1557,1712708107.5645669,27426936.86982999,7.953,-1.8757167557306704e-05,7.982,ASK
1558,1712708107.5696876,28003169.51107667,7.95,-0.0001938520217982,7.982,ASK
1559,1712708107.6008606,28128592.81472648,7.954,4.219400161110591e-05,7.982,BID
1560,1712708109.8497455,28137252.39375311,7.95,-2.913193009342054e-06,7.982,ASK
1561,1712708111.199559,28611244.17985569,7.95,-0.0001594568920166,7.982,ASK
1562,1712708111.280821,28798195.24635506,7.95,-6.289272704135496e-05,7.982,ASK
1563,1712708119.4611804,29189328.48177806,7.95,-0.0001315822170628,7.982,ASK
1564,1712708119.5098505,29189328.48177848,7.95,-1.4161558284434287e-16,7.982,ASK
1565,1712708119.5142558,29190586.6599365,7.948,-4.232672053889217e-07,7.982,ASK
1566,1712708119.5181732,29855243.45796606,7.947,-0.0002235990377449,7.982,ASK
1567,1712708119.529502,29855243.45796669,7.947,-2.1179675664330926e-16,7.982,ASK
1568,1712708124.2034447,29904851.63257607,7.903,-1.6688823675355793e-05,7.982,ASK
1569,1712708124.6030774,29916229.63510607,7.91,-3.827705403315327e-06,7.982,ASK
1570,1712708124.6106007,30215267.39486277,7.892,-0.0001006001225432,7.982,ASK
1571,1712708124.6146953,30285793.23966887,7.904,-2.372579514953326e-05,7.982,ASK
1572,1712708124.6187706,30520692.12461565,7.892,-7.902298569303059e-05,7.982,ASK
1573,1712708124.6219926,31041417.92289238,7.892,-0.0001751788107318,7.982,ASK
1574,1712708124.6246097,31304620.36791876,7.891,-8.854466487741048e-05,7.982,ASK
1575,1712708124.626957,31344695.71253259,7.926,-1.3481857884423556e-05,7.982,ASK
1576,1712708124.629298,32156850.31904633,7.891,-0.0002732191847807,7.982,ASK
1577,1712708125.6495268,32589221.01067212,7.925,-0.0001454550241316,7.982,ASK
1578,1712708130.3194196,32589221.01067212,7.925,-0.0,7.982,ASK
1579,1712708142.5346725,32589852.55641344,7.918,2.094065867846917e-07,7.982,BID
1580,1712708142.7727604,33033242.57161871,7.892,-0.00014701831336,7.982,ASK
1581,1712708142.7766993,33316184.68169981,7.891,-9.381733998543762e-05,7.982,ASK
1582,1712708142.7805178,33531515.58641344,7.892,-7.13989610493121e-05,7.982,ASK
1583,1712708149.7733593,33660116.4094587,7.891,-4.2641185981775086e-05,7.982,ASK
1584,1712708152.254174,33785539.71310851,7.891,-4.158759089355264e-05,7.982,ASK
1585,1712708152.4803128,33796917.71563851,7.9,3.772693754939204e-06,7.982,BID
1586,1712708152.485535,33852674.12252851,7.9,1.8487590200221385e-05,7.982,BID
1587,1712708152.5020494,33852674.12252861,7.9,3.458626621008161e-17,7.982,BID
1588,1712708153.7594483,33902282.29713761,7.904,1.644897248421355e-05,7.982,BID
1589,1712708153.7794688,33902282.297138,7.904,1.2846327449458882e-16,7.982,BID
