,time,acc_trade_volume,trade_price,dev,high,ask_bid
0,1712689619.157699,380482817.5661452,187.4,0.0,217.6,BID
1,1712689620.1319969,380482817.5661452,187.4,0.0,217.6,BID
2,1712689628.3637795,380498509.7096241,187.2,-2.07447289501336e-07,217.6,ASK
3,1712689650.1244905,380498509.7096241,187.2,-0.0,217.6,ASK
4,1712689680.1548402,380498509.7096241,187.2,-0.0,217.6,ASK
5,1712689710.1250842,380498509.7096241,187.2,-0.0,217.6,ASK
6,1712689740.1841912,380498509.7096241,187.2,-0.0,217.6,ASK
7,1712689770.1853287,380498509.7096241,187.2,-0.0,217.6,ASK
8,1712689800.1424625,380498509.7096241,187.2,-0.0,217.6,ASK
9,1712689802.262423,380500139.3860045,187.2,-2.1543209859758423e-08,217.6,ASK
10,1712689802.264047,380504804.298413,187.2,-6.166695928527269e-08,217.6,ASK
11,1712689814.572233,380505257.98109,187.2,-5.997375452975226e-09,217.6,ASK
12,1712689825.9024613,380505493.31547177,187.2,3.110959964758242e-09,217.6,BID
13,1712689830.1348865,380505493.31547177,187.2,0.0,217.6,BID
14,1712689860.1925988,380505493.31547177,187.2,0.0,217.6,BID
15,1712689890.1936662,380505493.31547177,187.2,0.0,217.6,BID
16,1712689911.4052355,380506898.9821271,187.2,-1.85816330029272e-08,217.6,ASK
17,1712689920.1248343,380506898.9821271,187.2,-0.0,217.6,ASK
18,1712689950.132663,380506898.9821271,187.2,-0.0,217.6,ASK
19,1712689980.185457,380506898.9821271,187.2,-0.0,217.6,ASK
20,1712690010.1924531,380506898.9821271,187.2,-0.0,217.6,ASK
21,1712690028.973578,380510216.4055556,187.2,-4.385316391197171e-08,217.6,ASK
22,1712690028.9741702,380515291.9821271,187.2,-6.709426641821843e-08,217.6,ASK
23,1712690040.1222515,380515291.9821271,187.2,-0.0,217.6,ASK
24,1712690070.1242073,380515291.9821271,187.2,-0.0,217.6,ASK
25,1712690100.162335,380515291.9821271,187.2,-0.0,217.6,ASK
26,1712690130.1221082,380515291.9821271,187.2,-0.0,217.6,ASK
27,1712690136.6323297,380517186.1144348,187.2,-2.5038156594629625e-08,217.6,ASK
28,1712690140.0623498,380518849.1144348,187.2,-2.198286479113384e-08,217.6,ASK
29,1712690147.972379,380519850.70120144,187.3,-1.3239775386698971e-08,217.6,ASK
30,1712690152.652304,380525325.2555909,187.2,-7.236704085121843e-08,217.6,ASK
31,1712690160.183586,380525325.2555909,187.2,-0.0,217.6,ASK
32,1712690190.1923032,380525325.2555909,187.2,-0.0,217.6,ASK
33,1712690220.132331,380525325.2555909,187.2,-0.0,217.6,ASK
34,1712690224.6026487,380530600.8765655,187.4,6.973564829486616e-08,217.6,BID
35,1712690224.6047742,380538596.9008259,187.4,1.0569522304116881e-07,217.6,BID
36,1712690224.662287,380538596.9008268,187.4,1.1818234947665868e-17,217.6,BID
37,1712690224.7423992,380538596.90082735,187.5,7.09094096859952e-18,217.6,BID
38,1712690224.7441149,380541452.9090724,187.5,3.775206510574749e-08,217.6,BID
39,1712690231.2322645,380541985.674123,187.7,7.042339919989789e-09,217.6,BID
40,1712690250.1321747,380541985.674123,187.7,0.0,217.6,BID
41,1712690257.8223944,380544665.8473525,187.7,3.542633260912965e-08,217.6,BID
42,1712690257.8320005,380547313.3246291,187.7,3.4994159910297365e-08,217.6,BID
43,1712690280.195206,380547313.3246291,187.7,0.0,217.6,BID
44,1712690310.1934478,380547313.3246291,187.7,0.0,217.6,BID
45,1712690340.123659,380547313.3246291,187.7,0.0,217.6,BID
46,1712690370.132541,380547313.3246291,187.7,0.0,217.6,BID
47,1712690397.1626115,380548810.1307026,187.6,1.9784411074184736e-08,217.6,BID
48,1712690400.1525097,380548810.1307026,187.6,0.0,217.6,BID
49,1712690426.612281,380549343.1797431,187.6,7.0456926531560765e-09,217.6,BID
50,1712690430.13234,380549343.1797431,187.6,0.0,217.6,BID
51,1712690437.292877,380549601.9944239,187.3,-3.4209353104950957e-09,217.6,ASK
52,1712690437.294705,380568515.5808768,187.3,-2.4999414848165093e-07,217.6,ASK
53,1712690437.2965517,380584603.9253494,187.2,-2.126509420579465e-07,217.6,ASK
54,1712690445.2625065,380585136.9743899,187.6,7.045683340369526e-09,217.6,BID
55,1712690460.192284,380585136.9743899,187.6,0.0,217.6,BID
56,1712690487.012242,380585163.89336646,187.6,3.5577548887955517e-10,217.6,BID
57,1712690490.1924298,380585163.89336646,187.6,0.0,217.6,BID
58,1712690492.3924117,380589347.36884624,187.6,5.529102981269955e-08,217.6,BID
59,1712690520.123205,380589347.36884624,187.6,0.0,217.6,BID
60,1712690536.3723922,380589880.41788673,187.5,7.04498564065354e-09,217.6,BID
61,1712690545.60239,380593478.2033461,187.2,-4.7549746784270424e-08,217.6,ASK
62,1712690550.1343074,380593478.2033461,187.2,-0.0,217.6,ASK
63,1712690557.1523445,380596661.354692,187.5,4.2069349321641e-08,217.6,BID
64,1712690575.402275,380596661.3546928,187.5,9.453004333297242e-18,217.6,BID
65,1712690580.1848774,380596661.3546928,187.5,0.0,217.6,BID
66,1712690583.1522188,380681655.08632976,187.6,1.1232902219839987e-06,217.6,BID
67,1712690583.4727566,380681655.08633,187.6,3.1509765895196242e-18,217.6,BID
68,1712690583.4746325,380684201.8320688,187.7,3.3658183152802565e-08,217.6,BID
69,1712690590.1738431,380684201.8320692,187.7,4.726464884279437e-18,217.6,BID
70,1712690590.1755323,380685460.1193624,187.8,1.662971828240276e-08,217.6,BID
71,1712690591.942073,380686120.7426993,187.9,8.730899568018195e-09,217.6,BID
72,1712690592.1027625,380686425.8529996,188.0,4.032384627529992e-09,217.6,BID
73,1712690592.1049411,380686425.85300034,187.9,1.0240673915938777e-17,217.6,BID
74,1712690610.1854162,380686425.85300034,187.9,0.0,217.6,BID
75,1712690640.114387,380686425.85300034,187.9,0.0,217.6,BID
76,1712690642.6622996,380686954.5681961,188.2,6.986026428008965e-09,217.6,BID
77,1712690642.6636765,380686954.56819695,188.0,1.1025964030248913e-17,217.6,BID
78,1712690651.2522676,380687430.38541263,188.2,6.2870741567715974e-09,217.6,BID
79,1712690655.8724444,380690039.0304716,188.2,3.4468582459941546e-08,217.6,BID
80,1712690655.8744242,380690039.0304723,188.2,8.663257452338431e-18,217.6,BID
81,1712690670.123269,380690039.0304723,188.2,0.0,217.6,BID
82,1712690681.0923018,380706121.45982325,188.3,2.1249865314229242e-07,217.6,BID
83,1712690681.1722686,380722203.889175,188.3,2.1249865315253082e-07,217.6,BID
84,1712690681.1739807,380753614.486264,188.3,4.15031176580462e-07,217.6,BID
85,1712690681.3320718,380753986.596376,188.4,4.916725943414581e-09,217.6,BID
86,1712690682.482291,380756223.1603387,188.4,-2.9551930207060416e-08,217.6,ASK
87,1712690700.186961,380756223.1603387,188.4,-0.0,217.6,ASK
88,1712690717.8122838,380756488.2716854,188.6,3.503198475751843e-09,217.6,BID
89,1712690723.0926237,380757132.8986059,188.6,8.518141803869696e-09,217.6,BID
90,1712690723.095121,380757556.8646849,188.6,5.602315178425721e-09,217.6,BID
91,1712690723.097272,380763981.3158095,188.6,8.489311251887245e-08,217.6,BID
92,1712690723.1919737,380764140.29832137,188.7,2.100805190609278e-09,217.6,BID
93,1712690723.2122784,380764263.0758095,188.7,1.622389665817537e-09,217.6,BID
94,1712690730.1938782,380764263.0758095,188.7,0.0,217.6,BID
95,1712690754.6523418,380764542.7475935,188.9,3.6955269869830204e-09,217.6,BID
96,1712690760.1150618,380764542.7475935,188.9,0.0,217.6,BID
97,1712690766.4720063,380764569.481315,188.9,3.5325380019275714e-10,217.6,BID
98,1712690766.5519562,380766508.48001903,188.7,-2.5621522965735905e-08,217.6,ASK
99,1712690766.5719774,380766508.4800192,188.7,-1.5752065969038793e-18,217.6,ASK
100,1712690790.1240768,380766508.4800192,188.7,-0.0,217.6,ASK
101,1712690820.2065053,380766508.4800192,188.7,-0.0,217.6,ASK
102,1712690839.2017682,380782406.73121154,188.4,-2.100751334377716e-07,217.6,ASK
103,1712690850.203962,380782406.73121154,188.4,-0.0,217.6,ASK
104,1712690880.154048,380782406.73121154,188.4,-0.0,217.6,ASK
105,1712690910.127948,380782406.73121154,188.4,-0.0,217.6,ASK
106,1712690922.3518572,380786760.8676411,188.3,-5.753208826780844e-08,217.6,ASK
107,1712690939.8747144,380788212.24645096,188.3,-1.9177362756198672e-08,217.6,ASK
108,1712690939.8766935,380790161.7037223,187.5,-2.5758574547133943e-08,217.6,ASK
109,1712690939.878568,380790719.0924031,188.2,-7.364889755531374e-09,217.6,ASK
110,1712690939.8804836,380791760.8676411,187.3,-1.3765187636244366e-08,217.6,ASK
111,1712690940.111869,380795690.7667385,188.3,5.1926554304387526e-08,217.6,BID
112,1712690940.192058,380795690.7667385,188.3,0.0,217.6,BID
113,1712690941.1719863,380795690.7667388,188.3,-3.1501690635393575e-18,217.6,ASK
114,1712690941.1818538,380797071.54209673,188.3,-1.8243862675212883e-08,217.6,ASK
115,1712690970.183757,380797071.54209673,188.3,-0.0,217.6,ASK
116,1712690976.802075,380797570.54209673,187.3,-6.593147935667181e-09,217.6,ASK
117,1712690988.4218223,380797994.5081757,187.3,-5.601745648356166e-09,217.6,ASK
118,1712691000.153376,380797994.5081757,187.3,-0.0,217.6,ASK
119,1712691030.1227815,380797994.5081757,187.3,-0.0,217.6,ASK
120,1712691035.4018872,380798021.28442174,188.6,3.5378675020346366e-10,217.6,BID
121,1712691060.183535,380798021.28442174,188.6,0.0,217.6,BID
122,1712691090.1825433,380798021.28442174,188.6,0.0,217.6,BID
123,1712691097.075807,380798075.9344748,188.6,7.220752064985687e-10,217.6,BID
124,1712691099.7219682,380798089.5041757,188.6,1.7929249978624875e-10,217.6,BID
125,1712691099.7250094,380802057.2356588,188.6,5.2424478503582455e-08,217.6,BID
126,1712691099.7275636,380807211.6847333,188.6,6.810423181407343e-08,217.6,BID
127,1712691120.141411,380807211.6847333,188.6,0.0,217.6,BID
128,1712691134.6215851,380807264.7070026,188.5,7.005517321203834e-10,217.6,BID
129,1712691145.3619118,380807317.75740045,188.5,7.00923376548383e-10,217.6,BID
130,1712691150.1229331,380807317.75740045,188.5,0.0,217.6,BID
131,1712691159.753776,380807423.85819626,188.5,1.4018463851222743e-09,217.6,BID
132,1712691168.7817829,380807639.6866455,187.6,-2.851612271988996e-09,217.6,ASK
133,1712691172.492052,380811902.8490727,188.5,5.6326616519439264e-08,217.6,BID
134,1712691172.5517917,380818746.0049477,188.5,-9.041452755759596e-08,217.6,ASK
135,1712691172.554022,380818746.0049479,188.5,-2.3625616145637786e-18,217.6,ASK
136,1712691174.482016,380819593.9371059,187.6,-1.1203220687349029e-08,217.6,ASK
137,1712691180.1820953,380819593.9371059,187.6,-0.0,217.6,ASK
138,1712691210.1868775,380819593.9371059,187.6,-0.0,217.6,ASK
139,1712691240.1242,380819593.9371059,187.6,-0.0,217.6,ASK
140,1712691270.1251216,380819593.9371059,187.6,-0.0,217.6,ASK
141,1712691290.492335,380828933.4426954,187.6,-1.233935328430174e-07,217.6,ASK
142,1712691290.4946597,380830919.9426721,187.6,-2.6245634500323067e-08,217.6,ASK
143,1712691300.1935203,380830919.9426721,187.6,-0.0,217.6,ASK
144,1712691330.1819756,380830919.9426721,187.6,-0.0,217.6,ASK
145,1712691360.144869,380830919.9426721,187.6,-0.0,217.6,ASK
146,1712691363.7416656,380833568.4050263,188.6,3.4992829792039144e-08,217.6,BID
147,1712691390.131387,380833568.4050263,188.6,0.0,217.6,BID
148,1712691420.1916606,380833568.4050263,188.6,0.0,217.6,BID
149,1712691432.6015725,380833833.6570157,188.5,3.5046208779515596e-09,217.6,BID
150,1712691450.1916611,380833833.6570157,188.5,0.0,217.6,BID
151,1712691480.1235285,380833833.6570157,188.5,0.0,217.6,BID
152,1712691504.3022149,380834185.8553041,188.5,4.6533888846613445e-09,217.6,BID
153,1712691504.3051777,380839726.1185542,188.5,7.32002405360853e-08,217.6,BID
154,1712691510.1256895,380839726.1185542,188.5,0.0,217.6,BID
155,1712691531.0821333,380841364.26079017,187.6,-2.1643492476313323e-08,217.6,ASK
156,1712691540.1817777,380841364.26079017,187.6,-0.0,217.6,ASK
157,1712691570.1818168,380841364.26079017,187.6,-0.0,217.6,ASK
158,1712691600.1429102,380841364.26079017,187.6,-0.0,217.6,ASK
159,1712691607.2915978,380841470.2491314,188.6,1.400338164910361e-09,217.6,BID
160,1712691609.9216876,380841735.3604782,187.6,-3.5027016405160103e-09,217.6,ASK
161,1712691630.128058,380841735.3604782,187.6,-0.0,217.6,ASK
162,1712691641.4029276,380841801.42888975,188.3,-8.72907640786974e-10,217.6,ASK
163,1712691641.4057777,380843610.2758832,187.6,-2.3898809203960306e-08,217.6,ASK
164,1712691641.408353,380843676.449723,188.0,-8.743005787994099e-10,217.6,ASK
165,1712691660.1829677,380843676.449723,188.0,-0.0,217.6,ASK
166,1712691670.261927,380853676.1619088,187.6,-1.321173457389703e-07,217.6,ASK
167,1712691690.1942031,380853676.1619088,187.6,-0.0,217.6,ASK
168,1712691720.131562,380853676.1619088,187.6,-0.0,217.6,ASK
169,1712691746.9316688,380853995.5878698,187.6,-4.220187880726954e-09,217.6,ASK
170,1712691750.121496,380853995.5878698,187.6,-0.0,217.6,ASK
171,1712691780.181703,380853995.5878698,187.6,-0.0,217.6,ASK
172,1712691810.211724,380853995.5878698,187.6,-0.0,217.6,ASK
173,1712691820.9317522,380856438.27575743,187.6,-3.2272247457461606e-08,217.6,ASK
174,1712691832.531557,380857687.0707398,187.6,-1.6498800726542868e-08,217.6,ASK
175,1712691840.1231546,380857687.0707398,187.6,-0.0,217.6,ASK
176,1712691870.123594,380857687.0707398,187.6,-0.0,217.6,ASK
177,1712691900.1340673,380857687.0707398,187.6,-0.0,217.6,ASK
178,1712691909.1113951,380862863.81605583,187.6,-6.83934380885561e-08,217.6,ASK
179,1712691909.1142151,380868669.3312953,187.6,-7.67005372804314e-08,217.6,ASK
180,1712691909.2714088,380871608.462718,187.6,3.8830827232326056e-08,217.6,BID
181,1712691909.274184,380873408.9442992,187.6,2.3787364074656763e-08,217.6,BID
182,1712691930.1293054,380873408.9442992,187.6,0.0,217.6,BID
183,1712691960.1824317,380873408.9442992,187.6,0.0,217.6,BID
184,1712691990.1913571,380873408.9442992,187.6,0.0,217.6,BID
185,1712691993.8314629,380877353.5071989,187.6,-5.2112223000727474e-08,217.6,ASK
186,1712691993.9713776,380878147.5377269,187.6,1.0490058593828585e-08,217.6,BID
187,1712691993.9968348,380878147.5377278,187.6,1.1024244934466901e-17,217.6,BID
188,1712692018.871973,380884383.8275829,187.5,-8.238857786960661e-08,217.6,ASK
189,1712692018.875021,380889386.3636681,187.4,-6.608926836047624e-08,217.6,ASK
190,1712692018.876972,380891511.6583541,187.5,-2.80775927353514e-08,217.6,ASK
191,1712692018.8789337,380897061.1241807,187.4,-7.33148407174957e-08,217.6,ASK
192,1712692020.1229882,380897061.1241807,187.4,-0.0,217.6,ASK
193,1712692050.114188,380897061.1241807,187.4,-0.0,217.6,ASK
194,1712692080.1815157,380897061.1241807,187.4,-0.0,217.6,ASK
195,1712692110.1841805,380897061.1241807,187.4,-0.0,217.6,ASK
196,1712692140.12415,380897061.1241807,187.4,-0.0,217.6,ASK
197,1712692170.1225426,380897061.1241807,187.4,-0.0,217.6,ASK
198,1712692200.1425085,380897061.1241807,187.4,-0.0,217.6,ASK
199,1712692230.128049,380897061.1241807,187.4,-0.0,217.6,ASK
200,1712692260.1843524,380897061.1241807,187.4,-0.0,217.6,ASK
201,1712692290.1833415,380897061.1241807,187.4,-0.0,217.6,ASK
202,1712692320.1313815,380897061.1241807,187.4,-0.0,217.6,ASK
203,1712692350.126047,380897061.1241807,187.4,-0.0,217.6,ASK
204,1712692380.183601,380897061.1241807,187.4,-0.0,217.6,ASK
205,1712692410.1841805,380897061.1241807,187.4,-0.0,217.6,ASK
206,1712692440.1188445,380897061.1241807,187.4,-0.0,217.6,ASK
207,1712692470.1252832,380897061.1241807,187.4,-0.0,217.6,ASK
208,1712692477.461754,380897090.60904527,188.3,3.895077505328819e-10,217.6,BID
209,1712692500.1814733,380897090.60904527,188.3,0.0,217.6,BID
210,1712692530.1914735,380897090.60904527,188.3,0.0,217.6,BID
211,1712692560.1315029,380897090.60904527,188.3,0.0,217.6,BID
212,1712692590.1212442,380897090.60904527,188.3,0.0,217.6,BID
213,1712692620.1839724,380897090.60904527,188.3,0.0,217.6,BID
214,1712692645.741369,380897143.7157898,188.3,7.015761892488873e-10,217.6,BID
215,1712692650.1911695,380897143.7157898,188.3,0.0,217.6,BID
216,1712692660.0208654,380897191.50920457,188.3,6.31383408550333e-10,217.6,BID
217,1712692660.9810014,380897218.3281106,188.3,3.5429592906500686e-10,217.6,BID
218,1712692667.5508142,380897261.3397941,188.3,5.68213496416285e-10,217.6,BID
219,1712692677.970508,380897300.0482381,188.3,5.11364785897167e-10,217.6,BID
220,1712692680.1604776,380897300.0482381,188.3,0.0,217.6,BID
221,1712692689.6301174,380897334.88413817,188.3,4.6020567716873235e-10,217.6,BID
222,1712692699.330389,380897366.2346427,188.3,4.141612562935584e-10,217.6,BID
223,1712692707.9198668,380897394.4786618,188.1,3.731224946538592e-10,217.6,BID
224,1712692710.122099,380897394.4786618,188.1,0.0,217.6,BID
225,1712692740.0698588,380897458.0233189,188.1,8.39467473333697e-10,217.6,BID
226,1712692740.1791673,380897458.0233189,188.1,0.0,217.6,BID
227,1712692744.2592618,380900017.3481103,188.1,3.381038904826064e-08,217.6,BID
228,1712692744.3636794,380900617.3481103,188.1,-7.926400547861032e-09,217.6,ASK
229,1712692745.4108367,380904240.3481103,188.1,-4.786224864150088e-08,217.6,ASK
230,1712692750.0689514,380904287.9476855,188.3,6.288221644025088e-10,217.6,BID
231,1712692757.679321,380904323.64205617,188.3,4.7154646561509e-10,217.6,BID
232,1712692764.37897,380904350.4078554,188.3,3.5359407606006284e-10,217.6,BID
233,1712692770.1789868,380904350.4078554,188.3,0.0,217.6,BID
234,1712692784.6888218,380904390.5512436,188.3,5.303118743481922e-10,217.6,BID
235,1712692800.1607604,380904390.5512436,188.3,0.0,217.6,BID
236,1712692800.8099391,380904430.6533381,188.3,5.297670168731759e-10,217.6,BID
237,1712692820.7277,380907256.0078256,188.3,3.73242255340624e-08,217.6,BID
238,1712692830.1239543,380907256.0078256,188.3,0.0,217.6,BID
239,1712692839.9974508,380907473.16767687,188.3,2.868760550111443e-09,217.6,BID
240,1712692857.087193,380907668.6010279,188.3,2.58174558626013e-09,217.6,BID
241,1712692860.1792686,380907668.6010279,188.3,0.0,217.6,BID
242,1712692890.1783905,380907668.6010279,188.3,0.0,217.6,BID
243,1712692918.3361447,380907695.4199339,188.3,3.5428713055644244e-10,217.6,BID
244,1712692920.1192546,380907695.4199339,188.3,0.0,217.6,BID
245,1712692950.1255016,380907695.4199339,188.3,0.0,217.6,BID
246,1712692980.186926,380907695.4199339,188.3,0.0,217.6,BID
247,1712693010.1803432,380907695.4199339,188.3,0.0,217.6,BID
248,1712693040.1143026,380907695.4199339,188.3,0.0,217.6,BID
249,1712693070.1243794,380907695.4199339,188.3,0.0,217.6,BID
250,1712693100.1766946,380907695.4199339,188.3,0.0,217.6,BID
251,1712693104.053649,380908757.024023,188.3,1.4024180449221538e-08,217.6,BID
252,1712693130.195902,380908757.024023,188.3,0.0,217.6,BID
253,1712693141.803378,380908848.1624538,187.5,-1.203969009665768e-09,217.6,ASK
254,1712693141.8061314,380924731.024023,187.5,-2.0981788858679885e-07,217.6,ASK
255,1712693160.1232903,380924731.024023,187.5,-0.0,217.6,ASK
256,1712693171.2635553,380926330.17114455,187.6,-2.1124429995068802e-08,217.6,ASK
257,1712693171.2666442,380941819.99659705,187.5,-2.0461765462231373e-07,217.6,ASK
258,1712693190.1191874,380941819.99659705,187.5,-0.0,217.6,ASK
259,1712693201.312718,380957658.4453727,187.5,-2.092140467907273e-07,217.6,ASK
260,1712693220.1943562,380957658.4453727,187.5,-0.0,217.6,ASK
261,1712693250.172255,380957658.4453727,187.5,-0.0,217.6,ASK
262,1712693280.121787,380957658.4453727,187.5,-0.0,217.6,ASK
263,1712693310.1155667,380957658.4453727,187.5,-0.0,217.6,ASK
264,1712693310.2062664,380958189.79500073,188.2,7.018455337091132e-09,217.6,BID
265,1712693312.7515397,380959227.79500073,187.7,-1.3710664796912372e-08,217.6,ASK
266,1712693334.0514054,380959874.7350801,188.2,8.54525874009433e-09,217.6,BID
267,1712693334.8185132,380960523.7047287,187.8,-8.572066776977115e-09,217.6,ASK
268,1712693334.8218987,380960524.7350801,187.7,-1.3609637274369176e-11,217.6,ASK
269,1712693336.3412633,380961516.637636,187.8,-1.3101775968122837e-08,217.6,ASK
270,1712693336.3430378,380961518.7350801,187.7,-2.7704579209433758e-11,217.6,ASK
271,1712693340.1761863,380961518.7350801,187.7,-0.0,217.6,ASK
272,1712693344.831504,380961785.1176054,187.8,-3.518541927401292e-09,217.6,ASK
273,1712693363.0411928,380966642.6924447,187.8,-6.416179409865043e-08,217.6,ASK
274,1712693363.241429,380966982.8265861,187.7,-4.492697996701916e-09,217.6,ASK
275,1712693363.245181,380969085.6924447,187.8,-2.777592743239925e-08,217.6,ASK
276,1712693370.1743946,380969085.6924447,187.8,-0.0,217.6,ASK
277,1712693371.9509976,380971483.6924447,187.8,-3.1673643628009284e-08,217.6,ASK
278,1712693375.681092,380974680.28274834,187.8,-4.222171063505383e-08,217.6,ASK
279,1712693384.6969318,380975365.28274834,187.8,-9.047725556791645e-09,217.6,ASK
280,1712693400.1415448,380975365.28274834,187.8,-0.0,217.6,ASK
281,1712693405.0116425,380975393.5999103,188.2,3.7401784255484577e-10,217.6,BID
282,1712693430.11542,380975393.5999103,188.2,0.0,217.6,BID
283,1712693460.1731632,380975393.5999103,188.2,0.0,217.6,BID
284,1712693467.2707217,380975422.867957,187.8,-3.865772605391027e-10,217.6,ASK
285,1712693467.2732987,380976432.5999103,187.8,-1.3336708687826502e-08,217.6,ASK
286,1712693481.5207007,380976485.566012,187.8,-6.995851388662535e-10,217.6,ASK
287,1712693490.1728718,380976485.566012,187.8,-0.0,217.6,ASK
288,1712693520.1117878,380976485.566012,187.8,-0.0,217.6,ASK
289,1712693550.1170225,380976485.566012,187.8,-0.0,217.6,ASK
290,1712693580.172022,380976485.566012,187.8,-0.0,217.6,ASK
291,1712693583.6994944,380981822.3093439,187.8,-7.048840847345351e-08,217.6,ASK
292,1712693583.7799342,380986097.8281019,187.8,5.6471614598953124e-08,217.6,BID
293,1712693583.7831357,380986097.82810247,187.8,7.872659947441625e-18,217.6,BID
294,1712693610.1696255,380986097.82810247,187.8,0.0,217.6,BID
295,1712693618.5901268,380986538.0640479,188.2,5.814555684005177e-09,217.6,BID
296,1712693618.5935147,380986567.2170504,188.2,3.8504751488767246e-10,217.6,BID
297,1712693640.1247618,380986567.2170504,188.2,0.0,217.6,BID
298,1712693651.9590878,380989419.81838,188.2,3.767659159865584e-08,217.6,BID
299,1712693670.1090753,380989419.81838,188.2,0.0,217.6,BID
300,1712693673.1890817,380991446.1300412,188.2,2.6762932060553374e-08,217.6,BID
301,1712693673.3488636,380994733.1300412,188.2,-4.341373509594109e-08,217.6,ASK
302,1712693673.449095,380994733.3146605,188.2,-2.438397843073553e-12,217.6,ASK
303,1712693686.879228,380994786.4496233,188.2,7.017910554331616e-10,217.6,BID
304,1712693700.13062,380994786.4496233,188.2,0.0,217.6,BID
305,1712693730.119315,380994786.4496233,188.2,0.0,217.6,BID
306,1712693760.178301,380994786.4496233,188.2,0.0,217.6,BID
307,1712693781.3885024,380999624.4496233,187.8,-6.389918095307165e-08,217.6,ASK
308,1712693790.1708322,380999624.4496233,187.8,-0.0,217.6,ASK
309,1712693820.118283,380999624.4496233,187.8,-0.0,217.6,ASK
310,1712693823.538045,380999651.28277946,188.2,3.54401844964986e-10,217.6,BID
311,1712693847.678188,380999694.8716923,187.8,-5.757053339227384e-10,217.6,ASK
312,1712693850.1114435,380999694.8716923,187.8,-0.0,217.6,ASK
313,1712693880.16857,380999694.8716923,187.8,-0.0,217.6,ASK
314,1712693885.2683806,381000171.5222994,188.0,-6.2954139264008315e-09,217.6,ASK
315,1712693885.2711291,381002522.1579377,188.0,-3.1046271864844385e-08,217.6,ASK
316,1712693910.1705394,381002522.1579377,188.0,-0.0,217.6,ASK
317,1712693940.1153996,381002522.1579377,188.0,-0.0,217.6,ASK
318,1712693970.1181612,381002522.1579377,188.0,-0.0,217.6,ASK
319,1712694000.1420152,381002522.1579377,188.0,-0.0,217.6,ASK
320,1712694015.2371016,381002570.5107538,188.2,6.38640084911723e-10,217.6,BID
321,1712694030.1088915,381002570.5107538,188.2,0.0,217.6,BID
322,1712694031.0973191,381006373.9924473,188.2,5.023607252748832e-08,217.6,BID
323,1712694031.101555,381018711.2454759,188.3,1.6294942052473982e-07,217.6,BID
324,1712694034.408183,381018764.3522205,188.3,7.014295026968092e-10,217.6,BID
325,1712694038.551335,381019274.6541216,188.0,-6.740025424978636e-09,217.6,ASK
326,1712694038.5532775,381020314.7398173,188.2,-1.3737366090755612e-08,217.6,ASK
327,1712694060.169555,381020314.7398173,188.2,-0.0,217.6,ASK
328,1712694090.170303,381020314.7398173,188.2,-0.0,217.6,ASK
329,1712694116.0568607,381031834.96632487,188.1,-1.521514883308033e-07,217.6,ASK
330,1712694119.6865735,381035381.5393524,188.1,-4.68407773286752e-08,217.6,ASK
331,1712694120.116507,381035381.5393524,188.1,-0.0,217.6,ASK
332,1712694136.7668269,381037674.36634,188.3,3.0281000207598364e-08,217.6,BID
333,1712694136.776733,381045152.7450931,188.3,9.876575502486712e-08,217.6,BID
334,1712694136.8465056,381047013.8719297,188.3,2.45796051894786e-08,217.6,BID
335,1712694150.126103,381047013.8719297,188.3,0.0,217.6,BID
336,1712694152.9768682,381047040.64817566,188.6,3.5361937950476257e-10,217.6,BID
337,1712694155.6988652,381048048.0594883,188.6,1.330433560895596e-08,217.6,BID
338,1712694155.7007897,381050505.41745216,188.6,3.2452995764826164e-08,217.6,BID
339,1712694155.7026117,381050738.9262901,188.6,3.0838247573924437e-09,217.6,BID
340,1712694180.170032,381050738.9262901,188.6,0.0,217.6,BID
341,1712694181.7163663,381052122.6943858,188.6,1.8274506262185746e-08,217.6,BID
342,1712694181.8362572,381054183.7627265,188.6,-2.7219160791988523e-08,217.6,ASK
343,1712694210.1764257,381054183.7627265,188.6,-0.0,217.6,ASK
344,1712694212.0561533,381054448.59323496,188.8,3.4974106397291635e-09,217.6,BID
345,1712694222.1761367,381054448.593235,188.6,-7.871522054564257e-19,217.6,ASK
346,1712694237.387494,381056573.887921,188.3,-2.8067114661990324e-08,217.6,ASK
347,1712694240.1106696,381056573.887921,188.3,-0.0,217.6,ASK
348,1712694256.4409227,381062114.5726519,188.8,7.317108075172861e-08,217.6,BID
349,1712694256.444996,381066126.7894716,189.2,5.29859133237122e-08,217.6,BID
350,1712694256.44851,381067093.7298523,188.9,1.2769553965519312e-08,217.6,BID
351,1712694256.4520054,381068892.4768058,188.8,2.3754511396474304e-08,217.6,BID
352,1712694256.4555442,381073763.1747295,188.9,6.432313845594097e-08,217.6,BID
353,1712694256.4572656,381074027.724994,189.0,3.4936889047725842e-09,217.6,BID
354,1712694270.1190135,381074027.724994,189.0,0.0,217.6,BID
355,1712694300.168934,381074027.724994,189.0,0.0,217.6,BID
356,1712694311.2677927,381074293.2587168,188.3,-3.5067631069779643e-09,217.6,ASK
357,1712694311.2722569,381079226.4591817,188.1,-6.515016326423155e-08,217.6,ASK
358,1712694311.2764823,381080354.9614607,188.0,-1.490353133670522e-08,217.6,ASK
359,1712694311.2800865,381082159.5658722,188.3,-2.3832453773256027e-08,217.6,ASK
360,1712694311.281955,381082424.3963807,188.1,-3.497476128680094e-09,217.6,ASK
361,1712694311.2838876,381084651.1936081,188.0,-2.9408130473218652e-08,217.6,ASK
362,1712694311.2857957,381084917.0096634,188.1,-3.510491723152732e-09,217.6,ASK
363,1712694311.2877266,381088752.1399706,188.0,-5.064853281922164e-08,217.6,ASK
364,1712694330.161955,381088752.1399706,188.0,-0.0,217.6,ASK
365,1712694348.1258388,381094292.8247016,188.1,-7.31702098294666e-08,217.6,ASK
366,1712694348.1296833,381098079.7293825,188.0,-5.0009813508350727e-08,217.6,ASK
367,1712694348.2455983,381111048.3998895,188.0,1.712640924860954e-07,217.6,BID
368,1712694348.2476406,381127526.5202495,188.0,2.176098411782806e-07,217.6,BID
369,1712694348.2656813,381150892.227225,188.0,3.085672196154705e-07,217.6,BID
370,1712694360.115525,381150892.227225,188.0,0.0,217.6,BID
371,1712694375.8556771,381161203.226708,188.2,1.3614591867769317e-07,217.6,BID
372,1712694375.875517,381161203.2267085,188.2,6.2961338588297444e-18,217.6,BID
373,1712694390.1114647,381161203.2267085,188.2,0.0,217.6,BID
374,1712694409.3753288,381167229.1545225,188.2,7.956400919651621e-08,217.6,BID
375,1712694409.3951674,381172529.2322748,188.2,6.998016704505247e-08,217.6,BID
376,1712694410.356556,381172555.9518515,189.0,3.5279490780672366e-10,217.6,BID
377,1712694420.1851566,381172555.9518515,189.0,0.0,217.6,BID
378,1712694428.4553802,381173000.2322748,189.0,5.8659405794201594e-09,217.6,BID
379,1712694437.3050497,381173333.3870366,189.0,4.398721920548116e-09,217.6,BID
380,1712694443.5751364,381173597.9373012,189.0,3.492920351804503e-09,217.6,BID
381,1712694444.3950334,381174097.5854493,189.0,6.5969738792997955e-09,217.6,BID
382,1712694449.5351694,381174596.7327011,189.0,6.5903604253155315e-09,217.6,BID
383,1712694450.1753466,381174596.7327011,189.0,0.0,217.6,BID
384,1712694463.575193,381184802.7327011,188.6,-1.3475157025956842e-07,217.6,ASK
385,1712694463.6353736,381188237.7327011,188.6,-4.5352894752265096e-08,217.6,ASK
386,1712694464.075176,381189306.7327011,188.6,-1.4114190535712192e-08,217.6,ASK
387,1712694480.1050076,381189306.7327011,188.6,-0.0,217.6,ASK
388,1712694489.5950756,381189789.7327011,188.6,-6.376898342383722e-09,217.6,ASK
389,1712694490.9948783,381190486.7327011,188.6,-9.202273591390176e-09,217.6,ASK
390,1712694491.1550176,381191181.7327011,188.6,-9.175868215231236e-09,217.6,ASK
391,1712694494.3749714,381193298.19696766,188.9,2.79430175424524e-08,217.6,BID
392,1712694496.644699,381196468.19696766,188.6,-4.1852521211918015e-08,217.6,ASK
393,1712694497.02486,381197269.19696766,188.6,-1.0575353151654993e-08,217.6,ASK
394,1712694510.1044576,381197269.19696766,188.6,-0.0,217.6,ASK
395,1712694540.131305,381197269.19696766,188.6,-0.0,217.6,ASK
396,1712694566.6850228,381197536.4348379,188.7,-3.528188261402604e-09,217.6,ASK
397,1712694566.7452948,381213581.7962868,188.7,2.118377005036356e-07,217.6,BID
398,1712694566.7647705,381213581.7962873,188.7,6.295407394209163e-18,217.6,BID
399,1712694567.734712,381239765.3541113,188.7,3.456864900234842e-07,217.6,BID
400,1712694567.7549467,381239765.3541114,188.7,7.869259242761454e-19,217.6,BID
401,1712694570.1078637,381239765.3541114,188.7,0.0,217.6,BID
402,1712694580.1846323,381242560.3699677,189.2,3.6897084275514e-08,217.6,BID
403,1712694600.2175272,381242560.3699677,189.2,0.0,217.6,BID
404,1712694602.2247355,381243092.5679453,188.6,-7.025520571536177e-09,217.6,ASK
405,1712694630.1684036,381243092.5679453,188.6,-0.0,217.6,ASK
406,1712694648.2343287,381243118.99500656,189.2,3.4886193625540107e-10,217.6,BID
407,1712694653.8343248,381246889.99500656,188.8,-4.9780728387526064e-08,217.6,ASK
408,1712694660.1082451,381246889.99500656,188.8,-0.0,217.6,ASK
409,1712694667.794238,381246916.6863385,189.2,3.5234722066437244e-10,217.6,BID
410,1712694674.984202,381273343.74764925,189.2,3.488586343325038e-07,217.6,BID
411,1712694676.5943203,381273375.4601228,189.2,4.186303611776028e-10,217.6,BID
412,1712694690.1093416,381273375.4601228,189.2,0.0,217.6,BID
413,1712694720.1645775,381273375.4601228,189.2,0.0,217.6,BID
414,1712694720.9495246,381273995.9108644,189.2,8.189911040773495e-09,217.6,BID
415,1712694720.9532754,381275472.19716656,189.2,1.9486886991784682e-08,217.6,BID
416,1712694739.8273118,381277368.119916,189.2,2.5026061889273992e-08,217.6,BID
417,1712694739.8316011,381279464.85695976,189.2,2.7676798032558172e-08,217.6,BID
418,1712694742.0946836,381280417.2035218,189.2,-1.2570915143108987e-08,217.6,ASK
419,1712694750.1569796,381280417.2035218,189.2,-0.0,217.6,ASK
420,1712694780.135132,381280417.2035218,189.2,-0.0,217.6,ASK
421,1712694786.035284,381282205.9600872,189.2,2.3611059723114943e-08,217.6,BID
422,1712694788.7455242,381287549.36039823,189.3,7.053131001954859e-08,217.6,BID
423,1712694788.7498832,381287549.3603986,189.3,4.720582514406523e-18,217.6,BID
424,1712694788.865511,381302234.3603986,189.2,-1.9383767401932725e-07,217.6,ASK
425,1712694792.575479,381306812.3603986,189.2,-6.042825138988629e-08,217.6,ASK
426,1712694810.1055422,381306812.3603986,189.2,-0.0,217.6,ASK
427,1712694821.505406,381333305.5417236,189.2,-3.49679136083072e-07,217.6,ASK
428,1712694840.1781924,381333305.5417236,189.2,-0.0,217.6,ASK
429,1712694870.1663446,381333305.5417236,189.2,-0.0,217.6,ASK
430,1712694894.7924223,381338984.7813991,189.2,7.49543900059378e-08,217.6,BID
431,1712694895.056034,381340122.1020597,189.2,-1.501031497713512e-08,217.6,ASK
432,1712694900.1162138,381340122.1020597,189.2,-0.0,217.6,ASK
433,1712694918.4304416,381340378.4997333,188.9,-3.383968947379456e-09,217.6,ASK
434,1712694918.4343936,381341140.95102507,189.2,-1.0062928648460857e-08,217.6,ASK
435,1712694930.1112564,381341140.95102507,189.2,-0.0,217.6,ASK
436,1712694956.4465983,381345105.0102216,189.2,5.2318021937269924e-08,217.6,BID
437,1712694956.4509923,381345190.01022106,189.2,1.121837898004438e-09,217.6,BID
438,1712694956.4663444,381345190.0102216,189.2,7.080008805331082e-18,217.6,BID
439,1712694960.1690931,381345190.0102216,189.2,0.0,217.6,BID
440,1712694973.2068076,381349318.36528426,189.0,-5.448586316132023e-08,217.6,ASK
441,1712694973.211088,381349582.9155488,189.0,-3.491523692628416e-09,217.6,ASK
442,1712694990.1667612,381349582.9155488,189.0,-0.0,217.6,ASK
443,1712694993.0273466,381349833.5488373,189.4,3.3078117596474e-09,217.6,BID
444,1712694993.0307662,381352220.191156,189.4,3.1498463652276595e-08,217.6,BID
445,1712695020.101221,381352220.191156,189.4,0.0,217.6,BID
446,1712695025.416775,381374541.2646647,189.0,-2.945874554347844e-07,217.6,ASK
447,1712695025.5368576,381375902.6812337,189.0,1.7967605486846072e-08,217.6,BID
448,1712695025.556842,381378403.7489801,189.0,3.300841166961452e-08,217.6,BID
449,1712695026.1472375,381382372.00294834,189.0,-5.2371936258705554e-08,217.6,ASK
450,1712695030.516893,381383572.00294834,188.9,-1.583727352469297e-08,217.6,ASK
451,1712695050.1133475,381383572.00294834,188.9,-0.0,217.6,ASK
452,1712695057.4571018,381387343.00294834,188.9,-4.9764740376330034e-08,217.6,ASK
453,1712695073.1372654,381387409.41152143,188.9,-8.76373746655436e-10,217.6,ASK
454,1712695073.1417902,381387607.8334568,188.9,-2.6185139483240542e-09,217.6,ASK
455,1712695080.1804037,381387607.8334568,188.9,-0.0,217.6,ASK
456,1712695110.171191,381387607.8334568,188.9,-0.0,217.6,ASK
457,1712695115.2573073,381388412.589128,188.9,-1.062000905002045e-08,217.6,ASK
458,1712695123.3872368,381388712.589128,188.9,3.958968950761078e-09,217.6,BID
459,1712695133.4675612,381388844.9895659,188.9,1.747230743051753e-09,217.6,BID
460,1712695133.4729636,381395289.65706336,189.3,8.504746173469234e-08,217.6,BID
461,1712695138.377694,381400586.2672328,188.8,-6.98970506840611e-08,217.6,ASK
462,1712695138.3821328,381400886.2672328,188.8,-3.958968950761078e-09,217.6,ASK
463,1712695138.4472127,381404247.4106149,188.8,4.43555409614831e-08,217.6,BID
464,1712695138.45704,381415071.1160623,188.8,1.4283571266193402e-07,217.6,BID
465,1712695140.1100094,381415071.1160623,188.8,0.0,217.6,BID
466,1712695141.1873307,381415097.7932942,189.3,3.5202367326132795e-10,217.6,BID
467,1712695170.1026945,381415097.7932942,189.3,0.0,217.6,BID
468,1712695200.1402333,381415097.7932942,189.3,0.0,217.6,BID
469,1712695230.110716,381415097.7932942,189.3,0.0,217.6,BID
470,1712695260.167775,381415097.7932942,189.3,0.0,217.6,BID
471,1712695275.897612,381415163.96713406,189.0,-8.732383733579221e-10,217.6,ASK
472,1712695281.857779,381415230.0355457,189.0,-8.71847128440578e-10,217.6,ASK
473,1712695290.1680276,381415230.0355457,189.0,-0.0,217.6,ASK
474,1712695320.1083722,381415230.0355457,189.0,-0.0,217.6,ASK
475,1712695332.708105,381415579.3038617,189.0,-4.608987421234685e-09,217.6,ASK
476,1712695332.7136288,381417821.7628564,189.0,-2.9591763194009603e-08,217.6,ASK
477,1712695350.117964,381417821.7628564,189.0,-0.0,217.6,ASK
478,1712695380.168258,381417821.7628564,189.0,-0.0,217.6,ASK
479,1712695387.0685158,381429613.3472124,188.9,-1.5560218371918377e-07,217.6,ASK
480,1712695387.0784352,381432683.8726187,188.8,-4.051876693995469e-08,217.6,ASK
481,1712695410.1684115,381432683.8726187,188.8,-0.0,217.6,ASK
482,1712695440.1118429,381432683.8726187,188.8,-0.0,217.6,ASK
483,1712695470.1147895,381432683.8726187,188.8,-0.0,217.6,ASK
484,1712695500.1327617,381432683.8726187,188.8,-0.0,217.6,ASK
485,1712695530.1181777,381432683.8726187,188.8,-0.0,217.6,ASK
486,1712695560.175706,381432683.8726187,188.8,-0.0,217.6,ASK
487,1712695568.698187,381432893.9566523,188.9,-2.772214410468589e-09,217.6,ASK
488,1712695588.9483235,381438786.4181907,188.9,-7.775539392215257e-08,217.6,ASK
489,1712695590.168813,381438786.4181907,188.9,-0.0,217.6,ASK
490,1712695620.1128054,381438786.4181907,188.9,-0.0,217.6,ASK
491,1712695650.1175752,381438786.4181907,188.9,-0.0,217.6,ASK
492,1712695653.5080287,381439994.6097671,188.9,-1.5942740114074452e-08,217.6,ASK
493,1712695680.1992407,381439994.6097671,188.9,-0.0,217.6,ASK
494,1712695707.7084556,381440047.5478295,188.9,-6.98544209598446e-10,217.6,ASK
495,1712695707.7118268,381440639.8231205,189.0,-7.815368678143505e-09,217.6,ASK
496,1712695707.714331,381471391.6798736,188.9,-4.057861297421601e-07,217.6,ASK
497,1712695710.1650684,381471391.6798736,188.9,-0.0,217.6,ASK
498,1712695738.6187215,381471640.24845546,188.8,-3.279730075735994e-09,217.6,ASK
499,1712695738.624404,381486502.7536435,188.8,-1.9610284170878888e-07,217.6,ASK
500,1712695738.629975,381487635.7726786,188.7,-1.4949582838303923e-08,217.6,ASK
501,1712695740.1047523,381487635.7726786,188.7,-0.0,217.6,ASK
502,1712695759.2382405,381491608.2303054,188.8,5.241234222635965e-08,217.6,BID
503,1712695759.243781,381492931.68186736,188.9,1.7461532055023853e-08,217.6,BID
504,1712695769.3082955,381497079.7235063,188.7,-5.4728986026995736e-08,217.6,ASK
505,1712695770.107998,381497079.7235063,188.7,-0.0,217.6,ASK
506,1712695800.1607907,381497079.7235063,188.7,-0.0,217.6,ASK
507,1712695830.1108165,381497079.7235063,188.7,-0.0,217.6,ASK
508,1712695851.228377,381500989.7908623,188.9,5.1588781587509344e-08,217.6,BID
509,1712695860.1762416,381500989.7908623,188.9,0.0,217.6,BID
510,1712695890.1711614,381500989.7908623,188.9,0.0,217.6,BID
511,1712695920.1080835,381500989.7908623,188.9,0.0,217.6,BID
512,1712695924.6081972,381501016.2598936,188.9,3.4922461483163715e-10,217.6,BID
513,1712695945.646331,381501979.9490877,188.7,-1.2714631834270424e-08,217.6,ASK
514,1712695950.113815,381501979.9490877,188.7,-0.0,217.6,ASK
515,1712695951.5783486,381509938.27896017,188.7,-1.0499960516754262e-07,217.6,ASK
516,1712695980.177979,381509938.27896017,188.7,-0.0,217.6,ASK
517,1712696010.1708608,381509938.27896017,188.7,-0.0,217.6,ASK
518,1712696040.1084368,381511385.27896017,188.8,-1.909086715818888e-08,217.6,ASK
519,1712696040.152336,381511385.27896017,188.8,-0.0,217.6,ASK
520,1712696052.248324,381520018.6065525,188.9,1.139026372768503e-07,217.6,BID
521,1712696070.1124926,381520018.6065525,188.9,0.0,217.6,BID
522,1712696087.040203,381521633.6065525,188.8,-2.1306825132399545e-08,217.6,ASK
523,1712696100.1715553,381521633.6065525,188.8,-0.0,217.6,ASK
524,1712696110.8772857,381522829.6065525,188.8,-1.5779265754657222e-08,217.6,ASK
525,1712696130.1729872,381522829.6065525,188.8,-0.0,217.6,ASK
526,1712696160.1079378,381522829.6065525,188.8,-0.0,217.6,ASK
527,1712696190.1111283,381522829.6065525,188.8,-0.0,217.6,ASK
528,1712696220.1703706,381522829.6065525,188.8,-0.0,217.6,ASK
529,1712696250.177837,381522829.6065525,188.8,-0.0,217.6,ASK
530,1712696280.1111825,381522829.6065525,188.8,-0.0,217.6,ASK
531,1712696291.7678847,381524652.6065525,188.8,-2.405143459419913e-08,217.6,ASK
532,1712696294.7682235,381531779.9910865,188.8,-9.403391275140228e-08,217.6,ASK
533,1712696294.774208,381532407.3930992,188.8,-8.277519732782508e-09,217.6,ASK
534,1712696294.7785304,381540400.6380487,188.7,-1.0545749209947912e-07,217.6,ASK
535,1712696310.1148653,381540400.6380487,188.7,-0.0,217.6,ASK
536,1712696340.1822913,381540400.6380487,188.7,-0.0,217.6,ASK
537,1712696370.182973,381540400.6380487,188.7,-0.0,217.6,ASK
538,1712696373.2478354,381544706.4940687,188.7,-5.680607957146859e-08,217.6,ASK
539,1712696373.251172,381560161.8685445,188.7,-2.0389888286938722e-07,217.6,ASK
540,1712696400.152234,381560161.8685445,188.7,-0.0,217.6,ASK
541,1712696430.1188903,381560161.8685445,188.7,-0.0,217.6,ASK
542,1712696460.1898255,381560161.8685445,188.7,-0.0,217.6,ASK
543,1712696467.5676093,381561513.8685445,188.7,-1.7835815480729402e-08,217.6,ASK
544,1712696467.66734,381564545.7893902,188.7,-3.999761890226133e-08,217.6,ASK
545,1712696467.6711614,381564865.8685445,188.7,-4.222539005582571e-09,217.6,ASK
546,1712696467.7870593,381566213.8685445,188.7,-1.7783046795875174e-08,217.6,ASK
547,1712696471.5474298,381572426.8685445,188.7,-8.196295974983119e-08,217.6,ASK
548,1712696474.9572277,381573909.91939193,188.8,1.9564660697459136e-08,217.6,BID
549,1712696489.3376155,381574439.5804089,188.8,6.98737882063345e-09,217.6,BID
550,1712696490.158438,381574440.1969227,188.7,-8.133156242365305e-12,217.6,ASK
551,1712696490.1608217,381575902.5804089,188.7,-1.9292013329191893e-08,217.6,ASK
552,1712696490.187407,381575902.5804089,188.7,-0.0,217.6,ASK
553,1712696512.6602385,381576040.9863531,188.7,-1.8258100147080035e-09,217.6,ASK
554,1712696512.7799482,381589871.9863531,188.6,-1.8245443470112346e-07,217.6,ASK
555,1712696520.12451,381589871.9863531,188.6,-0.0,217.6,ASK
556,1712696524.7254138,381591035.9863531,188.6,-1.535455192068445e-08,217.6,ASK
557,1712696526.947132,381598017.9863531,188.6,-9.21009291324904e-08,217.6,ASK
558,1712696527.4072397,381604711.9863531,188.6,-8.830186473974373e-08,217.6,ASK
559,1712696527.7485993,381610168.9863531,188.6,-7.198435552506447e-08,217.6,ASK
560,1712696547.2615926,381610353.5744449,188.7,2.434937662663233e-09,217.6,BID
561,1712696548.027081,381617119.5744449,188.7,-8.925163083793039e-08,217.6,ASK
562,1712696549.12977,381618521.5744449,188.7,-1.8494056523023712e-08,217.6,ASK
563,1712696549.706937,381619870.5744449,188.7,-1.7794923145191857e-08,217.6,ASK
564,1712696550.1191914,381619870.5744449,188.7,-0.0,217.6,ASK
565,1712696560.2876165,381622292.9597939,188.9,3.1951774419449486e-08,217.6,BID
566,1712696560.2929668,381624943.8556973,188.8,3.4965876898522734e-08,217.6,BID
567,1712696580.1875176,381624943.8556973,188.8,0.0,217.6,BID
568,1712696587.2475407,381632932.8556973,188.7,-1.053752658143757e-07,217.6,ASK
569,1712696587.586976,381634776.8556973,188.7,-2.4322442128139792e-08,217.6,ASK
570,1712696594.6078527,381634829.79375976,188.9,6.98255401201527e-10,217.6,BID
571,1712696605.3909397,381637348.89871526,188.9,3.32271065589603e-08,217.6,BID
572,1712696605.403869,381639680.3012039,188.9,3.075130266058243e-08,217.6,BID
573,1712696605.4064977,381642955.78634846,188.9,4.320379494115192e-08,217.6,BID
574,1712696610.1673748,381642955.78634846,188.9,0.0,217.6,BID
575,1712696640.1098125,381642955.78634846,188.9,0.0,217.6,BID
576,1712696644.177673,381649735.9209489,188.8,8.942626635552353e-08,217.6,BID
577,1712696655.7770865,381651675.0534489,188.8,-2.5576096886223184e-08,217.6,ASK
578,1712696661.337078,381653120.40174896,188.8,-1.9063353409986912e-08,217.6,ASK
579,1712696670.1058066,381653120.40174896,188.8,-0.0,217.6,ASK
580,1712696693.9281726,381653649.7823736,188.9,6.982064117977019e-09,217.6,BID
581,1712696700.177192,381653649.7823736,188.9,0.0,217.6,BID
582,1712696705.047424,381672170.1198756,188.9,2.442670143075688e-07,217.6,BID
583,1712696715.4272218,381673284.8608756,188.9,1.4702456462623842e-08,217.6,BID
584,1712696715.4326818,381676620.021365,188.9,4.398784281909531e-08,217.6,BID
585,1712696715.5471714,381679320.26105696,188.9,-3.5613794154872554e-08,217.6,ASK
586,1712696717.4171722,381680590.26105696,188.7,-1.6750186552381397e-08,217.6,ASK
587,1712696730.202268,381680590.26105696,188.7,-0.0,217.6,ASK
588,1712696760.1131003,381680590.26105696,188.7,-0.0,217.6,ASK
589,1712696790.1224127,381680590.26105696,188.7,-0.0,217.6,ASK
590,1712696820.1814718,381680590.26105696,188.7,-0.0,217.6,ASK
591,1712696829.2797365,381681856.26105696,188.8,-1.6696309455731703e-08,217.6,ASK
592,1712696829.339417,381682581.67631096,188.8,-9.566949103190842e-09,217.6,ASK
593,1712696829.3597977,381683122.2610572,188.8,-7.129360355685181e-09,217.6,ASK
594,1712696829.3649163,381683847.6763112,188.8,-9.566949103190842e-09,217.6,ASK
595,1712696829.4394674,381702621.31109154,188.7,-2.475911657990261e-07,217.6,ASK
596,1712696829.9799294,381705872.0243593,189.0,4.287118062409145e-08,217.6,BID
597,1712696832.4296143,381705938.8233011,189.0,8.80960350283496e-10,217.6,BID
598,1712696850.1714048,381705938.8233011,189.0,0.0,217.6,BID
599,1712696860.5602636,381707200.8233011,188.6,-1.6642506354888445e-08,217.6,ASK
600,1712696861.4002116,381708599.8233011,188.6,-1.844918097503085e-08,217.6,ASK
601,1712696880.1152446,381708599.8233011,188.6,-0.0,217.6,ASK
602,1712696895.171358,381708632.8233011,188.9,4.35181517394095e-10,217.6,BID
603,1712696895.8977666,381709890.8233011,188.6,-1.6589646935811266e-08,217.6,ASK
604,1712696897.860919,381711264.6121848,188.6,-1.811659184871457e-08,217.6,ASK
605,1712696899.2816834,381711297.6121848,188.9,4.35181517394095e-10,217.6,BID
606,1712696899.771391,381712474.6121848,188.6,-1.5521474120389388e-08,217.6,ASK
607,1712696904.4520297,381712739.1758311,188.9,3.488885121981898e-09,217.6,BID
608,1712696908.3798726,381713939.1758311,188.6,-1.5824782450694364e-08,217.6,ASK
609,1712696910.1245332,381713939.1758311,188.6,-0.0,217.6,ASK
610,1712696912.7916906,381714861.4120453,188.6,-1.2161661363256733e-08,217.6,ASK
611,1712696912.796881,381774712.2186991,188.6,-7.892611801808821e-07,217.6,ASK
612,1712696912.9512763,381774712.2186999,188.6,-1.021819510593224e-17,217.6,ASK
613,1712696913.053168,381775404.88332987,188.3,-9.134267922274841e-09,217.6,ASK
614,1712696913.071747,381775404.8833308,188.3,-1.1790225122229508e-17,217.6,ASK
615,1712696913.7715309,381777056.9630274,188.6,2.178621215044692e-08,217.6,BID
616,1712696913.831365,381782969.1499774,188.6,-7.796485812753768e-08,217.6,ASK
617,1712696913.851353,381782969.1499779,188.6,-7.074135073337705e-18,217.6,ASK
618,1712696940.1750576,381782969.1499779,188.6,-0.0,217.6,ASK
619,1712696970.1774464,381782969.1499779,188.6,-0.0,217.6,ASK
620,1712697000.1496768,381782969.1499779,188.6,-0.0,217.6,ASK
621,1712697002.3439214,381784969.1499779,187.8,-2.6370249552133285e-08,217.6,ASK
622,1712697002.3491156,381787637.1425232,187.8,-3.5177814610698347e-08,217.6,ASK
623,1712697002.354743,381788474.5334806,188.0,-1.1041104259868052e-08,217.6,ASK
624,1712697002.3580952,381788581.02975327,187.8,-1.404166643513266e-09,217.6,ASK
625,1712697002.3610065,381789621.5111362,188.0,-1.3718876861581642e-08,217.6,ASK
626,1712697002.3639915,381789727.8941149,188.0,-1.402672847915766e-09,217.6,ASK
627,1712697002.3669395,381790248.4265963,187.8,-6.863285716890104e-09,217.6,ASK
628,1712697002.463826,381790248.4265973,187.8,1.336020953614312e-17,217.6,BID
629,1712697002.4706736,381798867.4011703,187.8,1.13642255186178e-07,217.6,BID
630,1712697006.0746264,381798894.5229306,188.5,3.5760379460323645e-10,217.6,BID
631,1712697030.1210337,381798894.5229306,188.5,0.0,217.6,BID
632,1712697034.6940272,381800798.8035157,187.8,-2.5107186912016373e-08,217.6,ASK
633,1712697060.194192,381800798.8035157,187.8,-0.0,217.6,ASK
634,1712697069.4842875,381802597.8523203,187.8,-2.3719635633894043e-08,217.6,ASK
635,1712697069.49415,381804633.9338229,187.8,-2.684480334273985e-08,217.6,ASK
636,1712697075.8944893,381816425.5181789,187.8,-1.5546664646265454e-07,217.6,ASK
637,1712697078.816112,381817464.55006135,187.8,-1.3699160133896416e-08,217.6,ASK
638,1712697081.3850172,381817563.0404886,187.8,-1.298551235509133e-09,217.6,ASK
639,1712697081.3901813,381823539.3929906,187.8,-7.879547425611858e-08,217.6,ASK
640,1712697090.204671,381823539.3929906,187.8,-0.0,217.6,ASK
641,1712697090.804504,381825140.18242097,187.8,-2.1104488135162475e-08,217.6,ASK
642,1712697092.7549253,381826864.5489957,187.8,-2.2733704524703905e-08,217.6,ASK
643,1712697092.7611578,381832189.3626272,187.8,-7.020127942874141e-08,217.6,ASK
644,1712697092.8543751,381832887.6800402,187.8,9.20647730236274e-09,217.6,BID
645,1712697092.875075,381834166.1363309,187.8,1.685491239935373e-08,217.6,BID
646,1712697092.8807497,381835684.7033119,187.8,2.002048378372424e-08,217.6,BID
647,1712697092.8950748,381841573.5617029,187.8,7.763753288525988e-08,217.6,BID
648,1712697092.934585,381849632.72334194,187.8,1.0625037744658545e-07,217.6,BID
649,1712697120.128246,381849632.72334194,187.8,0.0,217.6,BID
650,1712697126.1155152,381851487.25884014,188.0,-2.4448246136890345e-08,217.6,ASK
651,1712697126.1220682,381851587.25884014,188.0,-1.3182948593108787e-09,217.6,ASK
652,1712697150.12771,381851587.25884014,188.0,-0.0,217.6,ASK
653,1712697180.2162056,381851587.25884014,188.0,-0.0,217.6,ASK
654,1712697200.5125473,381851619.51504016,187.7,-4.252297667543223e-10,217.6,ASK
655,1712697200.518877,381852682.0157047,188.0,-1.4006823790080626e-08,217.6,ASK
656,1712697200.5218396,381857096.1115438,187.7,-5.819051665044258e-08,217.6,ASK
657,1712697210.1875038,381857096.1115438,187.7,-0.0,217.6,ASK
658,1712697240.122951,381857096.1115438,187.7,-0.0,217.6,ASK
659,1712697267.2171435,381858196.1115438,187.7,-1.4500975479696765e-08,217.6,ASK
660,1712697270.121162,381858196.1115438,187.7,-0.0,217.6,ASK
661,1712697282.5373926,381862968.5399972,187.7,-6.291334510687962e-08,217.6,ASK
662,1712697282.5442436,381864993.7767128,187.7,-2.6698025472954346e-08,217.6,ASK
663,1712697282.657324,381878239.7463238,187.7,1.74617234297179e-07,217.6,BID
664,1712697282.6772778,381878239.7463241,187.7,3.9287415446393016e-18,217.6,BID
665,1712697300.14749,381878239.7463241,187.7,0.0,217.6,BID
666,1712697319.0777144,381881332.0094627,187.7,-4.076264542205542e-08,217.6,ASK
667,1712697319.1647525,381885772.17611694,187.7,5.85308981898529e-08,217.6,BID
668,1712697319.257542,381894502.2831131,187.9,1.1508149210867013e-07,217.6,BID
669,1712697319.317654,381901292.3663321,187.9,8.950782719222755e-08,217.6,BID
670,1712697319.9575434,381903016.6121641,187.7,2.2729249846732186e-08,217.6,BID
671,1712697330.1209097,381903016.6121641,187.7,0.0,217.6,BID
672,1712697353.967964,381903016.6121643,187.9,3.1426742833128573e-18,217.6,BID
673,1712697356.8618207,381909836.6121643,188.0,-8.989667958327844e-08,217.6,ASK
674,1712697360.1884215,381909836.6121643,188.0,-0.0,217.6,ASK
675,1712697362.8080626,381920964.8531743,188.0,-1.466825527101749e-07,217.6,ASK
676,1712697376.3183818,381923624.4276424,188.0,-3.5056139757522854e-08,217.6,ASK
677,1712697380.548299,381926278.3554555,188.4,3.4981710586296673e-08,217.6,BID
678,1712697390.181756,381926278.3554555,188.4,0.0,217.6,BID
679,1712697420.121565,381926278.3554555,188.4,0.0,217.6,BID
680,1712697450.1272955,381926278.3554555,188.4,0.0,217.6,BID
681,1712697470.2996025,381929165.0771069,188.4,3.8048640672408334e-08,217.6,BID
682,1712697470.3091302,381929933.4282378,188.4,1.012730689709205e-08,217.6,BID
683,1712697480.1823015,381929933.4282378,188.4,0.0,217.6,BID
684,1712697510.205617,381929933.4282378,188.4,0.0,217.6,BID
685,1712697515.6754048,381931503.2520692,188.4,-2.0690987207108587e-08,217.6,ASK
686,1712697519.3895416,381932842.40913343,188.4,-1.7650695019873784e-08,217.6,ASK
687,1712697523.343627,381936210.8334806,188.4,-4.439735445432659e-08,217.6,ASK
688,1712697526.5493047,381936348.0807552,188.5,1.808981076001457e-09,217.6,BID
689,1712697540.1365745,381936348.0807552,188.5,0.0,217.6,BID
690,1712697546.96962,381943658.9025495,188.5,-9.635839874108872e-08,217.6,ASK
691,1712697567.4398246,381943767.7837796,188.6,1.435080935689707e-09,217.6,BID
692,1712697570.126782,381943767.7837796,188.6,0.0,217.6,BID
693,1712697583.679994,381946088.3993521,188.4,-3.058571046395886e-08,217.6,ASK
694,1712697587.8600535,381950152.3993521,188.4,-5.3563515127055984e-08,217.6,ASK
695,1712697600.1498497,381950152.3993521,188.4,-0.0,217.6,ASK
696,1712697602.3310027,381954789.0012463,188.4,-6.111101841505437e-08,217.6,ASK
697,1712697622.07085,381957013.7589908,188.4,-2.9322597582607586e-08,217.6,ASK
698,1712697622.0770433,381966140.6793058,188.0,-1.2029400155084629e-07,217.6,ASK
699,1712697622.0803876,381966671.4648684,188.1,-6.99582302582281e-09,217.6,ASK
700,1712697622.083118,381968224.5683592,188.4,-2.0470106812756493e-08,217.6,ASK
701,1712697622.0858395,381975098.2249108,188.0,-9.059569091710625e-08,217.6,ASK
702,1712697630.1240644,381975098.2249108,188.0,-0.0,217.6,ASK
703,1712697660.1602752,381975098.2249108,188.0,-0.0,217.6,ASK
704,1712697660.710172,381979204.997565,188.0,-5.412445184776716e-08,217.6,ASK
705,1712697675.200487,381979236.7100386,188.0,-4.1794868946867025e-10,217.6,ASK
706,1712697690.124111,381979236.7100386,188.0,-0.0,217.6,ASK
707,1712697696.7107875,381992149.9236445,188.0,-1.7018556911239834e-07,217.6,ASK
708,1712697696.717077,381993693.5879826,188.0,-2.0344230484121165e-08,217.6,ASK
709,1712697696.7235253,381994581.5879826,188.2,-1.1703112020255693e-08,217.6,ASK
710,1712697696.7277286,381995629.3003696,188.1,-1.3807990349512645e-08,217.6,ASK
711,1712697696.7304497,381998348.46939486,188.0,-3.5836418586059064e-08,217.6,ASK
712,1712697720.1861012,381998348.46939486,188.0,-0.0,217.6,ASK
713,1712697740.8508832,382001004.9785556,188.0,-3.500895503262785e-08,217.6,ASK
714,1712697750.191103,382001004.9785556,188.0,-0.0,217.6,ASK
715,1712697763.5912428,382002065.9865126,188.5,-1.398246086755009e-08,217.6,ASK
716,1712697763.5966494,382002065.98651314,188.5,-7.06948187154208e-18,217.6,ASK
717,1712697763.6910243,382003703.0430196,188.0,-2.1573899033995945e-08,217.6,ASK
718,1712697770.9408872,382018357.0324795,188.0,-1.9311715130617053e-07,217.6,ASK
719,1712697780.1298566,382018357.0324795,188.0,-0.0,217.6,ASK
720,1712697796.0313478,382018457.0324795,187.8,-1.3177902755764127e-09,217.6,ASK
721,1712697796.037558,382018657.0324795,187.9,-2.635580551152825e-09,217.6,ASK
722,1712697810.133209,382018657.0324795,187.9,-0.0,217.6,ASK
723,1712697815.6611269,382018923.123365,188.0,3.506517209264008e-09,217.6,BID
724,1712697815.670987,382019677.2505646,188.0,9.937807520015772e-09,217.6,BID
725,1712697820.5213282,382019836.9099579,187.9,-2.1039743964550156e-09,217.6,ASK
726,1712697820.524819,382019890.1297557,187.9,-7.01324799080159e-10,217.6,ASK
727,1712697820.5281107,382021275.68588287,187.8,-1.8258710345906082e-08,217.6,ASK
728,1712697837.6713612,382023642.8718721,187.8,-3.119452360290592e-08,217.6,ASK
729,1712697840.1845975,382023642.8718721,187.8,-0.0,217.6,ASK
730,1712697844.2351837,382025180.8718721,187.8,-2.0267349246548005e-08,217.6,ASK
731,1712697851.6613505,382043714.3349221,187.8,-2.44228978141283e-07,217.6,ASK
732,1712697870.1814952,382043714.3349221,187.8,-0.0,217.6,ASK
733,1712697887.0915418,382043934.7037089,187.8,-2.903816206063427e-09,217.6,ASK
734,1712697900.1067855,382044094.44811785,187.8,-2.104964184319835e-09,217.6,ASK
735,1712697900.1097093,382044752.5899526,187.8,-8.672384838358405e-09,217.6,ASK
736,1712697900.112574,382046591.2128696,187.8,-2.4227673531397272e-08,217.6,ASK
737,1712697900.1314487,382046591.2128696,187.8,-0.0,217.6,ASK
738,1712697900.528717,382048150.0722247,187.8,-2.0541859872142932e-08,217.6,ASK
739,1712697900.971984,382048713.7511599,187.8,-7.427875813019357e-09,217.6,ASK
740,1712697900.9813406,382049917.1526844,187.8,-1.5857816426669643e-08,217.6,ASK
741,1712697906.2116628,382051998.7485559,187.8,-2.7430217206517093e-08,217.6,ASK
742,1712697906.2180583,382056167.1526844,187.7,-5.492912059161368e-08,217.6,ASK
743,1712697921.6418376,382058978.3037352,187.7,-3.704392623918487e-08,217.6,ASK
744,1712697923.931725,382059138.1332504,187.7,-2.106152485441801e-09,217.6,ASK
745,1712697923.9382164,382065364.6708159,187.7,-8.205016170676372e-08,217.6,ASK
746,1712697930.1233668,382065364.6708159,187.7,-0.0,217.6,ASK
747,1712697940.2517123,382073425.84001815,187.7,1.0622041980696857e-07,217.6,BID
748,1712697941.3117554,382075056.9264462,187.7,2.1492500750359057e-08,217.6,BID
749,1712697942.2317662,382086334.8144068,187.7,1.4860648172168218e-07,217.6,BID
750,1712697943.601687,382087376.5215618,187.7,1.3726367545758389e-08,217.6,BID
751,1712697957.931769,382089168.6456781,187.6,-2.3614462269300835e-08,217.6,ASK
752,1712697960.1825025,382089168.6456781,187.6,-0.0,217.6,ASK
753,1712697961.7543616,382089220.6456781,187.6,-6.851532991220702e-10,217.6,ASK
754,1712697985.0219626,382089520.6456781,187.6,-3.9528074949350215e-09,217.6,ASK
755,1712697989.9126358,382089558.6456781,187.7,5.006889493584359e-10,217.6,BID
756,1712697990.1873426,382089558.6456781,187.7,0.0,217.6,BID
757,1712697994.6723,382089703.7108941,187.7,1.9113810683589747e-09,217.6,BID
758,1712697994.678381,382090328.0744959,187.7,8.226622484166066e-09,217.6,BID
759,1712697995.531903,382090366.0744959,187.7,5.006884666643319e-10,217.6,BID
760,1712698000.032278,382090404.0744959,187.7,5.006884666643319e-10,217.6,BID
761,1712698004.9619634,382090910.201294,187.6,-6.668732907238729e-09,217.6,ASK
762,1712698007.6720097,382090948.201294,187.7,5.006884666643319e-10,217.6,BID
763,1712698014.5421474,382091021.81181467,187.7,9.69893124997397e-10,217.6,BID
764,1712698015.4417584,382091075.0883197,187.7,7.019718848484951e-10,217.6,BID
765,1712698020.152011,382091075.0883197,187.7,0.0,217.6,BID
766,1712698027.4322531,382091845.2945858,187.7,1.0148209168044372e-08,217.6,BID
767,1712698045.8320882,382122589.4874467,187.7,4.050843437471056e-07,217.6,BID
768,1712698045.9319613,382144703.0666432,187.7,2.913676985186666e-07,217.6,BID
769,1712698050.1277745,382144703.0666432,187.7,0.0,217.6,BID
770,1712698050.1969297,382154636.7226632,187.7,1.308681260378217e-07,217.6,BID
771,1712698050.2020843,382154636.72266334,187.7,2.355733321914441e-18,217.6,BID
772,1712698052.5823996,382154673.5671432,188.2,4.85397121086967e-10,217.6,BID
773,1712698053.0224535,382155306.0391626,187.7,-8.332322740807008e-09,217.6,ASK
774,1712698055.0922277,382155342.8891029,188.2,4.854690573301742e-10,217.6,BID
775,1712698080.1926432,382155342.8891029,188.2,0.0,217.6,BID
776,1712698085.5623968,382155386.4438319,188.2,5.737842931249656e-10,217.6,BID
777,1712698110.187245,382155386.4438319,188.2,0.0,217.6,BID
778,1712698126.0924387,382157345.4438319,187.9,-2.5807606545825773e-08,217.6,ASK
779,1712698132.342482,382157661.92289805,187.9,-4.1692533028596085e-09,217.6,ASK
780,1712698140.129864,382157661.92289805,187.9,-0.0,217.6,ASK
781,1712698151.652478,382162683.7125487,188.6,6.615601912679967e-08,217.6,BID
782,1712698151.7523482,382164727.3784595,188.6,-2.692283239495221e-08,217.6,ASK
783,1712698159.0124934,382165469.31926006,188.6,9.774174787653552e-09,217.6,BID
784,1712698168.4326184,382165603.7018042,188.6,1.7703278672084055e-09,217.6,BID
785,1712698170.1281078,382165603.7018042,188.6,0.0,217.6,BID
786,1712698200.1829631,382165603.7018042,188.6,0.0,217.6,BID
787,1712698200.445076,382180269.7018042,188.0,-1.9322227913216722e-07,217.6,ASK
788,1712698222.4829671,382180902.17382365,188.1,-8.332720924748193e-09,217.6,ASK
789,1712698230.126722,382180902.17382365,188.1,-0.0,217.6,ASK
790,1712698243.412918,382180929.642966,188.1,-3.6188798365980647e-10,217.6,ASK
791,1712698243.4196713,382181102.17382365,188.1,-2.272981204998284e-09,217.6,ASK
792,1712698260.1886756,382181102.17382365,188.1,-0.0,217.6,ASK
793,1712698260.632643,382184818.57953495,188.1,-4.896119024010634e-08,217.6,ASK
794,1712698263.1843538,382184851.57953495,188.6,4.347532006566843e-10,217.6,BID
795,1712698265.1728203,382185929.77056384,188.1,-1.4204454567592505e-08,217.6,ASK
796,1712698272.692922,382185962.77056384,188.6,4.347532006566843e-10,217.6,BID
797,1712698286.3038192,382185995.77056384,188.5,4.347532006566843e-10,217.6,BID
798,1712698290.1895473,382185995.77056384,188.5,0.0,217.6,BID
799,1712698295.6020198,382186564.1072717,188.2,-7.487369887989711e-09,217.6,ASK
800,1712698298.6443958,382189456.1679354,188.2,-3.810052672954344e-08,217.6,ASK
801,1712698300.4128404,382189489.1679354,188.4,4.347479282956697e-10,217.6,BID
802,1712698304.244001,382189522.1679354,188.4,4.347479282956697e-10,217.6,BID
803,1712698305.2727902,382194493.2864102,188.4,6.549040782495737e-08,217.6,BID
804,1712698319.2330644,382194526.2864102,188.4,4.347479282956697e-10,217.6,BID
805,1712698320.1272085,382194526.2864102,188.4,0.0,217.6,BID
806,1712698329.0931468,382194738.6006352,188.4,2.7970065464851518e-09,217.6,BID
807,1712698336.6541753,382201955.7712707,188.2,-9.507829026893201e-08,217.6,ASK
808,1712698340.1831954,382201988.7712707,188.4,4.3473872759196455e-10,217.6,BID
809,1712698350.1311638,382201988.7712707,188.4,0.0,217.6,BID
810,1712698380.14702,382201988.7712707,188.4,0.0,217.6,BID
811,1712698399.673337,382206933.7776257,188.3,6.514381802490669e-08,217.6,BID
812,1712698400.1534057,382206933.77762586,188.3,2.3556334535976368e-18,217.6,BID
813,1712698407.4031546,382206966.77762586,188.4,4.3473068394616875e-10,217.6,BID
814,1712698410.133073,382206966.77762586,188.4,0.0,217.6,BID
1015,1712698418.7934551,382206999.7653783,188.4,4.345639725524735e-10,217.6,BID
815,1712698418.7934551,382206999.7653783,188.4,4.3456397255247345e-10,217.6,BID
816,1712698421.8431349,382207032.7653783,188.4,4.34725315747478e-10,217.6,BID
817,1712698428.3732188,382207061.9585842,188.4,3.8457653483432787e-10,217.6,BID
1017,1712698428.3732188,382207061.9585842,188.4,3.845765348343279e-10,217.6,BID
818,1712698433.1634302,382210877.86495465,188.4,5.026882126549896e-08,217.6,BID
819,1712698438.3833,382213197.6731106,188.4,3.0559979790019e-08,217.6,BID
820,1712698438.3930438,382217042.5507676,188.4,5.0650474346912686e-08,217.6,BID
821,1712698438.5032332,382217997.96478033,188.4,1.2586141162232336e-08,217.6,BID
822,1712698440.1874585,382217997.96478033,188.4,0.0,217.6,BID
823,1712698465.4835837,382218997.96478033,188.4,1.3173133760521273e-08,217.6,BID
824,1712698470.1888022,382218997.96478033,188.4,0.0,217.6,BID
825,1712698477.8334155,382220597.96478033,188.6,2.1076961707642643e-08,217.6,BID
826,1712698477.843712,382223579.2893675,188.6,3.9273290101098633e-08,217.6,BID
827,1712698477.8471618,382224586.6873784,188.4,1.3270555812685064e-08,217.6,BID
828,1712698477.8504138,382224759.2182361,188.5,2.2727664254719143e-09,217.6,BID
829,1712698477.8536963,382232726.913522,188.6,1.0495925527463953e-07,217.6,BID
830,1712698500.1471624,382232726.913522,188.6,0.0,217.6,BID
831,1712698530.1294053,382232726.913522,188.6,0.0,217.6,BID
832,1712698546.0353093,382242726.913522,188.6,1.317269297008675e-07,217.6,BID
833,1712698546.1538234,382243437.7068747,188.6,9.363062600600254e-09,217.6,BID
834,1712698554.1837718,382245695.7068747,188.6,-2.9743940726455884e-08,217.6,ASK
835,1712698557.6336577,382245733.7068747,188.7,5.005623328632964e-10,217.6,BID
836,1712698560.189184,382245733.7068747,188.7,0.0,217.6,BID
837,1712698588.6939328,382245893.58176106,188.7,2.105914741331801e-09,217.6,BID
838,1712698590.1879325,382245893.58176106,188.7,0.0,217.6,BID
839,1712698591.4436193,382248319.5115761,188.7,-3.195498333691632e-08,217.6,ASK
840,1712698609.8538904,382251083.44324136,188.7,-3.6407232294645226e-08,217.6,ASK
841,1712698609.86071,382251419.5338076,188.7,-4.427073024348377e-09,217.6,ASK
842,1712698609.8661983,382251819.0578452,188.6,-5.2626353354795575e-09,217.6,ASK
843,1712698609.871401,382251819.5115761,188.6,-5.976662085881443e-12,217.6,ASK
844,1712698620.12835,382251819.5115761,188.6,-0.0,217.6,ASK
845,1712698641.605491,382251925.4437795,188.8,1.3953461951092783e-09,217.6,BID
846,1712698644.8437667,382252031.3759829,188.8,1.3953461943241619e-09,217.6,BID
847,1712698649.923849,382252137.3081863,188.8,1.3953461951092783e-09,217.6,BID
848,1712698650.140143,382252137.3081863,188.8,0.0,217.6,BID
849,1712698680.2013376,382252137.3081863,188.8,0.0,217.6,BID
850,1712698683.904137,382252175.3081863,188.8,5.00538191417195e-10,217.6,BID
851,1712698692.255,382252242.8912144,189.3,8.90207544066676e-10,217.6,BID
852,1712698692.26241,382252271.3510144,189.2,3.7487412690992926e-10,217.6,BID
853,1712698692.2693655,382252286.3171162,188.8,1.9713435553514327e-10,217.6,BID
854,1712698692.273137,382252475.3081863,189.0,2.489401274150318e-09,217.6,BID
855,1712698696.713869,382252513.3081863,189.3,5.00538191417195e-10,217.6,BID
856,1712698705.9443092,382265951.109692,189.3,1.770034963757568e-07,217.6,BID
857,1712698705.9528608,382269472.1158416,189.4,4.637889605564324e-08,217.6,BID
858,1712698705.9596674,382272513.3081863,189.5,4.005876094607112e-08,217.6,BID
859,1712698710.1845858,382272513.3081863,189.5,0.0,217.6,BID
860,1712698712.3440158,382275149.1920913,189.5,3.471825047659953e-08,217.6,BID
861,1712698738.6440563,382275680.9657984,188.7,-7.0041979939661125e-09,217.6,ASK
862,1712698739.7639985,382276211.751361,189.5,6.991182759603169e-09,217.6,BID
863,1712698740.090129,382276255.01257473,189.5,5.698102450574207e-10,217.6,BID
864,1712698740.1328592,382276255.01257473,189.5,0.0,217.6,BID
865,1712698746.8943782,382276686.0740327,188.8,-5.677624859068105e-09,217.6,ASK
866,1712698751.1641653,382281130.4744737,188.8,-5.85383776801094e-08,217.6,ASK
867,1712698751.173772,382281229.0740327,188.8,-1.2986809576303646e-09,217.6,ASK
868,1712698770.1306148,382281229.0740327,188.8,-0.0,217.6,ASK
869,1712698771.3943596,382282291.0740327,188.9,-1.3987710820989264e-08,217.6,ASK
870,1712698800.1432643,382282291.0740327,188.9,-0.0,217.6,ASK
871,1712698804.573493,382286891.0740327,189.5,6.058784208019804e-08,217.6,BID
872,1712698813.9631774,382287891.0740327,189.5,1.3171270017434358e-08,217.6,BID
873,1712698830.1362388,382287891.0740327,189.5,0.0,217.6,BID
874,1712698840.412609,382302491.1513028,189.5,1.922988721707929e-07,217.6,BID
1075,1712698852.0123718,382302649.4626484,189.5,2.0851323355781752e-09,217.6,BID
875,1712698852.0123718,382302649.4626484,189.5,2.085132335578175e-09,217.6,BID
876,1712698860.1924398,382302649.4626484,189.5,0.0,217.6,BID
877,1712698876.0618565,382303253.0869576,189.5,7.950094792891971e-09,217.6,BID
878,1712698890.1880884,382303253.0869576,189.5,0.0,217.6,BID
879,1712698901.2111876,382305870.2111132,189.5,3.4469045493058124e-08,217.6,BID
880,1712698903.9410222,382307465.9367069,189.5,2.1016633071784243e-08,217.6,BID
881,1712698920.136159,382307465.9367069,189.5,0.0,217.6,BID
882,1712698946.3903446,382309391.9525799,189.0,-2.5366481209842544e-08,217.6,ASK
883,1712698946.3971028,382309418.9367069,189.0,-3.5539289147154227e-10,217.6,ASK
884,1712698950.144702,382309418.9367069,189.0,-0.0,217.6,ASK
885,1712698980.1832411,382309418.9367069,189.0,-0.0,217.6,ASK
886,1712699010.1827228,382309418.9367069,189.0,-0.0,217.6,ASK
887,1712699021.2689104,382319833.9367069,189.1,-1.371694912574369e-07,217.6,ASK
888,1712699025.658764,382322116.9367069,189.1,-3.0067973935739654e-08,217.6,ASK
889,1712699027.289179,382322144.9367069,189.4,3.687705957953176e-10,217.6,BID
890,1712699031.9486754,382323717.6086602,189.4,2.07126847585203e-08,217.6,BID
891,1712699034.8792214,382324064.09306,189.1,-4.563330662370766e-09,217.6,ASK
892,1712699034.8870082,382327318.6086602,189.1,-4.2863202032591336e-08,217.6,ASK
893,1712699036.7088697,382328033.6086602,189.1,-9.41682057120186e-09,217.6,ASK
894,1712699040.125055,382328033.6086602,189.1,-0.0,217.6,ASK
895,1712699041.7732031,382328333.6086602,189.1,-3.950930335525854e-09,217.6,ASK
896,1712699045.9886477,382328364.6086602,189.4,4.0826280133767157e-10,217.6,BID
897,1712699064.413289,382329563.6086602,189.1,-1.579055157431833e-08,217.6,ASK
898,1712699066.7380788,382330814.6086602,189.2,-1.6475379499142813e-08,217.6,ASK
899,1712699070.073125,382332376.6086602,189.2,-2.0571177280304613e-08,217.6,ASK
900,1712699070.1219866,382332376.6086602,189.2,-0.0,217.6,ASK
901,1712699070.1797557,382333409.6086602,189.2,-1.3604222929094068e-08,217.6,ASK
902,1712699073.4711566,382338774.6086602,189.2,-7.065503970434624e-08,217.6,ASK
903,1712699077.5781116,382338805.6086602,189.4,4.0825838412576567e-10,217.6,BID
904,1712699079.0679646,382341088.6086602,189.2,-3.006625454706849e-08,217.6,ASK
905,1712699083.4578774,382341119.6086602,189.4,4.0825838412576567e-10,217.6,BID
906,1712699099.4777126,382344705.7677523,189.4,4.7228371488576783e-08,217.6,BID
907,1712699100.1419222,382344705.7677523,189.4,0.0,217.6,BID
908,1712699100.557665,382344736.7677523,189.5,4.0826173497995237e-10,217.6,BID
909,1712699114.407404,382344767.7677523,189.5,4.0826173497995237e-10,217.6,BID
910,1712699114.747465,382353832.0574591,189.4,-1.1937427877565996e-07,217.6,ASK
911,1712699115.7775023,382356161.8709913,189.4,3.068302305965526e-08,217.6,BID
912,1712699128.4072444,382357926.7461545,189.4,2.3242935359678884e-08,217.6,BID
913,1712699130.1275527,382357926.7461545,189.4,0.0,217.6,BID
914,1712699130.7777326,382357957.7461545,189.5,4.0824827185167586e-10,217.6,BID
1114,1712699130.7777326,382357957.7461545,189.5,4.082482718516759e-10,217.6,BID
915,1712699134.4078147,382357988.7461545,189.5,4.0824827185167586e-10,217.6,BID
1115,1712699134.4078147,382357988.7461545,189.5,4.082482718516759e-10,217.6,BID
916,1712699137.1174912,382358108.37749326,189.5,1.575460881105181e-09,217.6,BID
917,1712699137.125631,382359779.6010807,189.5,2.2008843271976163e-08,217.6,BID
918,1712699137.2372892,382359781.73305166,189.4,-2.8076563775848958e-11,217.6,ASK
919,1712699137.2450638,382360945.6010807,189.5,-1.5327326177483962e-08,217.6,ASK
1120,1712699141.9169714,382360976.6010807,189.6,4.082482718516759e-10,217.6,BID
920,1712699141.9169714,382360976.6010807,189.6,4.0824827185167586e-10,217.6,BID
921,1712699145.1873083,382361027.62404126,189.6,6.71936628742829e-10,217.6,BID
922,1712699146.657066,382362082.62404126,189.5,-1.389361054204897e-08,217.6,ASK
923,1712699160.116871,382364035.2150703,189.5,-2.571425526508336e-08,217.6,ASK
924,1712699160.1219914,382364035.62404126,189.5,-5.385861572222806e-12,217.6,ASK
925,1712699160.1805649,382364035.62404126,189.5,-0.0,217.6,ASK
926,1712699162.4467182,382364653.62404126,189.5,-8.138502764835741e-09,217.6,ASK
927,1712699164.6568878,382364743.4600542,189.5,-1.183059287787297e-09,217.6,ASK
928,1712699171.736845,382364772.7427546,189.6,3.8562676104426365e-10,217.6,BID
929,1712699176.816593,382364925.1501738,189.6,2.0070682881778884e-09,217.6,BID
930,1712699186.8579054,382364925.1501742,189.5,-5.4945759937070896e-18,217.6,ASK
931,1712699186.8622038,382379525.2274439,189.5,-1.9226985311658899e-07,217.6,ASK
932,1712699188.3362837,382379607.2504045,189.5,-1.080168433089738e-09,217.6,ASK
933,1712699190.1960635,382379607.2504045,189.5,-0.0,217.6,ASK
934,1712699194.6962297,382379638.2504045,189.8,4.0822618443738474e-10,217.6,BID
1134,1712699194.6962297,382379638.2504045,189.8,4.082261844373848e-10,217.6,BID
935,1712699198.2463286,382379639.2163075,189.8,1.2719577873718487e-11,217.6,BID
936,1712699198.255068,382379838.2504045,189.8,2.620997741077152e-09,217.6,BID
937,1712699201.47632,382379865.9147845,189.9,3.643007838037963e-10,217.6,BID
938,1712699201.4860482,382379869.2504045,189.8,4.392540063358862e-11,217.6,BID
1139,1712699205.364903,382379869.2504045,189.8,-7.8490892617430475e-19,217.6,ASK
939,1712699205.364903,382379869.2504045,189.8,-7.849089261743047e-19,217.6,ASK
940,1712699205.3692825,382386385.8340516,189.8,-8.581419605764701e-08,217.6,ASK
941,1712699205.372819,382392675.5427242,189.5,-8.282657331147297e-08,217.6,ASK
942,1712699205.376438,382392839.8340515,189.1,-2.1634845702867276e-09,217.6,ASK
1143,1712699207.986375,382392870.8340515,189.8,4.082261844373848e-10,217.6,BID
943,1712699207.986375,382392870.8340515,189.8,4.0822618443738474e-10,217.6,BID
944,1712699214.326234,382392976.1554687,189.8,1.386934202844877e-09,217.6,BID
945,1712699215.7761776,382393239.5906637,189.8,3.469069177057607e-09,217.6,BID
946,1712699219.2461283,382396791.3619757,189.8,4.6771808087599686e-08,217.6,BID
947,1712699219.2539418,382397032.1061435,189.8,3.170260420133593e-09,217.6,BID
948,1712699219.4065945,382397239.5906635,189.8,-2.7322778689294023e-09,217.6,ASK
949,1712699220.1394002,382397239.5906635,189.8,-0.0,217.6,ASK
950,1712699227.255946,382397539.5906635,189.1,-3.950401987295134e-09,217.6,ASK
951,1712699229.5559368,382397570.5906635,189.9,4.082082053538305e-10,217.6,BID
952,1712699231.1659713,382398826.6638599,189.9,1.6539980170968966e-08,217.6,BID
953,1712699234.2603989,382398857.6638599,189.9,4.082082053538305e-10,217.6,BID
954,1712699240.3858662,382398888.6638599,189.8,4.082082053538305e-10,217.6,BID
955,1712699250.129476,382398888.6638599,189.8,0.0,217.6,BID
956,1712699254.7759802,382399509.30664176,189.8,8.17259458778234e-09,217.6,BID
1157,1712699263.745511,382399540.30664176,189.7,4.082065233475687e-10,217.6,BID
957,1712699263.745511,382399540.30664176,189.7,4.0820652334756865e-10,217.6,BID
1158,1712699267.5256994,382399571.30664176,189.7,4.082065233475687e-10,217.6,BID
958,1712699267.5256994,382399571.30664176,189.7,4.0820652334756865e-10,217.6,BID
1159,1712699270.4554868,382399602.30664176,189.7,4.082065233475687e-10,217.6,BID
959,1712699270.4554868,382399602.30664176,189.7,4.0820652334756865e-10,217.6,BID
960,1712699271.415662,382409230.09796906,189.7,1.267782975881311e-07,217.6,BID
961,1712699271.5759523,382409602.3066411,189.7,-4.901226063741388e-09,217.6,ASK
1162,1712699273.36547,382409633.3066411,189.8,4.082065233475687e-10,217.6,BID
962,1712699273.36547,382409633.3066411,189.8,4.0820652334756865e-10,217.6,BID
1163,1712699276.715436,382409664.3066411,189.8,4.082065233475687e-10,217.6,BID
963,1712699276.715436,382409664.3066411,189.8,4.0820652334756865e-10,217.6,BID
964,1712699278.9053705,382420344.070098,189.8,1.406306164808976e-07,217.6,BID
965,1712699278.9135194,382422238.5158816,189.8,2.4945971838709212e-08,217.6,BID
1165,1712699278.9135194,382422238.5158816,189.8,2.494597183870921e-08,217.6,BID
966,1712699278.965644,382423046.12468857,189.8,-1.0634554300554096e-08,217.6,ASK
967,1712699278.9735336,382423856.1246879,189.1,-1.0666041407082536e-08,217.6,ASK
968,1712699278.9815383,382423856.12468815,189.1,-3.9243556159885545e-18,217.6,ASK
969,1712699278.9854631,382423856.12468886,189.7,-9.41845347837253e-18,217.6,ASK
970,1712699280.185668,382423856.12468886,189.7,-0.0,217.6,ASK
971,1712699284.5653322,382423887.12468886,189.9,4.0818106107301404e-10,217.6,BID
972,1712699291.1454496,382432887.12468886,189.7,-1.1850417902119769e-07,217.6,ASK
973,1712699291.1719654,382433741.12468886,189.1,-1.1244729876011424e-08,217.6,ASK
974,1712699291.685163,382433772.12468886,189.9,4.0818106107301404e-10,217.6,BID
975,1712699310.1790369,382433772.12468886,189.9,0.0,217.6,BID
976,1712699324.4049256,382435082.3199802,189.7,1.7251085874425444e-08,217.6,BID
977,1712699324.4142606,382435267.2956212,189.7,2.4355381895119904e-09,217.6,BID
978,1712699334.4750748,382435272.12468886,189.7,-6.358339190371262e-11,217.6,ASK
979,1712699340.1223,382435272.12468886,189.7,-0.0,217.6,ASK
980,1712699351.3946626,382437223.3620453,189.7,2.5691465467298443e-08,217.6,BID
981,1712699351.45446,382439973.7380353,189.7,-3.6213528578353465e-08,217.6,ASK
982,1712699351.4746275,382439973.7380361,189.7,-1.0202397305814389e-17,217.6,ASK
983,1712699351.4801967,382442723.7380361,189.1,-3.620857800946398e-08,217.6,ASK
984,1712699367.7047815,382445223.7380361,189.7,3.291688909951271e-08,217.6,BID
985,1712699367.7137964,382445241.4713176,189.8,2.334897841126704e-10,217.6,BID
986,1712699370.0346775,382446415.2453153,189.7,-1.5454795404389777e-08,217.6,ASK
987,1712699370.0582256,382455241.4713176,189.7,-1.1621276099366109e-07,217.6,ASK
988,1712699370.0748007,382456616.4713176,189.1,-1.810428900473199e-08,217.6,ASK
989,1712699370.123067,382456616.4713176,189.1,-0.0,217.6,ASK
990,1712699376.9746878,382459219.1267444,189.8,3.426670229192239e-08,217.6,BID
991,1712699378.269188,382459747.6679706,189.2,-6.958802406567803e-09,217.6,ASK
992,1712699378.276431,382459748.1267444,189.1,-6.0402405868731785e-12,217.6,ASK
993,1712699400.1418145,382459748.1267444,189.1,-0.0,217.6,ASK
994,1712699408.624441,382459748.1286188,189.8,2.467857482690593e-14,217.6,BID
995,1712699408.6308758,382462480.0340152,189.8,3.596883794024664e-08,217.6,BID
996,1712699422.8741417,382462480.0343663,189.8,4.6230637041785504e-15,217.6,BID
997,1712699422.8825428,382462511.0340152,189.9,4.0814786187088636e-10,217.6,BID
998,1712699430.1206686,382462511.0340152,189.9,0.0,217.6,BID
999,1712699430.3840692,382464257.9610703,189.9,2.3000248247025063e-08,217.6,BID
1000,1712699430.3879926,382472282.723845,189.9,1.0565497591941125e-07,217.6,BID
1201,1712699430.4642055,382473327.85962105,189.9,-1.3760381253684961e-08,217.6,ASK
1202,1712699430.470307,382473327.85962105,189.9,-0.0,217.6,ASK
1203,1712699451.353995,382474384.4137964,189.2,-1.3910717249967584e-08,217.6,ASK
1204,1712699456.9336188,382477316.9677722,189.8,3.861035252880123e-08,217.6,BID
1205,1712699460.1807182,382477316.9677722,189.8,0.0,217.6,BID
1206,1712699490.17724,382477316.9677722,189.8,0.0,217.6,BID
1207,1712699490.20321,382477318.51343256,189.8,2.0349594315439272e-11,217.6,BID
1208,1712699490.204536,382482404.9814708,189.8,6.696656176706523e-08,217.6,BID
1209,1712699520.1310463,382482404.9814708,189.8,0.0,217.6,BID
1210,1712699539.8830135,382484268.8976098,189.6,-2.453932028198386e-08,217.6,ASK
1211,1712699550.120708,382484268.8976098,189.6,-0.0,217.6,ASK
1212,1712699552.0878208,382484746.3009536,189.8,6.285207153711326e-09,217.6,BID
1213,1712699552.0933006,382485432.2959238,189.8,9.031399863764285e-09,217.6,BID
1214,1712699562.232864,382485473.8784238,189.8,5.474503472698771e-10,217.6,BID
1215,1712699562.242645,382490130.6513781,189.8,6.130829007676562e-08,217.6,BID
1216,1712699562.362869,382494919.6513781,189.8,-6.304911234961841e-08,217.6,ASK
1217,1712699580.179831,382494919.6513781,189.8,-0.0,217.6,ASK
1218,1712699593.4628408,382500957.1101511,189.9,7.948345916831277e-08,217.6,BID
1219,1712699593.465724,382507049.1603832,189.9,8.020215856876728e-08,217.6,BID
1220,1712699605.102658,382507051.8262069,189.9,-3.509570860108698e-11,217.6,ASK
1221,1712699605.1055732,382507578.69659513,189.8,-6.936276099311337e-09,217.6,ASK
1222,1712699609.612555,382507841.85448986,190.0,3.464487388951169e-09,217.6,BID
1223,1712699609.6154058,382507873.78636855,190.0,4.203848458594101e-10,217.6,BID
1224,1712699609.6223123,382509157.02291095,190.0,1.6893875909558652e-08,217.6,BID
1225,1712699610.1741388,382509157.02291095,190.0,0.0,217.6,BID
1226,1712699616.9228804,382509183.3243604,190.1,3.4624762727561237e-10,217.6,BID
1227,1712699616.925767,382509183.32485753,190.0,6.544150484646889e-15,217.6,BID
1228,1712699616.9869783,382510226.5282289,189.8,-1.373333786797952e-08,217.6,ASK
1229,1712699616.989159,382510226.52823055,189.8,-2.1970769013202985e-17,217.6,ASK
1230,1712699617.0024009,382510226.5282312,189.8,-7.846703219001067e-18,217.6,ASK
1231,1712699617.0827029,382510226.5282314,189.6,-3.1386812876004264e-18,217.6,ASK
1232,1712699617.0855489,382510753.9543911,189.6,-6.9433457090612085e-09,217.6,ASK
1233,1712699640.1218057,382510753.9543911,189.6,-0.0,217.6,ASK
1234,1712699649.2725315,382510905.3287987,189.9,1.9927730764315164e-09,217.6,BID
1235,1712699658.6126518,382510905.3287993,189.6,-7.846671919656282e-18,217.6,ASK
1236,1712699658.6156807,382511168.7639937,189.6,-3.468000774312631e-09,217.6,ASK
1237,1712699662.5649357,382517568.20538056,189.6,-8.424564431367609e-08,217.6,ASK
1238,1712699670.1165922,382517568.20538056,189.6,-0.0,217.6,ASK
1239,1712699675.3523054,382517568.2075714,189.9,2.884073675767992e-14,217.6,BID
1240,1712699675.3546915,382521148.7474858,190.0,4.713532686296597e-08,217.6,BID
1241,1712699689.352178,382521148.7522767,190.0,6.306890682089446e-14,217.6,BID
1242,1712699689.35461,382521341.2202245,190.0,2.533707163198046e-09,217.6,BID
1243,1712699700.1524322,382521341.2202245,190.0,0.0,217.6,BID
1244,1712699701.9722233,382521341.22117,190.0,-1.2448083879935251e-14,217.6,ASK
1245,1712699730.1411088,382521341.22117,190.0,-0.0,217.6,ASK
1246,1712699730.326495,382521665.2157676,189.6,-4.265548127800907e-09,217.6,ASK
1247,1712699760.1429894,382521665.2157676,189.6,-0.0,217.6,ASK
1248,1712699790.1281383,382521665.2157676,189.6,-0.0,217.6,ASK
1249,1712699798.2418833,382522725.8815086,189.6,-1.3964174529387649e-08,217.6,ASK
1250,1712699798.2445078,382523071.95735097,189.6,-4.556254884531234e-09,217.6,ASK
1251,1712699798.246534,382526519.36936855,189.6,-4.5386836989440383e-08,217.6,ASK
1252,1712699802.3520255,382527468.3851054,189.6,-1.2494248534172726e-08,217.6,ASK
1253,1712699817.7015836,382529920.1111065,189.6,-3.227815178142223e-08,217.6,ASK
1254,1712699817.7054975,382530704.5314534,189.6,-1.0327271075335844e-08,217.6,ASK
1255,1712699817.765391,382530704.5314543,189.6,-1.2555580974647361e-17,217.6,ASK
1256,1712699820.182428,382530704.5314543,189.6,-0.0,217.6,ASK
1257,1712699850.1769214,382530704.5314543,189.6,-0.0,217.6,ASK
1258,1712699858.4813912,382530757.2740704,189.6,6.94366235575516e-10,217.6,BID
1259,1712699859.0611465,382531336.636288,189.6,7.627410093488043e-09,217.6,BID
1260,1712699859.482023,382537591.36418,189.3,-8.234464244583931e-08,217.6,ASK
1261,1712699864.5445442,382538119.06866497,189.5,-6.947326547974959e-09,217.6,ASK
1262,1712699877.9767244,382538119.06866544,189.5,-6.277648840241817e-18,217.6,ASK
1263,1712699880.125163,382538119.06866544,189.5,-0.0,217.6,ASK
1264,1712699909.243392,382539705.5308548,189.1,-2.0885680334151172e-08,217.6,ASK
1265,1712699909.2458615,382539705.5308551,189.3,-3.923458011141075e-18,217.6,ASK
1266,1712699909.24832,382539758.412928,189.1,-6.961893437916392e-10,217.6,ASK
1267,1712699909.2507374,382540110.83488566,189.0,-4.6396141050393985e-09,217.6,ASK
1268,1712699909.2531524,382542653.53315,188.9,-3.347447136984988e-08,217.6,ASK
1269,1712699909.255567,382544622.79706377,189.1,-2.5925242261140125e-08,217.6,ASK
1270,1712699909.2579973,382549120.7051576,188.6,-5.9214692448114336e-08,217.6,ASK
1271,1712699909.2604277,382554612.89328986,188.8,-7.230432999736521e-08,217.6,ASK
1272,1712699909.262288,382566627.6795476,189.0,-1.581739462503154e-07,217.6,ASK
1273,1712699909.2637055,382576814.9054224,188.6,-1.3411422254277653e-07,217.6,ASK
1274,1712699909.2651298,382590014.8487911,189.2,-1.7377646910434248e-07,217.6,ASK
1275,1712699909.2665462,382594692.1546112,189.0,-6.157645284058192e-08,217.6,ASK
1276,1712699909.2679813,382596281.13766205,188.8,-2.0918867326687185e-08,217.6,ASK
1277,1712699909.2694087,382600847.6487967,188.6,-6.011784739804256e-08,217.6,ASK
1278,1712699909.2708323,382605215.86038655,188.5,-5.7507245689423074e-08,217.6,ASK
1279,1712699910.1181962,382605215.86038655,188.5,-0.0,217.6,ASK
1280,1712699932.2608402,382611270.7892402,188.7,-7.969948138247299e-08,217.6,ASK
1281,1712699934.300779,382612019.7892402,188.8,-9.858895620164793e-09,217.6,ASK
1282,1712699940.1748624,382612019.7892402,188.8,-0.0,217.6,ASK
1283,1712699950.4610178,382612545.2753148,189.5,6.916722033470756e-09,217.6,BID
1284,1712699963.1406689,382616950.0839872,189.5,-5.7978391193968084e-08,217.6,ASK
1285,1712699970.1803422,382616950.0839872,189.5,-0.0,217.6,ASK
1286,1712699993.6230173,382617170.4527741,188.8,-2.9005733411956474e-09,217.6,ASK
1287,1712699999.4909644,382617255.817917,188.8,-1.1236067569534182e-09,217.6,ASK
1288,1712699999.4948485,382618357.52693874,188.8,-1.4501090941536565e-08,217.6,ASK
1289,1712700000.1563902,382618357.52693874,188.8,-0.0,217.6,ASK
1290,1712700030.1279664,382618357.52693874,188.8,-0.0,217.6,ASK
1291,1712700060.1711118,382618357.52693874,188.8,-0.0,217.6,ASK
1292,1712700061.968396,382623977.53853166,188.9,-7.397592876789933e-08,217.6,ASK
1293,1712700061.9701746,382631957.52693874,188.8,-1.050401843856825e-07,217.6,ASK
1294,1712700070.110424,382633011.82348895,188.8,-1.3877652244896502e-08,217.6,ASK
1295,1712700070.230355,382639066.7523425,188.8,-7.970072270498735e-08,217.6,ASK
1296,1712700079.066161,382643135.7523425,188.8,-5.35600415016121e-08,217.6,ASK
1297,1712700090.1760085,382643135.7523425,188.8,-0.0,217.6,ASK
1298,1712700097.0401657,382644178.95571446,188.9,-1.373078768386417e-08,217.6,ASK
1299,1712700102.4006078,382644311.091021,189.2,1.739183258415245e-09,217.6,BID
1300,1712700103.2505662,382646254.8614096,188.9,-2.558417584635375e-08,217.6,ASK
1301,1712700104.5101583,382652537.0532946,189.2,8.268708219605399e-08,217.6,BID
1302,1712700109.1403058,382652696.41829526,188.9,2.097584274769901e-09,217.6,BID
1303,1712700109.1438506,382653989.0532946,188.9,1.701384140999908e-08,217.6,BID
1304,1712700120.1200762,382653989.0532946,188.9,0.0,217.6,BID
1305,1712700122.9509184,382657959.4079799,188.9,-5.225694838453825e-08,217.6,ASK
1306,1712700122.9612875,382658515.1782816,188.9,-7.314928330583355e-09,217.6,ASK
1307,1712700135.0900354,382662698.6537613,188.8,-5.5061998120032575e-08,217.6,ASK
1308,1712700141.1902118,382668010.3661844,188.8,-6.99116083905889e-08,217.6,ASK
1309,1712700150.1154616,382668010.3661844,188.8,-0.0,217.6,ASK
1310,1712700159.6910014,382669885.3661844,188.8,-2.4677483908655228e-08,217.6,ASK
1311,1712700160.42044,382670885.3661844,188.8,-1.3161324751282788e-08,217.6,ASK
1312,1712700160.424053,382676283.345161,188.8,-7.104455431172609e-08,217.6,ASK
1313,1712700160.4268217,382691653.2177037,188.5,-2.022878839192425e-07,217.6,ASK
1314,1712700160.4295285,382701617.1020069,188.8,-1.311379170995688e-07,217.6,ASK
1315,1712700180.1819394,382701617.1020069,188.8,-0.0,217.6,ASK
1316,1712700185.9502103,382701617.1020076,188.5,-8.628516926010772e-18,217.6,ASK
1317,1712700185.9542215,382716108.8327786,188.5,-1.9071446028166537e-07,217.6,ASK
1318,1712700194.4999833,382716180.6577122,188.5,-9.452323999057783e-10,217.6,ASK
1319,1712700194.5033708,382724170.0019808,188.4,-1.0514158068978529e-07,217.6,ASK
1320,1712700204.1300695,382725425.0019808,188.4,-1.6516084340482738e-08,217.6,ASK
1321,1712700205.1899266,382730391.3104324,188.4,-6.535774441942351e-08,217.6,ASK
1322,1712700210.169794,382730391.3104324,188.4,-0.0,217.6,ASK
1323,1712700215.649987,382732874.4646581,188.4,-3.2676540360972634e-08,217.6,ASK
1324,1712700220.8699806,382734116.0417711,188.4,-1.6338270180878493e-08,217.6,ASK
1325,1712700223.7397194,382734736.8303275,188.4,-8.169135090439247e-09,217.6,ASK
1326,1712700228.5400138,382735340.4546367,188.4,-7.943265825853216e-09,217.6,ASK
1327,1712700233.779833,382735650.8489149,188.4,-4.084567545219623e-09,217.6,ASK
1328,1712700240.1287818,382735650.8489149,188.4,-0.0,217.6,ASK
1329,1712700256.4033778,382735858.02691615,188.4,-2.726279332250148e-09,217.6,ASK
1330,1712700268.3798752,382738518.45395815,188.8,3.5008867817522233e-08,217.6,BID
1331,1712700268.3995752,382738518.4539586,188.8,5.490411005874612e-18,217.6,BID
1332,1712700270.110531,382738518.4539586,188.8,0.0,217.6,BID
1333,1712700300.1695392,382738518.4539586,188.8,0.0,217.6,BID
1334,1712700330.1768138,382738518.4539586,188.8,0.0,217.6,BID
1335,1712700360.117067,382738518.4539586,188.8,0.0,217.6,BID
1336,1712700367.0293906,382739518.4539586,188.8,1.3161245951264949e-08,217.6,BID
1337,1712700372.069562,382740048.1149755,188.8,6.9709989147585404e-09,217.6,BID
1338,1712700390.1199436,382740048.1149755,188.8,0.0,217.6,BID
1339,1712700415.229211,382745001.5771248,188.8,6.519348585838179e-08,217.6,BID
1340,1712700420.1714468,382745001.5771248,188.8,0.0,217.6,BID
1341,1712700431.7495108,382745312.6440467,188.6,-4.093962315209712e-09,217.6,ASK
1342,1712700442.8698547,382745979.2189593,188.6,-8.772815043715993e-09,217.6,ASK
1343,1712700442.8739111,382753748.1340767,188.6,-1.022469554824737e-07,217.6,ASK
1344,1712700442.9694505,382753748.1340776,188.6,-1.176688128679983e-17,217.6,ASK
1345,1712700450.18339,382753748.1340776,188.6,-0.0,217.6,ASK
1346,1712700451.099547,382758701.5962269,188.6,6.519126810050592e-08,217.6,BID
1347,1712700451.1034255,382762625.2441579,188.6,5.163814247424247e-08,217.6,BID
1348,1712700456.079493,382765372.2441579,188.6,-3.615257532527121e-08,217.6,ASK
1349,1712700464.439155,382765506.6576752,188.6,-1.7689824560010131e-09,217.6,ASK
1350,1712700468.2093258,382773707.45695126,188.6,-1.0792865437099501e-07,217.6,ASK
1351,1712700468.589234,382781158.55030817,188.6,-9.80619635388502e-08,217.6,ASK
1352,1712700480.1182432,382781158.55030817,188.6,-0.0,217.6,ASK
1353,1712700483.9496949,382781335.8336272,188.6,-2.333022394246768e-09,217.6,ASK
1354,1712700494.8701935,382793518.4015907,188.7,1.6032080192074288e-07,217.6,BID
1355,1712700510.1238403,382793518.4015907,188.7,0.0,217.6,BID
1356,1712700515.3191304,382889425.17030895,188.8,1.262080228664858e-06,217.6,BID
1357,1712700515.328946,382926975.8677729,188.7,4.941464870016697e-07,217.6,BID
1358,1712700515.4097905,382933616.0845328,188.8,8.738159359001439e-08,217.6,BID
1359,1712700517.6992,382934943.0845328,188.9,-1.7462588780969982e-08,217.6,ASK
1360,1712700521.3895514,382935602.6290191,189.9,8.679242010383503e-09,217.6,BID
1361,1712700521.3940933,382940276.0834175,189.9,6.150008466146452e-08,217.6,BID
1362,1712700521.3985007,382945542.0128541,189.9,6.929672969128099e-08,217.6,BID
1363,1712700540.1708078,382945542.0128541,189.9,0.0,217.6,BID
1364,1712700551.9089932,382945630.23520553,189.0,-1.1605190777418055e-09,217.6,ASK
1365,1712700557.9693584,382945683.0708294,189.0,-6.950251091445752e-10,217.6,ASK
1366,1712700570.179253,382945683.0708294,189.0,-0.0,217.6,ASK
1367,1712700574.1893847,382948617.16952,190.0,3.859652633073624e-08,217.6,BID
1368,1712700574.1993475,382954872.2666045,190.0,8.228251493214711e-08,217.6,BID
1369,1712700574.229068,382980683.07082856,190.0,-3.3952756532401464e-07,217.6,ASK
1370,1712700574.2490132,382980683.0708294,190.0,-1.0976948895403741e-17,217.6,ASK
1371,1712700582.318918,382981975.7058287,190.0,-1.7003934102455567e-08,217.6,ASK
1372,1712700582.3387897,382993810.5847367,190.0,-1.5568161250133156e-07,217.6,ASK
1373,1712700582.3418283,382996458.6530327,190.0,-3.483394680515319e-08,217.6,ASK
1374,1712700582.358738,383022433.6143847,190.0,-3.416869660745266e-07,217.6,ASK
1375,1712700582.36209,383084699.467894,190.0,-8.190745806040108e-07,217.6,ASK
1376,1712700600.135887,383084699.467894,190.0,-0.0,217.6,ASK
1377,1712700600.7689817,383092809.1205256,190.0,1.0664168267173509e-07,217.6,BID
1378,1712700606.833091,383093091.44655496,190.0,3.712578602413271e-09,217.6,BID
1379,1712700606.8378873,383100941.3544086,189.9,1.032260468312444e-07,217.6,BID
1380,1712700630.1156597,383100941.3544086,189.9,0.0,217.6,BID
1381,1712700656.0086613,383102188.5665056,189.9,1.6400135360916326e-08,217.6,BID
1382,1712700660.1716666,383102188.5665056,189.9,0.0,217.6,BID
1383,1712700680.1385448,383102734.803999,189.9,7.182692466022039e-09,217.6,BID
1384,1712700690.170442,383102734.803999,189.9,0.0,217.6,BID
1385,1712700720.113731,383102734.803999,189.9,0.0,217.6,BID
1386,1712700728.1927369,383119424.5476109,189.0,-2.194597288284509e-07,217.6,ASK
1387,1712700728.1959014,383120076.68967456,189.0,-8.575261775552372e-09,217.6,ASK
1388,1712700742.5987098,383123998.2583019,188.7,-5.15661838523844e-08,217.6,ASK
1389,1712700742.60279,383124547.41614085,188.8,-7.2210833923036484e-09,217.6,ASK
1390,1712700750.1102955,383124547.41614085,188.8,-0.0,217.6,ASK
1391,1712700773.7185695,383125280.5245714,188.6,-9.639396666422066e-09,217.6,ASK
1392,1712700773.7219207,383126871.192652,188.6,-2.091516064193887e-08,217.6,ASK
1393,1712700779.2985885,383128613.5330824,188.6,2.2909449457580603e-08,217.6,BID
1394,1712700780.1791823,383128613.5330824,188.6,0.0,217.6,BID
1395,1712700784.678726,383128640.2526591,189.0,3.5132320183258036e-10,217.6,BID
1396,1712700810.1787505,383128640.2526591,189.0,0.0,217.6,BID
1397,1712700830.088462,383129030.4144204,189.5,5.13005396252267e-09,217.6,BID
1398,1712700840.1283567,383129030.4144204,189.5,0.0,217.6,BID
1399,1712700847.7514613,383129547.8893544,189.5,6.804028530176209e-09,217.6,BID
1400,1712700851.9686587,383129703.1062409,189.5,2.0408720399298243e-09,217.6,BID
1401,1712700870.1124678,383129703.1062409,189.5,0.0,217.6,BID
1402,1712700870.242351,383137002.0898735,189.4,9.597065745735384e-08,217.6,BID
1403,1712700878.569076,383140242.4788334,189.4,4.26062414375376e-08,217.6,BID
1404,1712700878.5731406,383140318.4952009,189.4,9.995009076979475e-10,217.6,BID
1405,1712700878.668721,383141035.7171989,189.4,-9.430390606928658e-09,217.6,ASK
1406,1712700878.6718922,383141035.7171992,189.4,-4.702268618127922e-18,217.6,ASK
1407,1712700879.8486128,383141119.40416926,188.8,-1.1003577951551358e-09,217.6,ASK
1408,1712700879.8587236,383141656.35998106,188.7,-7.060161370131755e-09,217.6,ASK
1409,1712700882.6900024,383143979.2322092,189.4,3.0542276314231745e-08,217.6,BID
1410,1712700887.1990116,383144290.954592,189.4,4.098680519324834e-09,217.6,BID
1411,1712700900.1408114,383144290.954592,189.4,0.0,217.6,BID
1412,1712700902.7401671,383144343.7529025,189.2,6.94298466386745e-10,217.6,BID
1413,1712700930.114782,383144343.7529025,189.2,0.0,217.6,BID
1414,1712700935.5589845,383144608.1786568,188.9,-3.477201637290492e-09,217.6,ASK
1415,1712700942.8768933,383145282.8993206,188.9,8.872584303185781e-09,217.6,BID
1416,1712700960.1792204,383145282.8993206,188.9,0.0,217.6,BID
1417,1712700964.8293543,383147756.603617,188.9,-3.252916337821633e-08,217.6,ASK
1418,1712700964.833692,383152581.8829531,188.9,-6.345232940620646e-08,217.6,ASK
1419,1712700965.029047,383152755.08178025,188.9,-2.2775612078501886e-09,217.6,ASK
1420,1712700965.0323524,383163173.6532841,188.8,-1.3700401260938818e-07,217.6,ASK
1421,1712700965.069246,383163173.6532845,188.8,-4.7027995160448395e-18,217.6,ASK
1422,1712700972.07917,383163348.1847826,188.9,-2.295085805400969e-09,217.6,ASK
1423,1712700990.1754527,383163348.1847826,188.9,-0.0,217.6,ASK
1424,1712701010.6192992,383163880.3549706,188.7,-6.997713695645019e-09,217.6,ASK
1425,1712701015.119202,383164145.04528296,188.9,-3.480516318651792e-09,217.6,ASK
1426,1712701015.3393002,383164411.638271,188.9,3.5055353445614356e-09,217.6,BID
1427,1712701020.1211326,383164411.638271,188.9,0.0,217.6,BID
1428,1712701026.8893323,383164411.6382716,188.9,8.621389585649877e-18,217.6,BID
1429,1712701032.2492046,383165506.0015763,188.9,-1.439017261672238e-08,217.6,ASK
1430,1712701032.9093246,383165535.20326585,189.2,3.8398340971854476e-10,217.6,BID
1431,1712701032.9136324,383166289.2256778,189.2,9.914909078531032e-09,217.6,BID
1432,1712701050.1134956,383166289.2256778,189.2,0.0,217.6,BID
1433,1712701080.1713357,383166289.2256778,189.2,0.0,217.6,BID
1434,1712701107.1998286,383176125.6196821,189.2,1.2934164227283846e-07,217.6,BID
1435,1712701107.2040205,383177980.1551803,189.2,2.4385833557114736e-08,217.6,BID
1436,1712701108.089748,383178510.5149683,189.2,-6.9738570807131765e-09,217.6,ASK
1437,1712701110.1712866,383178510.5149683,189.2,-0.0,217.6,ASK
1438,1712701128.6096847,383178533.0086489,189.2,-2.9576703942806634e-10,217.6,ASK
1439,1712701128.7896197,383182473.1213519,189.2,5.18081273624796e-08,217.6,BID
1440,1712701139.3598783,383184060.320462,189.2,2.0869914097141524e-08,217.6,BID
1441,1712701139.3642402,383184060.3204629,189.2,1.1756028040318716e-17,217.6,BID
1442,1712701140.1245186,383184060.3204629,189.2,0.0,217.6,BID
1443,1712701145.5803242,383184183.1730149,189.2,1.61535297812093e-09,217.6,BID
1444,1712701145.5848243,383184588.8616891,189.2,5.334284042229843e-09,217.6,BID
1445,1712701145.6596787,383187745.4683422,189.2,4.1505315701499926e-08,217.6,BID
1446,1712701170.117019,383187745.4683422,189.2,0.0,217.6,BID
1447,1712701184.219796,383189652.31072766,189.2,-2.5072293870867523e-08,217.6,ASK
1448,1712701191.2463346,383189810.8730956,189.2,-2.084871993377448e-09,217.6,ASK
1449,1712701200.1447158,383189810.8730956,189.2,-0.0,217.6,ASK
1450,1712701204.1699772,383190341.5404965,189.2,-6.977568293387097e-09,217.6,ASK
1451,1712701207.4197557,383190394.3946192,189.2,-6.949611934596191e-10,217.6,ASK
1452,1712701207.4218912,383190441.0285959,189.2,-6.131745734063979e-10,217.6,ASK
1453,1712701215.989942,383190872.26172256,189.2,5.670140254513556e-09,217.6,BID
1454,1712701216.1701684,383191736.5413725,189.3,1.1364124254485697e-08,217.6,BID
1455,1712701216.1747413,383191736.5413732,189.3,8.620937081332091e-18,217.6,BID
1456,1712701222.0704355,383192267.3574672,189.2,-6.9795234090612406e-09,217.6,ASK
1457,1712701222.135005,383192571.6239722,189.4,4.00069858111349e-09,217.6,BID
1458,1712701222.139349,383193053.55168223,189.4,6.336706386936076e-09,217.6,BID
1459,1712701222.2097642,383193053.5516831,189.4,1.1755823292725579e-17,217.6,BID
1460,1712701230.1098988,383193053.5516831,189.4,0.0,217.6,BID
1461,1712701236.1200037,383197491.58055896,189.4,5.8353687472090224e-08,217.6,BID
1462,1712701256.4102402,383245742.802052,189.3,6.344340647463139e-07,217.6,BID
1463,1712701256.4149623,383266672.6067632,189.4,2.751967860369734e-07,217.6,BID
1464,1712701257.1701584,383267203.0775362,189.5,-6.974926610263061e-09,217.6,ASK
1465,1712701260.1737416,383267203.0775362,189.5,-0.0,217.6,ASK
1466,1712701260.4647186,383267732.9666782,189.5,-6.965993114958582e-09,217.6,ASK
1467,1712701269.8800611,383270967.1541178,189.5,-4.251705810168661e-08,217.6,ASK
1468,1712701290.176716,383270967.1541178,189.5,-0.0,217.6,ASK
1469,1712701295.330874,383271667.960626,189.5,9.212809147572666e-09,217.6,BID
1470,1712701295.333466,383278184.5442731,189.5,8.566707177175947e-08,217.6,BID
1471,1712701299.927955,383278441.3695556,189.1,-3.3762276526323634e-09,217.6,ASK
1472,1712701299.9302125,383278573.2599052,189.5,-1.733831814241418e-09,217.6,ASK
1473,1712701299.9322455,383278678.9681504,189.1,-1.389641615972883e-09,217.6,ASK
1474,1712701310.7300916,383279208.8472434,189.5,-6.965795691126995e-09,217.6,ASK
1475,1712701320.1221688,383279208.8472434,189.5,-0.0,217.6,ASK
1476,1712701325.1803503,383279414.7984063,189.5,-2.7073804015881156e-09,217.6,ASK
1477,1712701337.240094,383280997.0768873,189.6,2.0800221224962146e-08,217.6,BID
1478,1712701338.3600152,383281526.7218633,189.6,-6.9625750486691585e-09,217.6,ASK
1479,1712701341.630362,383282056.36683935,189.6,-6.9625750486691585e-09,217.6,ASK
1480,1712701347.550177,383282602.2403894,189.6,-7.175911660522722e-09,217.6,ASK
1481,1712701350.1246407,383282602.2403894,189.6,-0.0,217.6,ASK
1482,1712701359.370529,383283132.3037214,189.5,-6.9680157155982085e-09,217.6,ASK
1483,1712701364.450142,383293262.95237726,189.6,1.3317374505771661e-07,217.6,BID
1484,1712701378.6203678,383298669.3136975,189.6,-7.10700181800724e-08,217.6,ASK
1485,1712701380.2001803,383298669.3136975,189.6,-0.0,217.6,ASK
1486,1712701386.750396,383299986.4896722,189.7,1.7314412853603856e-08,217.6,BID
1487,1712701386.8503993,383299986.4896722,189.7,-0.0,217.6,ASK
1488,1712701386.855093,383304067.4264492,189.7,-5.3644331161613056e-08,217.6,ASK
1489,1712701404.7303257,383306703.1670922,189.6,-3.464708022617736e-08,217.6,ASK
1490,1712701404.7334218,383306703.1670923,189.6,-1.5670182988991529e-18,217.6,ASK
1491,1712701410.180227,383306703.1670923,189.6,-0.0,217.6,ASK
1492,1712701415.2502427,383306861.22820926,189.8,2.077687925987333e-09,217.6,BID
1493,1712701425.6610954,383309635.22820926,189.5,-3.646378324089625e-08,217.6,ASK
1494,1712701426.7201705,383313253.5646136,189.8,4.756244929418612e-08,217.6,BID
1495,1712701426.730625,383314311.2064482,189.9,1.3902531579593496e-08,217.6,BID
1496,1712701426.7342646,383315190.3526855,190.0,1.1556235700174696e-08,217.6,BID
1497,1712701426.737916,383315243.26273847,190.3,6.954941255927772e-10,217.6,BID
1498,1712701426.7415197,383315522.9345225,190.1,3.6762405586794042e-09,217.6,BID
1499,1712701426.7450323,383315674.5881959,190.4,1.993463113589213e-09,217.6,BID
1500,1712701426.7470918,383319042.6078295,190.1,4.427207565543547e-08,217.6,BID
1501,1712701440.1222565,383319042.6078295,190.1,0.0,217.6,BID
1502,1712701460.0470738,383319042.60783,190.1,-7.051223967855279e-18,217.6,ASK
1503,1712701460.0502024,383322361.432373,190.1,-4.362407074312219e-08,217.6,ASK
1504,1712701461.1203053,383322639.3387381,190.1,3.65292192276624e-09,217.6,BID
1505,1712701468.4306188,383327873.5235421,189.8,-6.880039761435942e-08,217.6,ASK
1506,1712701468.4354253,383327873.5235424,189.8,-4.700815978570187e-18,217.6,ASK
1507,1712701470.1177127,383327873.5235424,189.8,-0.0,217.6,ASK
1508,1712701477.200503,383329273.5235424,189.7,-1.840180216461153e-08,217.6,ASK
1509,1712701482.5404646,383334199.3010854,189.7,-6.474513132380394e-08,217.6,ASK
1510,1712701482.5453029,383334199.3010859,189.7,-6.2676164642781974e-18,217.6,ASK
1511,1712701483.2203507,383344705.3058277,189.8,1.3809244342853473e-07,217.6,BID
