,time,acc_trade_volume,trade_price,dev,high,ask_bid
0,1712689619.1304915,15468167.89952473,576.8,0.0,612.0,BID
1,1712689620.2320342,15468167.89952473,576.8,0.0,612.0,BID
2,1712689650.242073,15468167.89952473,576.8,0.0,612.0,BID
3,1712689680.2420306,15468167.89952473,576.8,0.0,612.0,BID
4,1712689710.2324898,15468167.89952473,576.8,0.0,612.0,BID
5,1712689740.342064,15468167.89952473,576.8,0.0,612.0,BID
6,1712689770.352424,15468167.89952473,576.8,0.0,612.0,BID
7,1712689800.2422574,15468167.89952473,576.8,0.0,612.0,BID
8,1712689830.2420845,15468167.89952473,576.8,0.0,612.0,BID
9,1712689834.6120749,15469414.1283261,576.9,1.00172804486678e-07,612.0,BID
10,1712689837.2827442,15471346.64089213,576.9,1.5533680752058888e-07,612.0,BID
11,1712689837.2844694,15471832.80248002,576.9,3.9078032572460055e-08,612.0,BID
12,1712689839.4923708,15472213.80248002,577.0,3.062506537120485e-08,612.0,BID
13,1712689860.3524206,15472213.80248002,577.0,0.0,612.0,BID
14,1712689861.242126,15472869.85076769,577.0,5.272376080591633e-08,612.0,BID
15,1712689864.2419815,15473389.78144359,577.0,4.178457760952817e-08,612.0,BID
16,1712689865.8623426,15473401.92144359,576.8,-9.75639245226073e-10,612.0,ASK
17,1712689865.872083,15474213.08062829,576.0,-6.51893521153155e-08,612.0,ASK
18,1712689867.3522923,15475631.08824829,576.1,-1.1395913377537565e-07,612.0,ASK
19,1712689867.3731177,15479422.31834317,576.1,-3.046847502525008e-07,612.0,ASK
20,1712689867.3746362,15483581.74611017,576.0,-3.342752032099058e-07,612.0,ASK
21,1712689867.4526098,15483763.34977223,576.0,-1.4594700146158968e-08,612.0,ASK
22,1712689867.454177,15483815.43310517,576.0,-4.1857119964463165e-09,612.0,ASK
23,1712689884.0620944,15483827.57310517,576.8,9.756392450763804e-10,612.0,BID
24,1712689884.1619208,15483943.58870517,576.9,-9.323671533302888e-09,612.0,ASK
25,1712689885.251973,15484199.98840517,576.9,-2.0605733918529903e-08,612.0,ASK
26,1712689886.2721229,15484264.34340517,576.9,5.1719327532024215e-09,612.0,BID
27,1712689887.3821046,15484539.44750517,576.9,2.210892557409644e-08,612.0,BID
28,1712689888.4619486,15484603.59110517,576.9,5.154943450335868e-09,612.0,BID
29,1712689889.6219325,15484971.19530517,576.9,2.9542758172345173e-08,612.0,BID
30,1712689890.3422358,15484971.19530517,576.9,0.0,612.0,BID
31,1712689890.6130934,15485061.56115664,576.9,7.258024471958064e-09,612.0,BID
32,1712689890.6138425,15485106.19035236,576.9,3.584537626020885e-09,612.0,BID
33,1712689890.7528288,15485327.53810436,576.9,-1.7778257767894455e-08,612.0,ASK
34,1712689890.812071,15485327.53810517,576.9,-6.492828600017429e-17,612.0,ASK
35,1712689891.8320248,15485667.77870517,576.9,-2.732751986517116e-08,612.0,ASK
36,1712689892.8421874,15486014.15590517,576.9,-2.7820400662978963e-08,612.0,ASK
37,1712689894.0520823,15486347.33460517,576.9,-2.67603206168654e-08,612.0,ASK
38,1712689894.932081,15486413.96960517,576.9,-5.352004687870471e-09,612.0,ASK
39,1712689896.0522685,15486613.87650517,576.5,1.6056166668272187e-08,612.0,BID
40,1712689897.122386,15486813.78340517,576.5,1.6056166668272187e-08,612.0,BID
41,1712689898.1426027,15486880.41840517,576.5,5.352004687870471e-09,612.0,BID
42,1712689899.3322604,15486920.39840517,576.5,3.211122494547485e-09,612.0,BID
43,1712689900.2924995,15487205.66142977,576.5,2.2911818788048665e-08,612.0,BID
44,1712689900.3727949,15487453.48580477,576.9,-1.9904813037776265e-08,612.0,ASK
45,1712689900.374221,15487453.48580517,576.9,-3.21649343088421e-17,612.0,ASK
46,1712689901.6420364,15487853.30130517,576.9,-3.2112469877438535e-08,612.0,ASK
47,1712689902.7420068,15488213.96150517,576.9,-2.8967585820420573e-08,612.0,ASK
48,1712689913.972798,15488245.03661317,576.5,-2.4958974065891554e-09,612.0,ASK
49,1712689914.053285,15488245.03661358,576.5,-3.291295603695471e-17,612.0,ASK
50,1712689914.0547638,15488276.03661197,575.6,-2.48986473642116e-09,612.0,ASK
51,1712689914.0563705,15488276.03661236,576.0,-3.126730823510697e-17,612.0,ASK
52,1712689920.2222426,15488276.03661236,576.0,-0.0,612.0,ASK
53,1712689950.2319784,15488276.03661236,576.0,-0.0,612.0,ASK
54,1712689980.3425772,15488276.03661236,576.0,-0.0,612.0,ASK
55,1712690010.352147,15488276.03661236,576.0,-0.0,612.0,ASK
56,1712690040.2222388,15488276.03661236,576.0,-0.0,612.0,ASK
57,1712690070.222186,15488276.03661236,576.0,-0.0,612.0,ASK
58,1712690100.2622464,15488276.03661236,576.0,-0.0,612.0,ASK
59,1712690130.211974,15488276.03661236,576.0,-0.0,612.0,ASK
60,1712690160.342209,15488276.03661236,576.0,-0.0,612.0,ASK
61,1712690190.3925583,15488276.03661236,576.0,-0.0,612.0,ASK
62,1712690220.2322705,15488276.03661236,576.0,-0.0,612.0,ASK
63,1712690232.7426891,15488290.91977451,575.1,-1.1964159805906574e-09,612.0,ASK
64,1712690250.2724917,15488290.91977451,575.1,-0.0,612.0,ASK
65,1712690280.342621,15488290.91977451,575.1,-0.0,612.0,ASK
66,1712690310.3538475,15488290.91977451,575.1,-0.0,612.0,ASK
67,1712690340.2222812,15488290.91977451,575.1,-0.0,612.0,ASK
68,1712690355.8522985,15488464.26004145,576.9,1.3934332009501522e-08,612.0,BID
69,1712690370.242252,15488464.26004145,576.9,0.0,612.0,BID
70,1712690400.2621603,15488464.26004145,576.9,0.0,612.0,BID
71,1712690430.2321155,15488464.26004145,576.9,0.0,612.0,BID
72,1712690460.352239,15488464.26004145,576.9,0.0,612.0,BID
73,1712690466.7825804,15490601.26004145,576.0,1.7180057394561832e-07,612.0,BID
74,1712690490.352187,15490601.26004145,576.0,0.0,612.0,BID
75,1712690520.2329245,15490601.26004145,576.0,0.0,612.0,BID
76,1712690550.242687,15490601.26004145,576.0,0.0,612.0,BID
77,1712690580.3322062,15490601.26004145,576.0,0.0,612.0,BID
78,1712690582.5830965,15490950.69355545,577.0,2.8089348697997483e-08,612.0,BID
79,1712690582.5851078,15490950.69355622,577.0,6.183826430903331e-17,612.0,BID
80,1712690610.3427637,15490950.69355622,577.0,0.0,612.0,BID
81,1712690640.2227154,15490950.69355622,577.0,0.0,612.0,BID
82,1712690668.8621502,15492853.47854122,578.1,1.5295363081196778e-07,612.0,BID
83,1712690668.885149,15492853.47854152,578.1,2.4106051318641568e-17,612.0,BID
84,1712690670.232322,15492853.47854152,578.1,0.0,612.0,BID
85,1712690700.3459306,15492853.47854152,578.1,0.0,612.0,BID
86,1712690730.3520186,15492853.47854152,578.1,0.0,612.0,BID
87,1712690760.2019875,15492853.47854152,578.1,0.0,612.0,BID
88,1712690790.232595,15492853.47854152,578.1,0.0,612.0,BID
89,1712690820.3561356,15492853.47854152,578.1,0.0,612.0,BID
90,1712690850.3619516,15492853.47854152,578.1,0.0,612.0,BID
91,1712690880.2529223,15492853.47854152,578.1,0.0,612.0,BID
92,1712690903.2420795,15492870.86077687,577.3,-1.399865013520291e-09,612.0,ASK
93,1712690910.2317462,15492870.86077687,577.3,-0.0,612.0,ASK
94,1712690940.341772,15492870.86077687,577.3,-0.0,612.0,ASK
95,1712690970.3419707,15492870.86077687,577.3,-0.0,612.0,ASK
96,1712691000.25289,15492870.86077687,577.3,-0.0,612.0,ASK
97,1712691030.2217305,15492870.86077687,577.3,-0.0,612.0,ASK
98,1712691060.3417182,15492870.86077687,577.3,-0.0,612.0,ASK
99,1712691090.361786,15492870.86077687,577.3,-0.0,612.0,ASK
100,1712691120.2416468,15492870.86077687,577.3,-0.0,612.0,ASK
101,1712691150.221444,15492870.86077687,577.3,-0.0,612.0,ASK
102,1712691180.322246,15492870.86077687,577.3,-0.0,612.0,ASK
103,1712691210.341568,15492870.86077687,577.3,-0.0,612.0,ASK
104,1712691240.23185,15492870.86077687,577.3,-0.0,612.0,ASK
105,1712691270.2223666,15492870.86077687,577.3,-0.0,612.0,ASK
106,1712691300.341748,15492870.86077687,577.3,-0.0,612.0,ASK
107,1712691330.344522,15492870.86077687,577.3,-0.0,612.0,ASK
108,1712691360.2515647,15492870.86077687,577.3,-0.0,612.0,ASK
109,1712691381.2619965,15494341.39207786,578.4,-1.1864536309650861e-07,612.0,ASK
110,1712691390.2515242,15494341.39207786,578.4,-0.0,612.0,ASK
111,1712691416.3214886,15494439.10408994,578.4,-7.883056708890552e-09,612.0,ASK
112,1712691420.3315573,15494439.10408994,578.4,-0.0,612.0,ASK
113,1712691450.3514285,15494439.10408994,578.4,-0.0,612.0,ASK
114,1712691480.2215629,15494439.10408994,578.4,-0.0,612.0,ASK
115,1712691510.2316494,15494439.10408994,578.4,-0.0,612.0,ASK
116,1712691516.3415434,15494525.45987577,579.0,6.966845103777362e-09,612.0,BID
117,1712691516.4417665,15494874.89338977,578.4,-2.8190921346098263e-08,612.0,ASK
118,1712691516.462036,15496415.03122383,578.4,-1.2425226202545685e-07,612.0,ASK
119,1712691540.341685,15496415.03122383,578.4,-0.0,612.0,ASK
120,1712691570.341804,15496415.03122383,578.4,-0.0,612.0,ASK
121,1712691600.2312884,15496415.03122383,578.4,-0.0,612.0,ASK
122,1712691630.234408,15496415.03122383,578.4,-0.0,612.0,ASK
123,1712691660.345976,15496415.03122383,578.4,-0.0,612.0,ASK
124,1712691660.5817204,15496440.93795958,579.0,2.0931256554082595e-09,612.0,BID
125,1712691660.682094,15496466.84469533,579.0,2.0931256554082595e-09,612.0,BID
126,1712691690.3545103,15496466.84469533,579.0,0.0,612.0,BID
127,1712691714.4817224,15496512.80464008,579.2,3.7133086636500702e-09,612.0,BID
128,1712691715.5314896,15496559.17894947,579.2,3.7467870285134595e-09,612.0,BID
129,1712691720.2315238,15496559.17894947,579.2,0.0,612.0,BID
130,1712691750.221574,15496559.17894947,579.2,0.0,612.0,BID
131,1712691780.3415089,15496559.17894947,579.2,0.0,612.0,BID
132,1712691801.9819262,15496576.44414284,579.2,1.3949258524243861e-09,612.0,BID
133,1712691810.3820555,15496576.44414284,579.2,0.0,612.0,BID
134,1712691840.2215078,15496576.44414284,579.2,0.0,612.0,BID
135,1712691870.2226536,15496576.44414284,579.2,0.0,612.0,BID
136,1712691900.2721124,15496576.44414284,579.2,0.0,612.0,BID
137,1712691930.2366335,15496576.44414284,579.2,0.0,612.0,BID
138,1712691959.9619548,15498240.56378188,578.2,-1.3445164354432936e-07,612.0,ASK
139,1712691960.3314009,15498240.56378188,578.2,-0.0,612.0,ASK
140,1712691971.981694,15498283.84762165,579.2,3.496822512354246e-09,612.0,BID
141,1712691990.3413496,15498283.84762165,579.2,0.0,612.0,BID
142,1712692020.2215333,15498283.84762165,579.2,0.0,612.0,BID
143,1712692050.221408,15498283.84762165,579.2,0.0,612.0,BID
144,1712692080.3319063,15498283.84762165,579.2,0.0,612.0,BID
145,1712692110.3414395,15498283.84762165,579.2,0.0,612.0,BID
146,1712692140.2312508,15498283.84762165,579.2,0.0,612.0,BID
147,1712692170.221243,15498283.84762165,579.2,0.0,612.0,BID
148,1712692200.251255,15498283.84762165,579.2,0.0,612.0,BID
149,1712692224.7317634,15500037.98375465,578.2,-1.4176453595085288e-07,612.0,ASK
150,1712692224.7346804,15501050.40956329,578.2,-8.182151444600775e-08,612.0,ASK
151,1712692229.3941402,15501092.97304575,578.9,3.4398654846826994e-09,612.0,BID
152,1712692230.2340949,15501092.97304575,578.9,0.0,612.0,BID
153,1712692260.3312774,15501092.97304575,578.9,0.0,612.0,BID
154,1712692261.0248497,15501137.08154609,578.8,3.564261773023066e-09,612.0,BID
155,1712692290.3412032,15501137.08154609,578.8,0.0,612.0,BID
156,1712692320.231247,15501137.08154609,578.8,0.0,612.0,BID
157,1712692350.2313666,15501137.08154609,578.8,0.0,612.0,BID
158,1712692380.3339355,15501137.08154609,578.8,0.0,612.0,BID
159,1712692410.3421285,15501137.08154609,578.8,0.0,612.0,BID
160,1712692440.2121246,15501137.08154609,578.8,0.0,612.0,BID
161,1712692470.2314994,15501137.08154609,578.8,0.0,612.0,BID
162,1712692486.8512704,15501180.44193289,579.1,3.503801968092364e-09,612.0,BID
163,1712692500.3313532,15501180.44193289,579.1,0.0,612.0,BID
164,1712692524.951378,15501311.06028124,578.3,-1.0569408052277497e-08,612.0,ASK
165,1712692530.351435,15501311.06028124,578.3,-0.0,612.0,ASK
166,1712692560.231123,15501311.06028124,578.3,-0.0,612.0,ASK
167,1712692590.2116268,15501311.06028124,578.3,-0.0,612.0,ASK
168,1712692590.455666,15501353.13555748,579.2,3.4046368748174902e-09,612.0,BID
169,1712692619.911378,15501676.09999118,579.2,2.6133556769503544e-08,612.0,BID
170,1712692620.3439493,15501676.09999118,579.2,0.0,612.0,BID
171,1712692650.351388,15501676.09999118,579.2,0.0,612.0,BID
172,1712692678.8704593,15501710.61380333,579.2,2.7927324001463407e-09,612.0,BID
173,1712692680.2703342,15501710.61380333,579.2,0.0,612.0,BID
174,1712692710.2298312,15501710.61380333,579.2,0.0,612.0,BID
175,1712692715.5898335,15503321.06028033,579.2,1.3031127249491253e-07,612.0,BID
176,1712692723.2965257,15503321.06028124,579.2,7.355050141549798e-17,612.0,BID
177,1712692723.2987866,15505218.92087333,579.6,1.5356774180669425e-07,612.0,BID
178,1712692723.3917832,15505218.92087476,579.6,1.1560089054444047e-16,612.0,BID
179,1712692723.4295452,15507688.92087476,580.0,1.998631110436462e-07,612.0,BID
180,1712692723.431875,15509585.47259876,580.0,1.534618331230005e-07,612.0,BID
181,1712692723.449278,15509585.4725989,580.0,1.1303868045414649e-17,612.0,BID
182,1712692740.329081,15509585.4725989,580.0,0.0,612.0,BID
183,1712692770.3284078,15509585.4725989,580.0,0.0,612.0,BID
184,1712692800.317983,15509585.4725989,580.0,0.0,612.0,BID
185,1712692830.2175305,15509585.4725989,580.0,0.0,612.0,BID
186,1712692835.6977155,15509595.81742648,580.0,8.37265359956845e-10,612.0,BID
187,1712692860.3370178,15509595.81742648,580.0,0.0,612.0,BID
188,1712692890.3375473,15509595.81742648,580.0,0.0,612.0,BID
189,1712692920.225973,15509595.81742648,580.0,0.0,612.0,BID
190,1712692944.745716,15510475.33163828,580.0,-7.118402116907461e-08,612.0,ASK
191,1712692945.0358086,15510903.84585008,580.0,3.468206006767186e-08,612.0,BID
192,1712692945.6375446,15511332.37564148,580.0,3.4683321012126534e-08,612.0,BID
193,1712692946.6836903,15511710.6778534,580.0,3.061812111767436e-08,612.0,BID
194,1712692950.2255726,15511710.6778534,580.0,0.0,612.0,BID
195,1712692975.3764343,15513606.2491094,580.3,1.534039905567163e-07,612.0,BID
196,1712692975.3791125,15513606.24910965,580.3,2.0199074304980685e-17,612.0,BID
197,1712692975.4755018,15515501.16728265,580.5,1.5335113813130705e-07,612.0,BID
198,1712692975.615585,15515501.16728364,580.5,8.004260041749809e-17,612.0,BID
199,1712692980.3452337,15515501.16728364,580.5,0.0,612.0,BID
200,1712693010.328417,15515501.16728364,580.5,0.0,612.0,BID
201,1712693040.204626,15515501.16728364,580.5,0.0,612.0,BID
202,1712693047.6545691,15515673.43257218,580.5,-1.3938530938986489e-08,612.0,ASK
203,1712693070.2240603,15515673.43257218,580.5,-0.0,612.0,ASK
204,1712693076.5855708,15515683.86916985,581.2,8.44451390670936e-10,612.0,BID
205,1712693076.593928,15515744.95393469,581.2,4.942522098822963e-09,612.0,BID
206,1712693100.3337352,15515744.95393469,581.2,0.0,612.0,BID
207,1712693102.3739276,15515917.01174611,581.2,1.3925803231986932e-08,612.0,BID
208,1712693109.5438776,15517310.55438111,580.5,-1.1278883748537457e-07,612.0,ASK
209,1712693109.5467064,15517310.55438176,580.5,-5.2614011181178676e-17,612.0,ASK
210,1712693116.8334966,15517482.8196703,580.5,-1.3942595759649076e-08,612.0,ASK
211,1712693130.3533907,15517482.8196703,580.5,-0.0,612.0,ASK
212,1712693160.22322,15517482.8196703,580.5,-0.0,612.0,ASK
213,1712693190.2125468,15517482.8196703,580.5,-0.0,612.0,ASK
214,1712693220.3524096,15517482.8196703,580.5,-0.0,612.0,ASK
215,1712693250.332167,15517482.8196703,580.5,-0.0,612.0,ASK
216,1712693280.2218947,15517482.8196703,580.5,-0.0,612.0,ASK
217,1712693310.221383,15517482.8196703,580.5,-0.0,612.0,ASK
218,1712693340.3317273,15517482.8196703,580.5,-0.0,612.0,ASK
219,1712693370.331092,15517482.8196703,580.5,-0.0,612.0,ASK
220,1712693400.2458243,15517482.8196703,580.5,-0.0,612.0,ASK
221,1712693416.9508898,15519202.80590991,581.4,1.392628983875065e-07,612.0,BID
222,1712693416.9540648,15519254.1591333,581.4,4.157939503389867e-09,612.0,BID
223,1712693416.9792569,15519254.15913381,581.4,4.132293363294589e-17,612.0,BID
224,1712693417.0309558,15521226.94299581,581.6,1.597312770227855e-07,612.0,BID
225,1712693417.0506945,15523110.03174181,581.6,1.5246889227922964e-07,612.0,BID
226,1712693417.0538344,15532648.19965581,581.6,7.722811255239906e-07,612.0,BID
227,1712693418.440597,15534447.60857875,581.6,1.4569355046124744e-07,612.0,BID
228,1712693418.580753,15536424.9125677,581.6,1.600972601715924e-07,612.0,BID
229,1712693420.5305102,15536630.38415542,581.6,1.6636510329792216e-08,612.0,BID
230,1712693420.6908746,15536654.60603045,582.0,1.961183434608551e-09,612.0,BID
231,1712693420.6940231,15536748.41090435,581.9,7.595141357195365e-09,612.0,BID
232,1712693420.6971614,15536770.38415542,582.0,1.7791180886519919e-09,612.0,BID
233,1712693421.6907158,15536835.38415542,582.0,5.262884194497386e-09,612.0,BID
234,1712693430.2206829,15536835.38415542,582.0,0.0,612.0,BID
235,1712693442.4608333,15536862.73737881,582.0,2.212704281026114e-09,612.0,BID
236,1712693442.46409,15540589.18747106,582.0,3.014464494690709e-07,612.0,BID
237,1712693442.600433,15540761.18747106,582.6,1.3913721645301205e-08,612.0,BID
238,1712693442.6205904,15541448.18747106,582.6,5.5573992850708894e-08,612.0,BID
239,1712693442.6406443,15542489.10799642,582.6,8.420394444607955e-08,612.0,BID
240,1712693442.6431887,15543561.65820374,582.6,8.676258741435428e-08,612.0,BID
241,1712693442.6457517,15543756.47748777,582.6,1.575965865782872e-08,612.0,BID
242,1712693460.3303452,15543756.47748777,582.6,0.0,612.0,BID
243,1712693463.630506,15544002.07825397,582.0,-1.9861087478964047e-08,612.0,ASK
244,1712693463.633578,15545756.03401712,581.8,-1.418377857093935e-07,612.0,ASK
245,1712693490.3301306,15545756.03401712,581.8,-0.0,612.0,ASK
246,1712693520.210001,15545756.03401712,581.8,-0.0,612.0,ASK
247,1712693550.2198162,15545756.03401712,581.8,-0.0,612.0,ASK
248,1712693580.319525,15545756.03401712,581.8,-0.0,612.0,ASK
249,1712693610.3291235,15545756.03401712,581.8,-0.0,612.0,ASK
250,1712693617.8895702,15547474.83772973,581.8,-1.3898205642713617e-07,612.0,ASK
251,1712693617.8994386,15549611.83772973,581.9,-1.7279730803802033e-07,612.0,ASK
252,1712693617.901673,15551085.29623427,581.8,-1.1914350168010545e-07,612.0,ASK
253,1712693640.2397466,15551085.29623427,581.8,-0.0,612.0,ASK
254,1712693670.2191422,15551085.29623427,581.8,-0.0,612.0,ASK
255,1712693673.0697663,15551874.29623427,582.5,6.378235894268451e-08,612.0,BID
256,1712693673.2625165,15555313.08578034,582.5,2.779899989299222e-07,612.0,BID
257,1712693700.2286892,15555313.08578034,582.5,0.0,612.0,BID
258,1712693730.208541,15555313.08578034,582.5,0.0,612.0,BID
259,1712693747.9885652,15558189.79576363,582.5,2.3251594623610695e-07,612.0,BID
260,1712693760.3283677,15558189.79576363,582.5,0.0,612.0,BID
261,1712693781.2782583,15558190.97919048,582.5,9.563993304470395e-11,612.0,BID
262,1712693786.7459772,15562187.92585335,582.5,-3.2301760887658894e-07,612.0,ASK
263,1712693790.3287785,15562187.92585335,582.5,-0.0,612.0,ASK
264,1712693792.7582695,15562485.32840967,582.5,-2.4030389483752096e-08,612.0,ASK
265,1712693793.018571,15563954.32840967,582.5,1.1869649874015041e-07,612.0,BID
266,1712693793.2083073,15565185.32840967,582.5,9.946588832479588e-08,612.0,BID
267,1712693796.738306,15565185.6358505,582.5,2.4841490903748456e-11,612.0,BID
268,1712693820.218446,15565185.6358505,582.5,0.0,612.0,BID
269,1712693850.2280705,15565185.6358505,582.5,0.0,612.0,BID
270,1712693871.327734,15565501.77212235,582.5,2.5540486708622577e-08,612.0,BID
271,1712693877.469388,15565684.77212235,582.5,1.4784475822205961e-08,612.0,BID
272,1712693877.5083103,15565925.77212235,582.5,1.9470265973506213e-08,612.0,BID
273,1712693877.5102527,15568087.77212235,582.5,1.746668673639852e-07,612.0,BID
274,1712693877.5276968,15569681.77212235,582.5,1.2877843967538968e-07,612.0,BID
275,1712693880.3278134,15569681.77212235,582.5,0.0,612.0,BID
276,1712693891.327892,15569682.20084623,582.5,3.4629054633372225e-11,612.0,BID
277,1712693891.3311455,15570677.77212235,582.5,8.041467629474107e-08,612.0,BID
278,1712693891.4679923,15571658.77212235,582.5,7.923771942543808e-08,612.0,BID
279,1712693891.6276135,15571932.77212235,582.5,2.213163621057088e-08,612.0,BID
280,1712693910.3296225,15571932.77212235,582.5,0.0,612.0,BID
281,1712693911.4375758,15573113.77212235,582.5,9.53820965534987e-08,612.0,BID
282,1712693931.927554,15573130.2571046,582.8,1.331390489988867e-09,612.0,BID
283,1712693931.929465,15573130.9310142,582.5,5.4427528039065e-11,612.0,BID
284,1712693940.217675,15573130.9310142,582.5,0.0,612.0,BID
285,1712693970.2184489,15573130.9310142,582.5,0.0,612.0,BID
286,1712694000.2674508,15573130.9310142,582.5,0.0,612.0,BID
287,1712694030.2145505,15573130.9310142,582.5,0.0,612.0,BID
288,1712694060.3270075,15573130.9310142,582.5,0.0,612.0,BID
289,1712694076.5767891,15574964.11157249,582.0,-1.4808076375832197e-07,612.0,ASK
290,1712694076.6767435,15575535.22714792,582.0,-4.613360654612356e-08,612.0,ASK
291,1712694081.006843,15576940.05658892,582.0,1.1347939275967817e-07,612.0,BID
292,1712694090.333578,15576940.05658892,582.0,0.0,612.0,BID
293,1712694120.2165782,15576940.05658892,582.0,0.0,612.0,BID
294,1712694137.4168394,15576953.42127964,582.0,-1.0793804567507194e-09,612.0,ASK
295,1712694150.2554083,15576953.42127964,582.0,-0.0,612.0,ASK
296,1712694158.476457,15577523.14251667,582.0,4.601270583609972e-08,612.0,BID
297,1712694180.326609,15577523.14251667,582.0,0.0,612.0,BID
298,1712694210.336388,15577523.14251667,582.0,0.0,612.0,BID
299,1712694240.2059712,15577523.14251667,582.0,0.0,612.0,BID
300,1712694270.2061424,15577523.14251667,582.0,0.0,612.0,BID
301,1712694300.3258047,15577523.14251667,582.0,0.0,612.0,BID
302,1712694323.285926,15577626.27073942,581.8,8.334325983113335e-09,612.0,BID
303,1712694330.3157463,15577626.27073942,581.8,0.0,612.0,BID
304,1712694360.2253792,15577626.27073942,581.8,0.0,612.0,BID
305,1712694390.2152176,15577626.27073942,581.8,0.0,612.0,BID
306,1712694415.045127,15578485.67259572,581.8,6.945237976261402e-08,612.0,BID
307,1712694420.3453217,15578485.67259572,581.8,0.0,612.0,BID
308,1712694450.34554,15578485.67259572,581.8,0.0,612.0,BID
309,1712694480.194779,15578485.67259572,581.8,0.0,612.0,BID
310,1712694505.8149517,15578494.26513739,581.9,6.94376384772154e-10,612.0,BID
311,1712694510.195151,15578494.26513739,581.9,0.0,612.0,BID
312,1712694540.2350354,15578494.26513739,581.9,0.0,612.0,BID
313,1712694561.8248472,15580230.28448798,581.5,1.4029031222462042e-07,612.0,BID
314,1712694570.245418,15580230.28448798,581.5,0.0,612.0,BID
315,1712694600.4247134,15580230.28448798,581.5,0.0,612.0,BID
316,1712694630.314428,15580230.28448798,581.5,0.0,612.0,BID
317,1712694660.2041478,15580230.28448798,581.5,0.0,612.0,BID
318,1712694690.2646992,15580230.28448798,581.5,0.0,612.0,BID
319,1712694720.314471,15580230.28448798,581.5,0.0,612.0,BID
320,1712694720.4647982,15582407.74420498,581.5,1.7598141637487197e-07,612.0,BID
321,1712694750.3249075,15582407.74420498,581.5,0.0,612.0,BID
322,1712694751.385236,15583267.88526812,581.3,-6.950914082127455e-08,612.0,ASK
323,1712694761.4861808,15583407.74420498,581.3,-1.1302186296942534e-08,612.0,ASK
324,1712694780.2351432,15583407.74420498,581.3,-0.0,612.0,ASK
325,1712694810.1953566,15583407.74420498,581.3,-0.0,612.0,ASK
326,1712694840.3357358,15583407.74420498,581.3,-0.0,612.0,ASK
327,1712694870.3260038,15583407.74420498,581.3,-0.0,612.0,ASK
328,1712694900.2187366,15583407.74420498,581.3,-0.0,612.0,ASK
329,1712694930.2062528,15583407.74420498,581.3,-0.0,612.0,ASK
330,1712694960.32665,15583407.74420498,581.3,-0.0,612.0,ASK
331,1712694966.776573,15584892.98847562,581.3,1.201703782017488e-07,612.0,BID
332,1712694990.331808,15584892.98847562,581.3,0.0,612.0,BID
333,1712695020.197103,15584892.98847562,581.3,0.0,612.0,BID
334,1712695035.807099,15586297.81791662,580.8,-1.13656114717486e-07,612.0,ASK
335,1712695035.8677914,15587429.06063162,580.8,-9.152189442853144e-08,612.0,ASK
336,1712695035.947044,15587947.09330962,580.8,-4.1910839679117575e-08,612.0,ASK
337,1712695040.39688,15587947.09331025,580.8,-5.0934967297955936e-17,612.0,ASK
338,1712695041.2669606,15589666.78376525,580.6,-1.3912958393941658e-07,612.0,ASK
339,1712695049.6371417,15589666.78376596,580.6,-5.741485958734086e-17,612.0,ASK
340,1712695049.6407042,15591289.85907934,580.0,-1.3131304671501745e-07,612.0,ASK
341,1712695050.2271862,15591289.85907934,580.0,-0.0,612.0,ASK
342,1712695066.0174072,15591390.92169699,580.0,-8.173899328516678e-09,612.0,ASK
343,1712695066.0268762,15591534.02514526,580.0,-1.1574142911770374e-08,612.0,ASK
344,1712695066.156919,15594685.47622418,580.0,2.548879541887634e-07,612.0,BID
345,1712695080.33722,15594685.47622418,580.0,0.0,612.0,BID
346,1712695110.3272872,15594685.47622418,580.0,0.0,612.0,BID
347,1712695140.2362163,15594685.47622418,580.0,0.0,612.0,BID
348,1712695167.9376223,15594737.20036118,580.0,-4.1827588066578404e-09,612.0,ASK
349,1712695170.2076735,15594737.20036118,580.0,-0.0,612.0,ASK
350,1712695170.5473003,15595555.70930717,580.5,6.618993365801399e-08,612.0,BID
351,1712695200.2538764,15595555.70930717,580.5,0.0,612.0,BID
352,1712695230.2178898,15595555.70930717,580.5,0.0,612.0,BID
353,1712695260.3176897,15595555.70930717,580.5,0.0,612.0,BID
354,1712695290.320184,15595555.70930717,580.5,0.0,612.0,BID
355,1712695320.220328,15595555.70930717,580.5,0.0,612.0,BID
356,1712695350.218054,15595555.70930717,580.5,0.0,612.0,BID
357,1712695380.3182335,15595555.70930717,580.5,0.0,612.0,BID
358,1712695410.3280797,15595555.70930717,580.5,0.0,612.0,BID
359,1712695440.2183008,15595555.70930717,580.5,0.0,612.0,BID
360,1712695470.2179637,15595555.70930717,580.5,0.0,612.0,BID
361,1712695500.2283664,15595555.70930717,580.5,0.0,612.0,BID
362,1712695530.2180226,15595555.70930717,580.5,0.0,612.0,BID
363,1712695560.318138,15595555.70930717,580.5,0.0,612.0,BID
364,1712695590.3181896,15595555.70930717,580.5,0.0,612.0,BID
365,1712695620.2083807,15595555.70930717,580.5,0.0,612.0,BID
366,1712695650.208297,15595555.70930717,580.5,0.0,612.0,BID
367,1712695680.3596523,15595555.70930717,580.5,0.0,612.0,BID
368,1712695710.318264,15595555.70930717,580.5,0.0,612.0,BID
369,1712695740.2114785,15595555.70930717,580.5,0.0,612.0,BID
370,1712695770.2183013,15595555.70930717,580.5,0.0,612.0,BID
371,1712695800.257954,15595555.70930717,580.5,0.0,612.0,BID
372,1712695822.168738,15595663.57192819,580.4,8.762502104658042e-09,612.0,BID
373,1712695822.173323,15598849.25874784,580.4,2.5879760011259645e-07,612.0,BID
374,1712695822.1769595,15598900.19382632,580.4,4.1378443074481886e-09,612.0,BID
375,1712695830.2083802,15598900.19382632,580.4,0.0,612.0,BID
376,1712695860.32821,15598900.19382632,580.4,0.0,612.0,BID
377,1712695890.3300238,15598900.19382632,580.4,0.0,612.0,BID
378,1712695920.215152,15598900.19382632,580.4,0.0,612.0,BID
379,1712695950.232797,15598900.19382632,580.4,0.0,612.0,BID
380,1712695980.338065,15598900.19382632,580.4,0.0,612.0,BID
381,1712695999.4781654,15598912.71564556,579.7,-1.017082346151023e-09,612.0,ASK
382,1712696010.32962,15598912.71564556,579.7,-0.0,612.0,ASK
383,1712696040.2479954,15598912.71564556,579.7,-0.0,612.0,ASK
384,1712696062.5280726,15600200.19382556,579.7,1.0457510452930525e-07,612.0,BID
385,1712696062.5478354,15600200.19382632,579.7,6.17275043544058e-17,612.0,BID
386,1712696070.2203157,15600200.19382632,579.7,0.0,612.0,BID
387,1712696100.32975,15600200.19382632,579.7,0.0,612.0,BID
388,1712696118.5778766,15600317.75033983,579.4,-9.548233665255516e-09,612.0,ASK
389,1712696130.3311107,15600317.75033983,579.4,-0.0,612.0,ASK
390,1712696160.215352,15600317.75033983,579.4,-0.0,612.0,ASK
391,1712696190.274585,15600317.75033983,579.4,-0.0,612.0,ASK
392,1712696195.0377705,15601105.6931493,580.8,6.399832908943142e-08,612.0,BID
393,1712696196.1395433,15601317.6931493,580.8,-1.7219074282923666e-08,612.0,ASK
394,1712696220.3176742,15601317.6931493,580.8,-0.0,612.0,ASK
395,1712696222.5778515,15601317.75033983,580.8,-4.644912896320317e-12,612.0,ASK
396,1712696223.297735,15601337.75033983,580.0,-1.624364347086262e-09,612.0,ASK
397,1712696250.327511,15601337.75033983,580.0,-0.0,612.0,ASK
398,1712696280.2074957,15601337.75033983,580.0,-0.0,612.0,ASK
399,1712696310.2099411,15601337.75033983,580.0,-0.0,612.0,ASK
400,1712696340.3376231,15601337.75033983,580.0,-0.0,612.0,ASK
401,1712696369.647472,15601837.6931493,580.8,4.060442540001808e-08,612.0,BID
402,1712696369.7475936,15602337.75033983,580.8,-4.061371521703343e-08,612.0,ASK
403,1712696370.3377333,15602337.75033983,580.8,-0.0,612.0,ASK
404,1712696400.3376124,15602337.75033983,580.8,-0.0,612.0,ASK
405,1712696430.217288,15602337.75033983,580.8,-0.0,612.0,ASK
406,1712696460.3295138,15602337.75033983,580.8,-0.0,612.0,ASK
407,1712696490.32716,15602337.75033983,580.8,-0.0,612.0,ASK
408,1712696520.2231164,15602337.75033983,580.8,-0.0,612.0,ASK
409,1712696550.242957,15602337.75033983,580.8,-0.0,612.0,ASK
410,1712696580.306983,15602337.75033983,580.8,-0.0,612.0,ASK
411,1712696583.9021106,15602337.75034022,581.5,3.169215482803696e-17,612.0,BID
412,1712696583.9057546,15602391.06074395,581.5,4.339976007567011e-09,612.0,BID
413,1712696586.5098925,15605834.06074395,580.8,-2.802930825572145e-07,612.0,ASK
414,1712696586.5946658,15605834.58691474,580.8,-4.283532754442414e-11,612.0,ASK
415,1712696587.027254,15605845.37691474,580.0,-8.78409050404224e-10,612.0,ASK
416,1712696587.031882,15605853.99932853,580.0,-7.01946831322062e-10,612.0,ASK
417,1712696610.3271866,15605853.99932853,580.0,-0.0,612.0,ASK
418,1712696640.1970012,15605853.99932853,580.0,-0.0,612.0,ASK
419,1712696670.2129135,15605853.99932853,580.0,-0.0,612.0,ASK
420,1712696700.3270824,15605853.99932853,580.0,-0.0,612.0,ASK
421,1712696730.337041,15605853.99932853,580.0,-0.0,612.0,ASK
422,1712696760.2424488,15605853.99932853,580.0,-0.0,612.0,ASK
423,1712696783.25926,15607594.62648253,580.0,-1.4234038493846833e-07,612.0,ASK
424,1712696783.263399,15608882.10466253,580.0,-1.0528397153865569e-07,612.0,ASK
425,1712696784.0382185,15612230.38010365,580.0,-2.738063772438045e-07,612.0,ASK
426,1712696790.218459,15612230.38010365,580.0,-0.0,612.0,ASK
427,1712696820.3193247,15612230.38010365,580.0,-0.0,612.0,ASK
428,1712696831.073192,15612247.65722873,578.8,-1.4124156965968227e-09,612.0,ASK
429,1712696831.080281,15612765.97098055,578.8,-4.2372470847807064e-08,612.0,ASK
430,1712696831.0921602,15612774.61818165,578.8,-7.06914055925991e-10,612.0,ASK
431,1712696831.0942092,15612774.61818242,578.8,-6.304077227661979e-17,612.0,ASK
432,1712696831.149687,15615454.61818242,578.6,-2.190916630586786e-07,612.0,ASK
433,1712696850.3200998,15615454.61818242,578.6,-0.0,612.0,ASK
434,1712696880.212721,15615454.61818242,578.6,-0.0,612.0,ASK
435,1712696883.8433836,15616501.55588962,578.2,-8.557475551929035e-08,612.0,ASK
436,1712696910.2215595,15616501.55588962,578.2,-0.0,612.0,ASK
437,1712696940.3224285,15616501.55588962,578.2,-0.0,612.0,ASK
438,1712696970.3340118,15616501.55588962,578.2,-0.0,612.0,ASK
439,1712696976.862811,15621893.16333926,578.2,-4.406782354614827e-07,612.0,ASK
440,1712697000.243203,15621893.16333926,578.2,-0.0,612.0,ASK
441,1712697012.5940063,15622486.73883046,579.9,4.871159988195931e-08,612.0,BID
442,1712697030.2235725,15622486.73883046,579.9,0.0,612.0,BID
443,1712697060.344412,15622486.73883046,579.9,0.0,612.0,BID
444,1712697084.744651,15624599.63863766,578.0,-1.733896096793214e-07,612.0,ASK
445,1712697084.7480564,15626979.63863766,577.8,-1.9530849008107044e-07,612.0,ASK
446,1712697084.7513022,15629116.63863766,577.9,-1.7536732911901158e-07,612.0,ASK
447,1712697084.8445652,15630289.55238715,577.8,9.625210647403605e-08,612.0,BID
448,1712697090.344709,15630289.55238715,577.8,0.0,612.0,BID
449,1712697120.2456737,15630289.55238715,577.8,0.0,612.0,BID
450,1712697150.2578137,15630289.55238715,577.8,0.0,612.0,BID
451,1712697154.6658068,15630897.61354072,578.1,-4.9880494844604616e-08,612.0,ASK
452,1712697158.076257,15631070.20587762,579.4,1.4158100908828253e-08,612.0,BID
453,1712697180.346625,15631070.20587762,579.4,0.0,612.0,BID
454,1712697210.34315,15631070.20587762,579.4,0.0,612.0,BID
455,1712697240.2175655,15631070.20587762,579.4,0.0,612.0,BID
456,1712697244.366949,15631706.23052162,578.1,-5.217246449467088e-08,612.0,ASK
457,1712697244.3867743,15631706.23052235,578.1,-5.989403904691796e-17,612.0,ASK
458,1712697250.8372447,15631723.51361948,578.6,1.4177151466418891e-09,612.0,BID
459,1712697270.227472,15631723.51361948,578.6,0.0,612.0,BID
460,1712697300.2383175,15631723.51361948,578.6,0.0,612.0,BID
461,1712697304.571279,15631825.35617398,577.5,-8.376337860503795e-09,612.0,ASK
462,1712697304.5748196,15632198.84266982,577.6,-3.0718485911009984e-08,612.0,ASK
463,1712697304.5832837,15632233.47470445,577.5,-2.848412672704838e-09,612.0,ASK
464,1712697330.217655,15632233.47470445,577.5,-0.0,612.0,ASK
465,1712697346.588591,15632569.65202046,577.5,-2.7649213814574115e-08,612.0,ASK
466,1712697346.5936189,15635335.92794472,577.0,-2.275149180431109e-07,612.0,ASK
467,1712697346.5984645,15635407.24556338,577.5,-5.8655834084752485e-09,612.0,ASK
468,1712697346.6480188,15636491.29218104,577.0,8.915841518504731e-08,612.0,BID
469,1712697360.3481588,15636491.29218104,577.0,0.0,612.0,BID
470,1712697390.338336,15636491.29218104,577.0,0.0,612.0,BID
471,1712697420.2574277,15636491.29218104,577.0,0.0,612.0,BID
472,1712697447.4088078,15636543.37551437,577.1,-4.2827764052739556e-09,612.0,ASK
473,1712697450.3501406,15636543.37551437,577.1,-0.0,612.0,ASK
474,1712697480.3293388,15636543.37551437,577.1,-0.0,612.0,ASK
475,1712697508.623175,15636552.49335256,576.4,-7.497516625681611e-10,612.0,ASK
476,1712697508.7797277,15637645.28674826,577.0,8.985942151178804e-08,612.0,BID
477,1712697510.331602,15637645.28674826,577.0,0.0,612.0,BID
478,1712697517.4095902,15638277.23735484,577.0,5.196201536458322e-08,612.0,BID
479,1712697540.2297418,15638277.23735484,577.0,0.0,612.0,BID
480,1712697570.2198665,15638277.23735484,577.0,0.0,612.0,BID
481,1712697600.2598765,15638277.23735484,577.0,0.0,612.0,BID
482,1712697612.5804622,15638303.23735484,577.0,-2.139463049010471e-09,612.0,ASK
483,1712697621.2500677,15638329.23735484,577.0,-2.139463049010471e-09,612.0,ASK
484,1712697630.2201426,15638329.23735484,577.0,-0.0,612.0,ASK
485,1712697634.3902037,15638355.23735484,577.0,2.139457766816845e-09,612.0,BID
486,1712697640.5406857,15638381.23735484,577.0,-2.139457766816845e-09,612.0,ASK
487,1712697640.6200762,15638407.29877026,576.4,-2.1445114475525944e-09,612.0,ASK
488,1712697660.2609196,15638407.29877026,576.4,-0.0,612.0,ASK
489,1712697664.8405948,15638545.61014815,576.4,-1.1381163665777085e-08,612.0,ASK
490,1712697664.8463988,15638582.28733815,576.4,-3.018038780032493e-09,612.0,ASK
491,1712697667.9905214,15638608.28733815,576.4,2.139449840089588e-09,612.0,BID
492,1712697669.900634,15638781.80807387,576.3,-1.4278419626490421e-08,612.0,ASK
493,1712697669.9059994,15638801.80807387,576.3,-1.6457306462227607e-09,612.0,ASK
494,1712697671.8503792,15638827.80807387,576.4,2.139449840089588e-09,612.0,BID
495,1712697672.574216,15638861.66341607,576.0,-2.7858387098470678e-09,612.0,ASK
496,1712697672.578792,15639035.27452718,576.0,-1.4285856303778601e-08,612.0,ASK
497,1712697672.582749,15639418.04536051,576.0,-3.149688454458912e-08,612.0,ASK
498,1712697676.560401,15639444.04536051,576.3,2.139449840089588e-09,612.0,BID
499,1712697690.2204344,15639444.04536051,576.3,0.0,612.0,BID
500,1712697708.2406678,15639470.04536051,576.2,2.139344687848197e-09,612.0,BID
501,1712697716.8505635,15639496.04536051,576.2,2.139344687848197e-09,612.0,BID
502,1712697720.3407493,15639496.04536051,576.2,0.0,612.0,BID
503,1712697720.9409256,15640496.04536051,576.2,8.228228513699397e-08,612.0,BID
504,1712697720.9627252,15640522.04536051,576.0,-2.1393394135618433e-09,612.0,ASK
505,1712697733.121929,15640695.77711867,575.6,-1.4295046062314908e-08,612.0,ASK
506,1712697747.5009124,15640721.77711867,575.6,-2.1393394135618433e-09,612.0,ASK
507,1712697748.473728,15640747.77711867,575.5,-2.1393394135618433e-09,612.0,ASK
508,1712697750.489202,15640747.77711867,575.5,-0.0,612.0,ASK
509,1712697757.1707497,15641174.77711867,575.3,-3.513245119991827e-08,612.0,ASK
510,1712697768.820928,15644334.05976389,575.3,-2.599375722715179e-07,612.0,ASK
511,1712697768.830618,15644386.05976389,575.3,-4.278424970481851e-09,612.0,ASK
512,1712697771.4309628,15644412.05976389,575.3,2.139212485240925e-09,612.0,BID
513,1712697777.192079,15644438.05976389,575.3,2.139212485240925e-09,612.0,BID
514,1712697780.231196,15644438.05976389,575.3,0.0,612.0,BID
515,1712697783.4611118,15644464.05976389,575.3,2.1388388802651168e-09,612.0,BID
516,1712697794.5916736,15644490.05976389,575.3,2.1388388802651168e-09,612.0,BID
517,1712697794.610969,15645446.92934039,575.1,-7.871499436779137e-08,612.0,ASK
518,1712697794.6511502,15645455.7989056,575.0,-7.296373431098294e-10,612.0,ASK
519,1712697794.6557984,15645480.78468259,575.0,-2.0554058185092394e-09,612.0,ASK
520,1712697810.2314155,15645480.78468259,575.0,-0.0,612.0,ASK
521,1712697811.2114828,15645531.66398124,575.0,-4.185279001983952e-09,612.0,ASK
522,1712697811.216467,15645665.98196671,575.0,-1.10488599311143e-08,612.0,ASK
523,1712697811.2212677,15645699.90149914,575.0,-2.790186001016196e-09,612.0,ASK
524,1712697825.2615273,15645725.90149914,574.0,-2.138733373679549e-09,612.0,ASK
525,1712697825.2662566,15646222.80757381,574.0,-4.087498482627422e-08,612.0,ASK
526,1712697825.2707715,15646290.78024531,574.0,-5.591362347464835e-09,612.0,ASK
527,1712697825.3815331,15650975.20242664,574.0,3.8533577136986746e-07,612.0,BID
528,1712697825.4014523,15651036.86868619,573.9,-5.072603358793279e-09,612.0,ASK
529,1712697825.4059649,15652139.66383918,573.8,9.07147999243105e-08,612.0,BID
530,1712697825.4104674,15654269.55261607,573.8,1.752024695906989e-07,612.0,BID
531,1712697825.7211895,15654581.02227144,574.9,2.5621174878038976e-08,612.0,BID
532,1712697840.341329,15654581.02227144,574.9,0.0,612.0,BID
533,1712697870.342033,15654581.02227144,574.9,0.0,612.0,BID
534,1712697872.7025964,15654645.3313135,574.9,5.287723316375863e-09,612.0,BID
535,1712697872.705949,15654754.96556592,574.9,9.01452695012075e-09,612.0,BID
536,1712697900.2216277,15654754.96556592,574.9,0.0,612.0,BID
537,1712697930.2270803,15654754.96556592,574.9,0.0,612.0,BID
538,1712697960.3419597,15654754.96556592,574.9,0.0,612.0,BID
539,1712697976.4803662,15654762.88509835,574.7,-6.527125515095643e-10,612.0,ASK
540,1712697976.4826453,15654788.88509835,574.8,-2.142869732585556e-09,612.0,ASK
541,1712697990.3419292,15654788.88509835,574.8,-0.0,612.0,ASK
542,1712698020.2542777,15654788.88509835,574.8,-0.0,612.0,ASK
543,1712698037.0729556,15654806.96556592,574.7,-1.4901547866424901e-09,612.0,ASK
544,1712698037.0773346,15654817.68303592,574.7,-8.83311737277453e-10,612.0,ASK
545,1712698037.0841403,15654888.26932838,574.6,-5.817576407849357e-09,612.0,ASK
546,1712698037.1118708,15654922.18886081,574.6,-2.795577792061688e-09,612.0,ASK
547,1712698050.222333,15654922.18886081,574.6,-0.0,612.0,ASK
548,1712698056.6622868,15655009.29687475,574.6,-7.179217238316971e-09,612.0,ASK
549,1712698059.8540134,15655533.5375434,574.6,-4.3206560167253177e-08,612.0,ASK
550,1712698059.972232,15655846.66262233,574.6,2.5806959230379066e-08,612.0,BID
551,1712698080.352402,15655846.66262233,574.6,0.0,612.0,BID
552,1712698110.3428712,15655846.66262233,574.6,0.0,612.0,BID
553,1712698140.222355,15655846.66262233,574.6,0.0,612.0,BID
554,1712698170.2229304,15655846.66262233,574.6,0.0,612.0,BID
555,1712698200.284744,15655846.66262233,574.6,0.0,612.0,BID
556,1712698230.2273252,15655846.66262233,574.6,0.0,612.0,BID
557,1712698260.3328536,15655846.66262233,574.6,0.0,612.0,BID
558,1712698260.9829612,15655872.56935808,575.0,-2.136988806832349e-09,612.0,ASK
559,1712698261.1429975,15655898.47609383,575.0,-2.136988806832349e-09,612.0,ASK
560,1712698290.322842,15655898.47609383,575.0,-0.0,612.0,ASK
561,1712698320.2333653,15655898.47609383,575.0,-0.0,612.0,ASK
562,1712698350.2331808,15655898.47609383,575.0,-0.0,612.0,ASK
563,1712698380.243268,15655898.47609383,575.0,-0.0,612.0,ASK
564,1712698410.2333248,15655898.47609383,575.0,-0.0,612.0,ASK
565,1712698440.343153,15655898.47609383,575.0,-0.0,612.0,ASK
566,1712698470.3433242,15655898.47609383,575.0,-0.0,612.0,ASK
567,1712698500.264526,15655898.47609383,575.0,-0.0,612.0,ASK
568,1712698530.2424707,15655898.47609383,575.0,-0.0,612.0,ASK
569,1712698552.33384,15655924.47609383,577.8,2.149019556482897e-09,612.0,BID
570,1712698560.3341827,15655924.47609383,577.8,0.0,612.0,BID
571,1712698570.1735854,15656286.15801987,577.8,-2.9894637198428814e-08,612.0,ASK
572,1712698590.3336067,15656286.15801987,577.8,-0.0,612.0,ASK
573,1712698620.2338974,15656286.15801987,577.8,-0.0,612.0,ASK
574,1712698621.0191095,15656786.63238511,577.8,-4.136574175115024e-08,612.0,ASK
575,1712698621.0335708,15656812.63238511,577.8,-2.148979768452737e-09,612.0,ASK
576,1712698621.0382068,15657193.96130864,577.8,-3.151800545345046e-08,612.0,ASK
577,1712698650.2472486,15657193.96130864,577.8,-0.0,612.0,ASK
578,1712698680.3540392,15657193.96130864,577.8,-0.0,612.0,ASK
579,1712698710.333692,15657193.96130864,577.8,-0.0,612.0,ASK
580,1712698740.2137964,15657193.96130864,577.8,-0.0,612.0,ASK
581,1712698770.235385,15657193.96130864,577.8,-0.0,612.0,ASK
582,1712698800.2332978,15657193.96130864,577.8,-0.0,612.0,ASK
583,1712698830.2429566,15657193.96130864,577.8,-0.0,612.0,ASK
584,1712698860.3421292,15657193.96130864,577.8,-0.0,612.0,ASK
585,1712698890.331367,15657193.96130864,577.8,-0.0,612.0,ASK
586,1712698920.2343214,15657193.96130864,577.8,-0.0,612.0,ASK
587,1712698950.2405014,15657193.96130864,577.8,-0.0,612.0,ASK
588,1712698980.3401685,15657193.96130864,577.8,-0.0,612.0,ASK
589,1712698980.4723885,15657228.55805464,577.8,-2.862600277109307e-09,612.0,ASK
590,1712699001.4224536,15657228.55805491,577.8,-2.219310529662967e-17,612.0,ASK
591,1712699001.4277894,15657334.55805464,577.5,-8.770640701109961e-09,612.0,ASK
592,1712699010.329029,15657334.55805464,577.5,-0.0,612.0,ASK
593,1712699040.2110589,15657334.55805464,577.5,-0.0,612.0,ASK
594,1712699070.2135334,15657334.55805464,577.5,-0.0,612.0,ASK
595,1712699100.243348,15657334.55805464,577.5,-0.0,612.0,ASK
596,1712699102.5478082,15657360.55805464,577.5,-2.1594912232526843e-09,612.0,ASK
597,1712699130.217273,15657360.55805464,577.5,-0.0,612.0,ASK
598,1712699160.3367977,15657360.55805464,577.5,-0.0,612.0,ASK
599,1712699190.3464668,15657360.55805464,577.5,-0.0,612.0,ASK
600,1712699197.396251,15657516.40221048,577.9,1.2943987193201422e-08,612.0,BID
601,1712699212.0864346,15664572.1158835,577.9,5.860281826479455e-07,612.0,BID
602,1712699212.092035,15669572.1158835,578.0,4.152862557963826e-07,612.0,BID
603,1712699212.1360896,15671357.2326603,578.0,-1.4826689247929777e-07,612.0,ASK
604,1712699220.2461195,15671357.2326603,578.0,-0.0,612.0,ASK
605,1712699250.225535,15671357.2326603,578.0,-0.0,612.0,ASK
606,1712699252.9157298,15674112.35008948,578.6,2.2867883561285935e-07,612.0,BID
607,1712699280.3353806,15674112.35008948,578.6,0.0,612.0,BID
608,1712699310.3349812,15674112.35008948,578.6,0.0,612.0,BID
609,1712699312.5451126,15674297.50984282,578.6,1.536650113436358e-08,612.0,BID
610,1712699337.4047215,15674323.50984282,578.0,-2.157753087719704e-09,612.0,ASK
611,1712699340.2246428,15674323.50984282,578.0,-0.0,612.0,ASK
612,1712699370.234956,15674323.50984282,578.0,-0.0,612.0,ASK
613,1712699375.8144526,15674349.50984282,578.0,-2.157731212125321e-09,612.0,ASK
614,1712699375.8198402,15674383.50984282,578.0,-2.8216485081638822e-09,612.0,ASK
615,1712699400.2941456,15674383.50984282,578.0,-0.0,612.0,ASK
616,1712699430.223818,15674383.50984282,578.0,-0.0,612.0,ASK
617,1712699453.6640973,15674400.76907651,579.4,1.525099383036926e-09,612.0,BID
618,1712699460.323745,15674400.76907651,579.4,0.0,612.0,BID
619,1712699476.5836692,15674426.76907651,578.4,-2.297468684585885e-09,612.0,ASK
620,1712699477.9033897,15674439.76907651,578.1,-1.1487343422929423e-09,612.0,ASK
621,1712699485.553487,15674458.76907651,578.1,-1.6789194233512235e-09,612.0,ASK
622,1712699485.5591953,15674465.76907651,578.1,-6.185492612346614e-10,612.0,ASK
623,1712699489.3434768,15674511.76907651,578.0,-4.064752288113489e-09,612.0,ASK
624,1712699489.348986,15674518.76907651,578.1,-6.185492612346614e-10,612.0,ASK
625,1712699489.3547337,15674637.70607651,578.0,-1.0509770497713186e-08,612.0,ASK
626,1712699490.334145,15674637.70607651,578.0,-0.0,612.0,ASK
627,1712699496.9334278,15674652.95733061,578.1,-1.347648254971392e-09,612.0,ASK
628,1712699496.9390004,15674731.30007651,578.0,-6.922608731538311e-09,612.0,ASK
629,1712699497.6334105,15674737.70611999,578.0,-5.66057929350276e-10,612.0,ASK
630,1712699497.639032,15674805.30007651,578.0,-5.972812265303283e-09,612.0,ASK
631,1712699503.3533516,15674824.89403303,578.0,-1.731382949687736e-09,612.0,ASK
632,1712699503.3572545,15674828.09707651,577.9,-2.8303088567704725e-10,612.0,ASK
633,1712699513.8533392,15674850.89403303,577.9,-2.0144099935255542e-09,612.0,ASK
634,1712699513.8569365,15674852.49507651,577.8,-1.4147318227782168e-10,612.0,ASK
635,1712699520.2231247,15674852.49507651,577.8,-0.0,612.0,ASK
636,1712699528.3032632,15674853.29511999,577.7,-7.069355515334095e-11,612.0,ASK
637,1712699528.308789,15674877.69407651,577.8,-2.1559440462532833e-09,612.0,ASK
638,1712699534.25307,15674887.27005435,577.8,-8.461539079696032e-10,612.0,ASK
639,1712699534.263121,15674895.08207651,577.7,-6.902870068440931e-10,612.0,ASK
640,1712699537.593263,15674908.08207651,577.7,-1.148707838294798e-09,612.0,ASK
641,1712699550.237993,15674908.08207651,577.7,-0.0,612.0,ASK
642,1712699580.323048,15674908.08207651,577.7,-0.0,612.0,ASK
643,1712699587.9428625,15674916.73881876,577.7,-7.649261119674153e-10,612.0,ASK
644,1712699587.9482772,15674921.12675312,577.7,-3.8772617615741447e-10,612.0,ASK
645,1712699587.9525838,15674927.60407651,577.4,-5.723485411428437e-10,612.0,ASK
646,1712699594.242757,15674942.60407651,577.4,-1.325428359756844e-09,612.0,ASK
647,1712699610.3224738,15674942.60407651,577.4,-0.0,612.0,ASK
648,1712699624.2727246,15674947.12675312,577.4,-3.996315519958127e-10,612.0,ASK
649,1712699624.2837102,15674955.12589575,577.4,-7.06818121195975e-10,612.0,ASK
650,1712699631.6928728,15674965.06113121,577.4,-8.778946426912382e-10,612.0,ASK
651,1712699631.6996086,15674991.12589575,577.4,-2.3031278168336803e-09,612.0,ASK
652,1712699640.2124312,15674991.12589575,577.4,-0.0,612.0,ASK
653,1712699645.182379,15675000.32108106,577.4,-8.125005162021423e-10,612.0,ASK
654,1712699645.185133,15675023.12589575,577.4,-2.0150680034853635e-09,612.0,ASK
655,1712699670.2147746,15675023.12589575,577.4,-0.0,612.0,ASK
656,1712699700.2586553,15675023.12589575,577.4,-0.0,612.0,ASK
657,1712699708.082089,15675066.3560531,578.3,4.0413899977108064e-09,612.0,BID
658,1712699730.2430165,15675066.3560531,578.3,0.0,612.0,BID
659,1712699760.2938237,15675066.3560531,578.3,0.0,612.0,BID
660,1712699769.773162,15675078.47138915,577.4,-1.13260479481064e-09,612.0,ASK
661,1712699769.782365,15675125.46891734,577.3,-4.393574025119355e-09,612.0,ASK
662,1712699769.785089,15675146.15691526,577.4,-1.9340219325556486e-09,612.0,ASK
663,1712699769.787679,15675172.15691526,577.3,-2.4306155887983907e-09,612.0,ASK
664,1712699790.2444713,15675172.15691526,577.3,-0.0,612.0,ASK
665,1712699820.3212032,15675172.15691526,577.3,-0.0,612.0,ASK
666,1712699850.331212,15675172.15691526,577.3,-0.0,612.0,ASK
667,1712699864.0510635,15677018.71601793,577.4,-1.726249889017644e-07,612.0,ASK
668,1712699873.1211343,15677484.01622633,577.4,-4.3498441612341097e-08,612.0,ASK
669,1712699873.1316383,15679928.98474698,577.3,-2.285671025270901e-07,612.0,ASK
670,1712699873.1364474,15680230.16280019,577.0,-2.8155534267816162e-08,612.0,ASK
671,1712699873.1410005,15682367.16280019,577.1,-1.99776763575991e-07,612.0,ASK
672,1712699873.1453788,15684200.34336845,577.1,-1.713743008786116e-07,612.0,ASK
673,1712699880.22112,15684200.34336845,577.1,-0.0,612.0,ASK
674,1712699910.2452354,15684200.34336845,577.1,-0.0,612.0,ASK
675,1712699940.3232844,15684200.34336845,577.1,-0.0,612.0,ASK
676,1712699945.481412,15684499.12255355,577.0,-2.791767595654816e-08,612.0,ASK
677,1712699970.359727,15684499.12255355,577.0,-0.0,612.0,ASK
678,1712700000.3052375,15684499.12255355,577.0,-0.0,612.0,ASK
679,1712700030.2599971,15684499.12255355,577.0,-0.0,612.0,ASK
680,1712700060.3203032,15684499.12255355,577.0,-0.0,612.0,ASK
681,1712700062.060361,15684516.40266414,578.7,1.6308076612664634e-09,612.0,BID
682,1712700090.3301208,15684516.40266414,578.7,0.0,612.0,BID
683,1712700120.211499,15684516.40266414,578.7,0.0,612.0,BID
684,1712700149.2966502,15684689.20377006,578.3,1.6308061223715922e-08,612.0,BID
685,1712700150.2135878,15684689.20377006,578.3,0.0,612.0,BID
686,1712700173.4199247,15684862.12612869,578.3,1.6319350510937825e-08,612.0,BID
687,1712700180.3199756,15684862.12612869,578.3,0.0,612.0,BID
688,1712700210.319889,15684862.12612869,578.3,0.0,612.0,BID
689,1712700221.2004287,15685035.16434414,578.3,1.6330130250887582e-08,612.0,BID
690,1712700221.3199213,15686653.40266414,578.3,1.5271795582266386e-07,612.0,BID
691,1712700221.4597912,15688274.43700173,578.3,-1.5298182430567162e-07,612.0,ASK
692,1712700221.6799266,15691392.77232901,578.3,-2.942865651282844e-07,612.0,ASK
693,1712700240.2215338,15691392.77232901,578.3,-0.0,612.0,ASK
694,1712700251.25053,15691418.77232901,577.7,-2.45282298539197e-09,612.0,ASK
695,1712700270.2004304,15691444.77232901,577.7,-2.45282298539197e-09,612.0,ASK
696,1712700270.209453,15691444.77232901,577.7,-0.0,612.0,ASK
697,1712700275.6596022,15691470.77232901,577.5,-2.452819509756932e-09,612.0,ASK
698,1712700300.3195925,15691470.77232901,577.5,-0.0,612.0,ASK
699,1712700312.9898753,15691496.77232901,577.4,-2.471534730207342e-09,612.0,ASK
700,1712700312.9960182,15691522.77232901,577.5,-2.471534730207342e-09,612.0,ASK
701,1712700330.319815,15691522.77232901,577.5,-0.0,612.0,ASK
702,1712700336.949869,15691548.77232901,577.2,-2.4715276755393968e-09,612.0,ASK
703,1712700336.9558835,15691720.77232901,577.2,-1.6350106161260622e-08,612.0,ASK
704,1712700340.159595,15692522.77232901,577.2,-7.623712291471526e-08,612.0,ASK
705,1712700360.2295208,15692522.77232901,577.2,-0.0,612.0,ASK
706,1712700360.8597734,15692522.90954314,577.2,-1.3042688961500099e-11,612.0,ASK
707,1712700360.8659155,15692911.44604831,577.1,-3.6931770764817854e-08,612.0,ASK
708,1712700361.1392589,15692939.44604831,577.1,-2.661499158134451e-09,612.0,ASK
709,1712700373.5596037,15693208.44604831,577.1,-2.556940262636312e-08,612.0,ASK
710,1712700390.2094564,15693208.44604831,577.1,-0.0,612.0,ASK
711,1712700404.18943,15693379.44604831,577.1,-1.625354422985202e-08,612.0,ASK
712,1712700419.7794096,15693577.44604831,577.1,-1.8819893318776024e-08,612.0,ASK
713,1712700420.329472,15693577.44604831,577.1,-0.0,612.0,ASK
714,1712700433.2092495,15693775.44604831,577.1,-1.8819512395268738e-08,612.0,ASK
715,1712700440.3892145,15693935.44604831,577.1,-1.5207686784055547e-08,612.0,ASK
716,1712700450.3392477,15693935.44604831,577.1,-0.0,612.0,ASK
717,1712700480.2092738,15693935.44604831,577.1,-0.0,612.0,ASK
718,1712700510.2291653,15693935.44604831,577.1,-0.0,612.0,ASK
719,1712700540.3289824,15693935.44604831,577.1,-0.0,612.0,ASK
720,1712700570.3387218,15693935.44604831,577.1,-0.0,612.0,ASK
721,1712700600.2343416,15693935.44604831,577.1,-0.0,612.0,ASK
722,1712700607.1291976,15698538.43111652,577.1,-4.404700777145879e-07,612.0,ASK
723,1712700607.136211,15698567.2224875,577.1,-2.7551115689796803e-09,612.0,ASK
724,1712700607.141568,15701198.86923039,577.2,-2.5182824366815857e-07,612.0,ASK
725,1712700607.1469617,15705625.03401985,577.1,-4.23549744329208e-07,612.0,ASK
726,1712700610.7393365,15705721.95315688,577.1,9.274411971053934e-09,612.0,BID
727,1712700630.2088325,15705721.95315688,577.1,0.0,612.0,BID
728,1712700660.3388536,15705721.95315688,577.1,0.0,612.0,BID
729,1712700661.5221334,15705781.84973662,577.0,-5.727911090341442e-09,612.0,ASK
730,1712700661.5254626,15706063.95315688,577.0,-2.6977555588750842e-08,612.0,ASK
731,1712700661.5290213,15706164.91099655,577.0,-9.654600179444784e-09,612.0,ASK
732,1712700661.5317466,15706419.95315688,577.0,-2.438968677306064e-08,612.0,ASK
733,1712700661.548887,15706420.71855185,577.0,-7.319473600296826e-11,612.0,ASK
734,1712700661.5699513,15706446.71855185,576.9,-2.486380507767249e-09,612.0,ASK
735,1712700661.848795,15706472.71855185,576.7,-2.486380507767249e-09,612.0,ASK
736,1712700661.8520718,15706498.71855185,576.5,-2.486380507767249e-09,612.0,ASK
737,1712700661.8556125,15706524.71855185,576.3,-2.486380507767249e-09,612.0,ASK
738,1712700661.8593848,15706550.71855185,576.1,-2.486380507767249e-09,612.0,ASK
739,1712700661.8628943,15706735.95315688,576.0,-1.7713988896485823e-08,612.0,ASK
740,1712700662.300294,15707039.95315688,576.0,-2.9071525936970923e-08,612.0,ASK
741,1712700662.6387167,15707076.95315688,576.0,-3.5383107225918553e-09,612.0,ASK
742,1712700690.3286283,15707076.95315688,576.0,-0.0,612.0,ASK
743,1712700720.228646,15707076.95315688,576.0,-0.0,612.0,ASK
744,1712700744.8400812,15707105.95315688,576.0,-2.773063389801213e-09,612.0,ASK
745,1712700745.8642087,15707963.14245404,576.8,8.196690545117932e-08,612.0,BID
746,1712700750.2184691,15707963.14245404,576.8,0.0,612.0,BID
747,1712700780.3285491,15707963.14245404,576.8,0.0,612.0,BID
748,1712700810.338573,15707963.14245404,576.8,0.0,612.0,BID
749,1712700840.238559,15707963.14245404,576.8,0.0,612.0,BID
750,1712700841.8585668,15707989.14245404,576.0,-2.4860732544618793e-09,612.0,ASK
751,1712700850.9885075,15708015.14245404,576.0,2.4860732544618793e-09,612.0,BID
752,1712700859.3985455,15708041.14245404,576.0,2.4860732544618793e-09,612.0,BID
753,1712700866.6386323,15708067.14245404,576.0,2.4860732544618793e-09,612.0,BID
754,1712700870.2129436,15708067.14245404,576.0,0.0,612.0,BID
755,1712700882.6585853,15708093.14245404,576.0,2.486059014532682e-09,612.0,BID
756,1712700900.2489638,15708093.14245404,576.0,0.0,612.0,BID
757,1712700905.5385616,15708113.14245404,575.9,-1.922808803723989e-09,612.0,ASK
758,1712700912.5190413,15708119.14245404,575.9,-5.768426411171967e-10,612.0,ASK
759,1712700912.52767,15708133.14245404,575.9,-1.345966162606792e-09,612.0,ASK
760,1712700916.4488983,15708284.24210681,576.0,1.4526787129376861e-08,612.0,BID
761,1712700930.2094371,15708284.24210681,576.0,0.0,612.0,BID
762,1712700940.8598807,15708869.99404905,576.0,5.6313853646857343e-08,612.0,BID
763,1712700942.5191224,15708889.99404905,576.0,-1.9227884565447176e-09,612.0,ASK
764,1712700957.0811808,15708911.99404905,576.0,-2.115067302199189e-09,612.0,ASK
765,1712700960.318844,15708911.99404905,576.0,-0.0,612.0,ASK
766,1712700964.0189798,15708964.0683417,576.1,5.00621841045937e-09,612.0,BID
767,1712700964.038936,15709162.0683417,576.0,-1.9034944015940657e-08,612.0,ASK
768,1712700967.249138,15709695.45800921,576.0,-5.12779922207948e-08,612.0,ASK
769,1712700967.3505046,15711502.63857747,575.9,-1.7373525729063298e-07,612.0,ASK
770,1712700970.9796154,15711659.31874892,575.9,-1.5062617636033838e-08,612.0,ASK
771,1712700970.986001,15711725.63857747,575.9,-6.375728402121549e-09,612.0,ASK
772,1712700987.339234,15711744.63857747,575.9,-1.8265855368831942e-09,612.0,ASK
773,1712700990.3291209,15711744.63857747,575.9,-0.0,612.0,ASK
774,1712700994.3596437,15711771.63857747,575.9,-2.5952671507461556e-09,612.0,ASK
775,1712701007.189357,15711788.9696,576.0,1.6658753132658326e-09,612.0,BID
776,1712701007.389768,15711834.9696,575.9,-4.421566256826783e-09,612.0,ASK
777,1712701014.3491087,15711881.9696,575.9,-4.517687262409975e-09,612.0,ASK
778,1712701019.7895072,15712323.14382431,575.9,-4.240611007802523e-08,612.0,ASK
779,1712701020.2291749,15712323.14382431,575.9,-0.0,612.0,ASK
780,1712701021.4010985,15712399.14382431,575.9,-7.304962490543918e-09,612.0,ASK
781,1712701023.4402933,15715698.21053231,576.1,3.170994546808547e-07,612.0,BID
782,1712701023.4595523,15720441.16060133,576.1,4.558825309042666e-07,612.0,BID
783,1712701023.4658494,15721253.58205833,576.1,7.808826670901307e-08,612.0,BID
784,1712701037.8492515,15721874.44160443,576.1,5.967573284423536e-08,612.0,BID
785,1712701037.9092853,15722977.48283443,576.1,1.0602203698259849e-07,612.0,BID
786,1712701050.211015,15722977.48283443,576.1,0.0,612.0,BID
787,1712701057.6993685,15723845.38771206,576.1,-8.337203136505e-08,612.0,ASK
788,1712701080.3595357,15723845.38771206,576.1,-0.0,612.0,ASK
789,1712701089.453579,15723862.74580961,577.3,1.667360542634811e-09,612.0,BID
790,1712701110.3433032,15723862.74580961,577.3,0.0,612.0,BID
791,1712701140.2434738,15723862.74580961,577.3,0.0,612.0,BID
792,1712701155.3811376,15723927.74580961,577.3,-6.2436756470918335e-09,612.0,ASK
793,1712701155.4603558,15724491.90620787,577.3,-5.419130061045718e-08,612.0,ASK
794,1712701155.4666722,15725594.94743787,577.3,-1.0595433331509325e-07,612.0,ASK
795,1712701170.2195618,15725594.94743787,577.3,-0.0,612.0,ASK
796,1712701200.2497697,15725594.94743787,577.3,-0.0,612.0,ASK
797,1712701230.219955,15725594.94743787,577.3,-0.0,612.0,ASK
798,1712701260.3351696,15725594.94743787,577.3,-0.0,612.0,ASK
799,1712701271.1000564,15726466.16730891,577.3,8.403392097320558e-08,612.0,BID
800,1712701290.3401814,15726466.16730891,577.3,0.0,612.0,BID
801,1712701320.220888,15726466.16730891,577.3,0.0,612.0,BID
802,1712701350.2099676,15726466.16730891,577.3,0.0,612.0,BID
803,1712701380.3603823,15726466.16730891,577.3,0.0,612.0,BID
804,1712701410.3400726,15726466.16730891,577.3,0.0,612.0,BID
805,1712701440.23528,15726466.16730891,577.3,0.0,612.0,BID
806,1712701470.2204657,15726466.16730891,577.3,0.0,612.0,BID
807,1712701500.3304307,15726466.16730891,577.3,0.0,612.0,BID
808,1712701530.3305192,15726466.16730891,577.3,0.0,612.0,BID
809,1712701560.2208147,15726466.16730891,577.3,0.0,612.0,BID
810,1712701569.2708209,15726466.95097409,577.3,-7.594258639327823e-11,612.0,ASK
811,1712701569.2774284,15726570.88307178,577.3,-1.0071740466755632e-08,612.0,ASK
812,1712701590.220575,15726570.88307178,577.3,-0.0,612.0,ASK
813,1712701620.3205848,15726570.88307178,577.3,-0.0,612.0,ASK
814,1712701650.3306818,15726570.88307178,577.3,-0.0,612.0,ASK
815,1712701680.230501,15726570.88307178,577.3,-0.0,612.0,ASK
816,1712701694.3210452,15728707.88307178,578.9,2.070888952253108e-07,612.0,BID
817,1712701694.327879,15729288.43636467,578.6,5.625930746084695e-08,612.0,BID
818,1712701694.3334966,15730880.04043547,579.0,1.542365599711493e-07,612.0,BID
819,1712701694.3364782,15733017.04043547,578.6,2.070888952253108e-07,612.0,BID
820,1712701694.3396575,15735657.04043547,578.9,2.5583279522453e-07,612.0,BID
821,1712701694.3426538,15737383.55977249,579.2,1.6731070757528813e-07,612.0,BID
822,1712701694.3457315,15748045.21828032,579.2,1.0331825370406895e-06,612.0,BID
823,1712701710.2223334,15748045.21828032,579.2,0.0,612.0,BID
824,1712701740.3305588,15748045.21828032,579.2,0.0,612.0,BID
825,1712701750.0107172,15756895.20626975,579.0,8.565879606653822e-07,612.0,BID
826,1712701764.9605536,15757067.91784075,579.0,-1.671670657218083e-08,612.0,ASK
827,1712701765.0005789,15757067.91784142,579.0,-6.472228762462674e-17,612.0,ASK
828,1712701770.3406646,15757067.91784142,579.0,-0.0,612.0,ASK
829,1712701800.3005905,15757067.91784142,579.0,-0.0,612.0,ASK
830,1712701830.2207558,15757067.91784142,579.0,-0.0,612.0,ASK
831,1712701860.3808346,15757067.91784142,579.0,-0.0,612.0,ASK
832,1712701879.425565,15758812.30471559,579.0,1.693677276977899e-07,612.0,BID
833,1712701879.540771,15764208.10077159,579.0,-5.238939427123987e-07,612.0,ASK
834,1712701879.547727,15764208.1007724,579.0,-7.866965280473224e-17,612.0,ASK
835,1712701890.3221085,15764208.1007724,579.0,-0.0,612.0,ASK
836,1712701920.2306497,15764208.1007724,579.0,-0.0,612.0,ASK
837,1712701950.2204783,15764208.1007724,579.0,-0.0,612.0,ASK
838,1712701980.2107675,15764208.1007724,579.0,-0.0,612.0,ASK
839,1712702010.2108335,15764208.1007724,579.0,-0.0,612.0,ASK
840,1712702040.320599,15764208.1007724,579.0,-0.0,612.0,ASK
841,1712702042.911819,15764219.9951524,579.1,1.1543974794235711e-09,612.0,BID
842,1712702042.9178736,15764285.79619615,579.2,6.386256285614691e-09,612.0,BID
843,1712702070.340614,15764285.79619615,579.2,0.0,612.0,BID
844,1712702100.2405748,15764285.79619615,579.2,0.0,612.0,BID
845,1712702103.7205908,15764301.59157714,579.0,1.538829591584762e-09,612.0,BID
846,1712702105.820644,15766271.97927014,579.0,-1.9196060485139615e-07,612.0,ASK
847,1712702130.22077,15766271.97927014,579.0,-0.0,612.0,ASK
848,1712702160.3604732,15766271.97927014,579.0,-0.0,612.0,ASK
849,1712702190.3306718,15766271.97927014,579.0,-0.0,612.0,ASK
850,1712702220.070789,15766282.99753326,578.3,-1.0733093402906051e-09,612.0,ASK
851,1712702220.0813208,15770939.99753326,578.1,-4.536469626113549e-07,612.0,ASK
852,1712702220.0874822,15770997.02474323,578.0,-5.555125743771643e-09,612.0,ASK
853,1712702220.092909,15771048.83821473,579.0,-5.047245859800962e-09,612.0,ASK
854,1712702220.2306676,15771048.83821473,579.0,-0.0,612.0,ASK
1055,1712702229.6312518,15771653.32871473,579.0,-5.886869884271641e-08,612.0,ASK
855,1712702229.6312518,15771653.32871473,579.0,-5.8868698842716413e-08,612.0,ASK
856,1712702229.7104952,15771653.32871559,579.0,-8.38044457432486e-17,612.0,ASK
857,1712702250.2205584,15771653.32871559,579.0,-0.0,612.0,ASK
858,1712702280.3305736,15771653.32871559,579.0,-0.0,612.0,ASK
859,1712702303.3606846,15771713.32871559,579.2,5.842939702735512e-09,612.0,BID
860,1712702310.330619,15771713.32871559,579.2,0.0,612.0,BID
861,1712702340.2327237,15771713.32871559,579.2,0.0,612.0,BID
862,1712702351.1408646,15773439.8480526,579.2,1.681319040320897e-07,612.0,BID
863,1712702370.2313445,15773439.8480526,579.2,0.0,612.0,BID
864,1712702400.2506268,15773439.8480526,579.2,0.0,612.0,BID
865,1712702430.220975,15773439.8480526,579.2,0.0,612.0,BID
866,1712702460.3305466,15773439.8480526,579.2,0.0,612.0,BID
867,1712702460.6020803,15773465.74584265,579.2,2.53018307577937e-09,612.0,BID
868,1712702460.68316,15773491.6436327,579.2,2.53018307577937e-09,612.0,BID
869,1712702478.2406173,15775349.2247791,579.2,1.81483453584494e-07,612.0,BID
870,1712702481.4504092,15775366.48997247,579.2,1.6867887176108623e-09,612.0,BID
871,1712702490.320603,15775366.48997247,579.2,0.0,612.0,BID
872,1712702490.784053,15775383.75516584,579.2,1.686604838425532e-09,612.0,BID
873,1712702496.891244,15775435.55074595,579.2,5.059814515458557e-09,612.0,BID
874,1712702500.5408654,15777058.47892274,579.2,1.5854085482000629e-07,612.0,BID
875,1712702512.7235956,15777260.55247246,579.2,1.974019169006205e-08,612.0,BID
876,1712702516.790866,15777277.81766583,579.2,1.686604838607491e-09,612.0,BID
877,1712702520.2305655,15777277.81766583,579.2,0.0,612.0,BID
878,1712702550.2205772,15777277.81766583,579.2,0.0,612.0,BID
879,1712702580.3310454,15777277.81766583,579.2,0.0,612.0,BID
880,1712702610.3305342,15777277.81766583,579.2,0.0,612.0,BID
881,1712702633.9406612,15777645.58489083,579.1,3.5922615823381455e-08,612.0,BID
882,1712702640.2004385,15777645.58489083,579.1,0.0,612.0,BID
883,1712702670.2514606,15777645.58489083,579.1,0.0,612.0,BID
884,1712702700.260885,15777645.58489083,579.1,0.0,612.0,BID
885,1712702730.230526,15777645.58489083,579.1,0.0,612.0,BID
886,1712702760.3305664,15777645.58489083,579.1,0.0,612.0,BID
887,1712702790.3313591,15777645.58489083,579.1,0.0,612.0,BID
888,1712702820.2109778,15777645.58489083,579.1,0.0,612.0,BID
889,1712702842.621176,15777782.69023592,578.1,-1.3416535305134869e-08,612.0,ASK
890,1712702842.6285589,15778199.16882475,578.0,-4.075479104900644e-08,612.0,ASK
891,1712702842.634488,15780336.16882475,577.9,-2.091175652420745e-07,612.0,ASK
892,1712702842.637638,15780669.35185687,577.8,-3.260384859936004e-08,612.0,ASK
893,1712702850.210702,15780669.35185687,577.8,-0.0,612.0,ASK
894,1712702874.790625,15780681.35185754,579.0,1.1740673313314607e-09,612.0,BID
895,1712702874.810561,15780842.99311403,579.0,1.5814809005494003e-08,612.0,BID
896,1712702880.3407075,15780842.99311403,579.0,0.0,612.0,BID
897,1712702910.3314884,15780842.99311403,579.0,0.0,612.0,BID
898,1712702929.052024,15780941.99311403,579.1,9.685959667219924e-09,612.0,BID
899,1712702933.2318895,15782025.22588903,579.1,1.0598130271584849e-07,612.0,BID
900,1712702933.2385173,15782803.80612049,579.1,7.617471433954025e-08,612.0,BID
901,1712702935.476016,15783317.80612049,579.1,5.028871988839434e-08,612.0,BID
902,1712702936.421674,15784189.80612049,579.1,8.531471545268456e-08,612.0,BID
903,1712702939.2918024,15785312.80612049,579.1,1.0987204753826236e-07,612.0,BID
904,1712702940.2520888,15785312.80612049,579.1,0.0,612.0,BID
905,1712702970.250753,15785312.80612049,579.1,0.0,612.0,BID
906,1712703000.3538342,15785312.80612049,579.1,0.0,612.0,BID
907,1712703017.7033725,15785403.80612049,579.1,8.94873667238344e-09,612.0,BID
908,1712703017.723147,15786983.80612049,579.1,1.5537366969632788e-07,612.0,BID
909,1712703017.7432945,15787343.80612049,579.1,3.5401595627011416e-08,612.0,BID
910,1712703017.7487853,15792893.81229349,579.1,5.457752062887609e-07,612.0,BID
911,1712703017.8634112,15793281.81611781,579.1,3.815542913972128e-08,612.0,BID
912,1712703017.868912,15799940.05893049,579.1,6.547567212248759e-07,612.0,BID
913,1712703017.8835175,15800031.05893055,579.1,8.948736678244827e-09,612.0,BID
914,1712703030.236809,15800031.05893055,579.1,0.0,612.0,BID
915,1712703034.3238394,15800089.68465912,579.2,5.760295071221223e-09,612.0,BID
916,1712703046.2238286,15808722.2813442,579.2,8.481993375586962e-07,612.0,BID
917,1712703060.3143778,15808722.2813442,579.2,0.0,612.0,BID
918,1712703069.1205058,15809470.2813442,579.2,7.345871395891693e-08,612.0,BID
919,1712703090.334705,15809470.2813442,579.2,0.0,612.0,BID
920,1712703100.831572,15809479.48208414,579.2,9.035371231351027e-10,612.0,BID
921,1712703100.837403,15810264.94074378,579.2,7.71341285866004e-08,612.0,BID
922,1712703120.2249234,15810264.94074378,579.2,0.0,612.0,BID
923,1712703122.3253937,15810294.94074378,579.1,-2.9459466025368747e-09,612.0,ASK
924,1712703122.33315,15811228.05230291,578.6,-9.162989424692166e-08,612.0,ASK
925,1712703122.3387942,15811258.05230291,579.0,-2.9459466025368747e-09,612.0,ASK
926,1712703132.3052964,15811905.49908321,579.0,-6.357812142491797e-08,612.0,ASK
927,1712703132.3119235,15812502.04245069,578.1,-5.8579496889871444e-08,612.0,ASK
928,1712703150.2153766,15812502.04245069,578.1,-0.0,612.0,ASK
929,1712703159.6226425,15812537.21164958,579.2,3.4531138236695597e-09,612.0,BID
930,1712703179.4658632,15812648.19034531,579.2,1.0896525381872189e-08,612.0,BID
931,1712703180.3257265,15812648.19034531,579.2,0.0,612.0,BID
932,1712703210.3466885,15812648.19034531,579.2,0.0,612.0,BID
933,1712703215.1264336,15812656.99559392,579.2,8.64542666621637e-10,612.0,BID
934,1712703234.7566814,15812665.89268476,579.1,-8.73560188861725e-10,612.0,ASK
935,1712703239.8172224,15812803.89268476,579.2,1.354951952738056e-08,612.0,BID
1135,1712703239.8172224,15812803.89268476,579.2,1.3549519527380561e-08,612.0,BID
936,1712703240.2268777,15812803.89268476,579.2,0.0,612.0,BID
937,1712703270.236945,15812803.89268476,579.2,0.0,612.0,BID
938,1712703271.8071709,15813331.89268476,579.2,5.1841180902928174e-08,612.0,BID
939,1712703300.3173535,15813331.89268476,579.2,0.0,612.0,BID
940,1712703330.3376489,15813331.89268476,579.2,0.0,612.0,BID
941,1712703340.60788,15813332.48088189,579.2,5.790164211203424e-11,612.0,BID
942,1712703360.2279186,15813332.48088189,579.2,0.0,612.0,BID
943,1712703374.668132,15813663.48088189,579.3,3.2583366860712925e-08,612.0,BID
944,1712703390.2282355,15813663.48088189,579.3,0.0,612.0,BID
945,1712703394.448599,15815058.70218347,579.3,1.373418411969409e-07,612.0,BID
946,1712703410.3089545,15815082.70218347,579.8,2.362495601948018e-09,612.0,BID
947,1712703410.3165095,15815782.70218347,579.8,6.890612172348387e-08,612.0,BID
948,1712703410.3238711,15815791.57174868,580.0,8.73096199930701e-10,612.0,BID
949,1712703410.3278944,15816558.71954959,579.8,7.551597107070197e-08,612.0,BID
950,1712703410.3312674,15816937.18503317,579.9,3.725512668526548e-08,612.0,BID
951,1712703410.3683977,15817095.8008755,580.0,-1.5613717912597578e-08,612.0,ASK
952,1712703417.2490032,15817830.096552,579.3,-7.228209609415678e-08,612.0,ASK
953,1712703417.255944,15817838.22727752,579.2,-8.00366803375521e-10,612.0,ASK
1154,1712703417.2617817,15818036.30319818,579.1,-1.949806214213208e-08,612.0,ASK
954,1712703417.2617817,15818036.30319818,579.1,-1.9498062142132082e-08,612.0,ASK
955,1712703417.2666855,15818758.75624341,579.0,-7.111633924877815e-08,612.0,ASK
956,1712703420.218607,15818758.75624341,579.0,-0.0,612.0,ASK
957,1712703429.079071,15818862.6883411,579.0,-1.0227824218937128e-08,612.0,ASK
958,1712703450.2193513,15818862.6883411,579.0,-0.0,612.0,ASK
959,1712703480.319273,15818862.6883411,579.0,-0.0,612.0,ASK
960,1712703510.3393252,15818862.6883411,579.0,-0.0,612.0,ASK
961,1712703514.259368,15820196.31058866,578.2,1.3123927497808386e-07,612.0,BID
962,1712703514.2692146,15820899.78703313,578.2,6.922780322935638e-08,612.0,BID
963,1712703514.7097309,15822584.78703313,579.0,1.658177034333934e-07,612.0,BID
964,1712703515.9695828,15823609.78703313,579.0,1.0086833591645592e-07,612.0,BID
965,1712703515.976684,15824250.8487354,579.1,6.308568500268444e-08,612.0,BID
966,1712703516.0752912,15824584.7870324,579.1,-3.2862244211847094e-08,612.0,ASK
967,1712703516.089424,15824584.78703313,579.1,-7.18533768872857e-17,612.0,ASK
968,1712703526.929543,15824678.03158518,578.2,-9.176022242475371e-09,612.0,ASK
969,1712703526.936206,15824680.00780907,578.1,-1.9447650277476287e-10,612.0,ASK
970,1712703540.2496352,15824680.00780907,578.1,-0.0,612.0,ASK
971,1712703570.220117,15824680.00780907,578.1,-0.0,612.0,ASK
972,1712703600.3637073,15824680.00780907,578.1,-0.0,612.0,ASK
973,1712703630.250389,15824680.00780907,578.1,-0.0,612.0,ASK
974,1712703660.3225913,15824680.00780907,578.1,-0.0,612.0,ASK
975,1712703690.343305,15824680.00780907,578.1,-0.0,612.0,ASK
976,1712703709.247161,15825187.55055461,579.0,5.000790420912544e-08,612.0,BID
977,1712703709.2549388,15825280.79510666,579.4,9.187333811594708e-09,612.0,BID
978,1712703709.2586884,15827810.79510666,579.6,2.492794917490088e-07,612.0,BID
979,1712703709.2621546,15831246.05796113,579.0,3.384745369116663e-07,612.0,BID
980,1712703709.265599,15833383.05796113,579.3,2.105574205010402e-07,612.0,BID
981,1712703709.2690923,15868296.18584872,579.0,3.4399710573859853e-06,612.0,BID
982,1712703709.2727232,15870433.18584872,579.7,2.105574205010402e-07,612.0,BID
983,1712703709.276192,15991044.00808173,579.9,1.1883717180108616e-05,612.0,BID
984,1712703720.230965,15991044.00808173,579.9,0.0,612.0,BID
985,1712703731.6412315,15991084.80101914,580.0,3.981473914416612e-09,612.0,BID
986,1712703731.649079,15991106.83240376,580.0,2.150308086090857e-09,612.0,BID
987,1712703731.653679,15991108.63783581,580.0,1.7621385137016047e-10,612.0,BID
988,1712703750.231573,15991108.63783581,580.0,0.0,612.0,BID
989,1712703780.341291,15991108.63783581,580.0,0.0,612.0,BID
990,1712703810.3412971,15991108.63783581,580.0,0.0,612.0,BID
991,1712703840.2213087,15991108.63783581,580.0,0.0,612.0,BID
992,1712703870.2316346,15991108.63783581,580.0,0.0,612.0,BID
993,1712703900.352307,15991108.63783581,580.0,0.0,612.0,BID
994,1712703930.342119,15991108.63783581,580.0,0.0,612.0,BID
995,1712703960.2338686,15991108.63783581,580.0,0.0,612.0,BID
996,1712703968.8824344,15991281.05162891,580.0,1.687950879751475e-08,612.0,BID
997,1712703972.73948,15991453.46542201,580.0,1.687950879751475e-08,612.0,BID
998,1712703990.220347,15991453.46542201,580.0,0.0,612.0,BID
999,1712704020.3228576,15991453.46542201,580.0,0.0,612.0,BID
1000,1712704046.1126812,15991776.42985571,578.5,-3.1617970713020466e-08,612.0,ASK
1201,1712704050.3350964,15991776.42985571,578.5,-0.0,612.0,ASK
1202,1712704080.2326896,15991776.42985571,578.5,-0.0,612.0,ASK
1203,1712704110.2426934,15991776.42985571,578.5,-0.0,612.0,ASK
1204,1712704140.2628596,15991776.42985571,578.5,-0.0,612.0,ASK
1205,1712704164.106094,15993607.63420008,579.0,1.7927022383295053e-07,612.0,BID
1206,1712704166.433297,15993616.2729978,578.9,-8.457162117565519e-10,612.0,ASK
1207,1712704170.222839,15993616.2729978,578.9,-0.0,612.0,ASK
1208,1712704191.4430604,15993624.91179552,578.9,8.45628023526702e-10,612.0,BID
1209,1712704192.9233546,15993633.55208578,578.8,-8.45774124266242e-10,612.0,ASK
1210,1712704200.2628696,15993633.55208578,578.8,-0.0,612.0,ASK
1211,1712704218.314044,15993911.70023923,578.8,2.737002452168964e-08,612.0,BID
1212,1712704218.453202,15994519.96098912,578.8,-5.985339623342238e-08,612.0,ASK
1213,1712704218.455963,15995136.86352112,578.8,-6.070375524297543e-08,612.0,ASK
1214,1712704218.4937594,15995753.76605312,578.8,-6.070375524297543e-08,612.0,ASK
1215,1712704218.552952,15996427.39471515,578.8,-6.628565665310855e-08,612.0,ASK
1216,1712704218.5730104,15998414.2641005,578.8,-1.9550970633387829e-07,612.0,ASK
1217,1712704220.9832692,15998517.89104351,579.0,1.0196982924859576e-08,612.0,BID
1218,1712704222.8132017,15998745.21704351,578.8,-2.236907963335648e-08,612.0,ASK
1219,1712704222.9152472,15998963.90151196,578.8,-2.1518745279243642e-08,612.0,ASK
1220,1712704230.243191,15998963.90151196,578.8,-0.0,612.0,ASK
1221,1712704232.4633625,15998972.54180222,578.8,-8.499541733756079e-10,612.0,ASK
1222,1712704232.4661703,15998981.1850791,578.6,-8.502479701600301e-10,612.0,ASK
1223,1712704232.4691448,15998989.82686241,578.7,-8.50101046207191e-10,612.0,ASK
1224,1712704232.8033123,15999007.11294711,578.5,-1.700449798531781e-09,612.0,ASK
1225,1712704232.806086,16006163.24161541,578.3,-7.03955682457987e-07,612.0,ASK
1226,1712704232.8631618,16007654.63975444,578.3,-1.4671035743499877e-07,612.0,ASK
1227,1712704232.8653212,16007751.81236477,578.1,-9.558968877084829e-09,612.0,ASK
1228,1712704234.7733722,16008065.81236477,578.1,-3.088850054792173e-08,612.0,ASK
1229,1712704242.383369,16008315.96817487,578.2,-2.4608082411820723e-08,612.0,ASK
1230,1712704260.342069,16008315.96817487,578.2,-0.0,612.0,ASK
1231,1712704270.301963,16009115.66467711,578.2,-7.862513187752858e-08,612.0,ASK
1232,1712704275.6333125,16009914.97959881,578.2,-7.858761536955278e-08,612.0,ASK
1233,1712704286.8133616,16011323.88223581,578.2,-1.3852149575035641e-07,612.0,ASK
1234,1712704290.3334546,16011323.88223581,578.2,-0.0,612.0,ASK
1235,1712704301.9641595,16012323.88223581,578.0,-9.830190524308717e-08,612.0,ASK
1236,1712704301.9671197,16012777.61189152,578.1,-4.4602489621496255e-08,612.0,ASK
1237,1712704301.9698694,16012827.61189152,578.0,-4.915095262154358e-09,612.0,ASK
1238,1712704301.9725828,16012840.56939245,577.8,-1.273747028694141e-09,612.0,ASK
1239,1712704301.9753811,16012849.22313877,577.9,-8.506797507399371e-10,612.0,ASK
1240,1712704301.977955,16013390.70566271,577.7,-5.322876375918706e-08,612.0,ASK
1241,1712704301.9793332,16013390.70566368,578.2,-9.52128148198227e-17,612.0,ASK
1242,1712704301.980541,16013399.36240593,577.7,-8.50974256427081e-10,612.0,ASK
1243,1712704320.2233028,16013399.36240593,577.7,-0.0,612.0,ASK
1244,1712704350.2466283,16013399.36240593,577.7,-0.0,612.0,ASK
1245,1712704368.0536776,16013973.36240593,577.8,-5.6418641086197215e-08,612.0,ASK
1246,1712704380.3436718,16013973.36240593,577.8,-0.0,612.0,ASK
1247,1712704386.7282794,16022142.17000628,577.8,-8.028885030294914e-07,612.0,ASK
1248,1712704386.729706,16031342.62857138,577.8,-9.042864963792122e-07,612.0,ASK
1249,1712704386.773634,16032593.13648557,577.8,1.2290881073105344e-07,612.0,BID
1250,1712704388.0838046,16032601.79472657,577.6,-8.50993498130752e-10,612.0,ASK
1251,1712704404.6044302,16032701.79472657,577.5,-9.82871114500221e-09,612.0,ASK
1252,1712704404.6068249,16032712.17894256,577.5,-1.0206345943382352e-09,612.0,ASK
1253,1712704404.609136,16032941.04974593,577.4,-2.2495050158588632e-08,612.0,ASK
1254,1712704404.611457,16032971.04974593,577.2,-2.9486133435006633e-09,612.0,ASK
1255,1712704404.6137605,16033980.48621363,577.0,-9.921459460251772e-08,612.0,ASK
1256,1712704404.6150763,16033989.15045479,577.2,-8.51583236457406e-10,612.0,ASK
1257,1712704404.6902232,16036498.30003846,577.0,2.46617064775072e-07,612.0,BID
1258,1712704404.7636533,16037080.97269253,577.0,5.726921208945435e-08,612.0,BID
1259,1712704410.353826,16037080.97269253,577.0,0.0,612.0,BID
1260,1712704440.2443185,16037080.97269253,577.0,0.0,612.0,BID
1261,1712704470.224192,16037080.97269253,577.0,0.0,612.0,BID
1262,1712704482.1140244,16037089.64143928,576.9,-8.50909726170489e-10,612.0,ASK
1263,1712704482.1841648,16037225.04894903,576.9,1.3291375371727432e-08,612.0,BID
1264,1712704486.264012,16037311.54083635,576.9,-8.489899438381266e-09,612.0,ASK
1265,1712704490.6943502,16037328.85453651,577.0,1.699483937970198e-09,612.0,BID
1266,1712704500.263986,16037328.85453651,577.0,0.0,612.0,BID
1267,1712704502.397424,16038448.13796906,576.9,-1.1131882420544937e-07,612.0,ASK
1268,1712704507.134089,16038474.13796906,576.7,-2.5858413920644782e-09,612.0,ASK
1269,1712704529.8170545,16038525.63632809,577.0,5.121791861671644e-09,612.0,BID
1270,1712704529.8185182,16038647.44819436,577.0,1.2114852532560268e-08,612.0,BID
1271,1712704530.2341104,16038647.44819436,577.0,0.0,612.0,BID
1272,1712704545.4241345,16038656.12145138,576.6,-8.62537320438566e-10,612.0,ASK
1273,1712704545.4341404,16047347.44819436,576.4,-8.643343167628631e-07,612.0,ASK
1274,1712704560.3441882,16047347.44819436,576.4,-0.0,612.0,ASK
1275,1712704590.351577,16047347.44819436,576.4,-0.0,612.0,ASK
1276,1712704620.2344737,16047347.44819436,576.4,-0.0,612.0,ASK
1277,1712704639.6749132,16047356.12596635,576.3,-8.625561683266862e-10,612.0,ASK
1278,1712704639.6780348,16047385.44819436,576.3,-2.914580916744817e-09,612.0,ASK
1279,1712704639.6949952,16047485.44819436,576.2,-9.939834434398691e-09,612.0,ASK
1280,1712704639.697322,16047486.12596635,576.3,-6.736941357479117e-11,612.0,ASK
1281,1712704639.704687,16047494.80524438,576.2,-8.62705866381699e-10,612.0,ASK
1282,1712704639.7070675,16050904.98082822,576.2,-3.389658069559271e-07,612.0,ASK
1283,1712704640.6443791,16050930.98082822,576.0,-2.58435695294366e-09,612.0,ASK
1284,1712704640.6475406,16050942.98082822,576.0,-1.1927801321278432e-09,612.0,ASK
1285,1712704650.2580564,16050942.98082822,576.0,-0.0,612.0,ASK
1286,1712704650.9143202,16051016.98082822,576.0,-7.353963096441703e-09,612.0,ASK
1287,1712704662.6546147,16051017.78638377,576.0,-8.005440256269781e-11,612.0,ASK
1288,1712704662.657126,16051075.98082822,575.9,-5.783240498654335e-09,612.0,ASK
1289,1712704663.626435,16051076.47018304,575.9,-4.8631044330115245e-11,612.0,ASK
1290,1712704663.6296518,16051078.98082822,575.7,-2.495025947148187e-10,612.0,ASK
1291,1712704663.6318562,16051108.98082822,575.8,-2.981336390449339e-09,612.0,ASK
1292,1712704663.633259,16051134.98082822,575.7,-2.5838248717227606e-09,612.0,ASK
1293,1712704680.3345995,16051134.98082822,575.7,-0.0,612.0,ASK
1294,1712704681.4848125,16051181.98082822,575.7,-4.670709021562997e-09,612.0,ASK
1295,1712704682.4247837,16051207.4914734,575.5,-2.535165969868343e-09,612.0,ASK
1296,1712704682.4281232,16051207.98082822,575.7,-4.863051014523001e-11,612.0,ASK
1297,1712704690.934685,16051208.47018304,575.5,-4.863050996012632e-11,612.0,ASK
1298,1712704691.589028,16051234.47018304,575.3,-2.583796480013573e-09,612.0,ASK
1299,1712704691.5905485,16051264.47018304,575.3,-2.981303630784892e-09,612.0,ASK
1300,1712704710.3546133,16051264.47018304,575.3,-0.0,612.0,ASK
1301,1712704740.2046032,16051264.47018304,575.3,-0.0,612.0,ASK
1302,1712704741.4359434,16052695.56456804,576.0,1.4221650968225828e-07,612.0,BID
1303,1712704741.4400437,16054515.95569104,576.0,1.809032824687592e-07,612.0,BID
1304,1712704750.8059134,16057996.63790475,575.2,-3.4589645584167054e-07,612.0,ASK
1305,1712704750.8091989,16060133.63790475,575.1,-2.12366622618397e-07,612.0,ASK
1306,1712704750.812403,16060159.63790475,574.8,-2.583777345848536e-09,612.0,ASK
1307,1712704750.8156495,16060185.63790475,575.0,-2.583777345848536e-09,612.0,ASK
1308,1712704750.8171198,16060659.29007864,575.0,-4.706968295032227e-08,612.0,ASK
1309,1712704750.8185678,16065659.29007864,574.5,-4.968802588170261e-07,612.0,ASK
1310,1712704750.8200457,16066329.04230804,575.0,-6.655733221750839e-08,612.0,ASK
1311,1712704750.8215022,16066379.04230804,574.8,-4.968802588170261e-09,612.0,ASK
1312,1712704750.8229997,16066431.24345646,574.7,-5.187544027551991e-09,612.0,ASK
1313,1712704750.8244677,16067590.10155383,574.8,-1.1516274227056826e-07,612.0,ASK
1314,1712704750.8261445,16119854.90991619,574.0,-5.193870301222445e-06,612.0,ASK
1315,1712704750.8276548,16120943.964029,574.2,-1.0822589788763457e-07,612.0,ASK
1316,1712704750.8291411,16123080.964029,574.3,-2.12366622618397e-07,612.0,ASK
1317,1712704750.830642,16123106.964029,574.5,-2.583777345848536e-09,612.0,ASK
1318,1712704750.8321507,16125586.964029,574.8,-2.46452608373245e-07,612.0,ASK
1319,1712704750.8646562,16125586.96402943,574.0,4.275863609713802e-17,612.0,BID
1320,1712704750.867931,16133954.93904943,574.0,8.315763187424725e-07,612.0,BID
1321,1712704750.8848133,16134523.93904943,576.0,5.6544973453377584e-08,612.0,BID
1322,1712704750.8880987,16135092.93904943,576.0,5.6544973453377584e-08,612.0,BID
1323,1712704750.984686,16137912.93904943,574.8,2.802404659728028e-07,612.0,BID
1324,1712704751.0245545,16140132.93904943,574.3,-2.206148349147596e-07,612.0,ASK
1325,1712704751.026166,16142352.93904943,574.1,-2.206148349147596e-07,612.0,ASK
1326,1712704770.2346497,16142352.93904943,574.1,-0.0,612.0,ASK
1327,1712704782.3553123,16221434.98506855,573.8,-7.818218965027627e-06,612.0,ASK
1328,1712704782.3587425,16221739.65759946,574.1,-3.012057324247301e-08,612.0,ASK
1329,1712704782.3615377,16221791.92240782,574.0,-5.167009915609691e-09,612.0,ASK
1330,1712704800.245018,16221791.92240782,574.0,-0.0,612.0,ASK
1331,1712704809.2049568,16221937.8273078,573.8,-1.4443442635679145e-08,612.0,ASK
1332,1712704814.2852075,16221963.72509785,573.8,-2.563678430496744e-09,612.0,ASK
1333,1712704814.4246886,16221989.6228879,573.8,-2.563678430496744e-09,612.0,ASK
1334,1712704827.9449823,16222140.53666614,573.8,-1.4939282363063953e-08,612.0,ASK
1335,1712704827.9548151,16222314.8134169,573.8,-1.7252033706194498e-08,612.0,ASK
1336,1712704829.1951425,16222314.81341762,573.8,-7.117349197882761e-17,612.0,ASK
1337,1712704830.2248447,16222314.81341762,573.8,-0.0,612.0,ASK
1338,1712704830.2467108,16223186.34906342,573.7,-8.627264225716687e-08,612.0,ASK
1339,1712704842.9863095,16223736.4430139,573.7,5.4453376435296e-08,612.0,BID
1340,1712704847.3967478,16223753.84642496,574.6,1.722750255316882e-09,612.0,BID
1341,1712704855.0051749,16223765.19344897,574.6,1.1232331664879951e-09,612.0,BID
1342,1712704860.3549972,16223765.19344897,574.6,0.0,612.0,BID
1343,1712704879.064911,16225156.07475697,574.6,-1.3767092939055434e-07,612.0,ASK
1344,1712704879.075639,16225156.07475735,574.6,-3.761079095553158e-17,612.0,ASK
1345,1712704883.885347,16225176.07475735,573.3,-1.9796215334644696e-09,612.0,ASK
1346,1712704883.8869698,16225226.07475735,573.3,-4.9490538336611745e-09,612.0,ASK
1347,1712704883.8885276,16225962.55910754,573.3,-7.289801393474268e-08,612.0,ASK
1348,1712704890.355818,16225962.55910754,573.3,-0.0,612.0,ASK
1349,1712704920.2353563,16225962.55910754,573.3,-0.0,612.0,ASK
1350,1712704927.5757563,16225980.00198212,573.3,-1.7262989427006303e-09,612.0,ASK
1351,1712704927.5785427,16227998.28596242,573.3,-1.997469789257197e-07,612.0,ASK
1352,1712704933.887684,16230974.93343642,573.3,-2.945949856721348e-07,612.0,ASK
1353,1712704935.0453238,16230994.93343642,573.2,-1.979374368280414e-09,612.0,ASK
1354,1712704935.0484493,16231169.73563985,573.1,-1.729995004940046e-08,612.0,ASK
1355,1712704935.0519662,16231199.73563985,573.2,-2.969061552420621e-09,612.0,ASK
1356,1712704935.0554805,16231199.7356401,573.3,-2.4702042839450337e-17,612.0,ASK
1357,1712704950.2361617,16231199.7356401,573.3,-0.0,612.0,ASK
1358,1712704950.674476,16234774.38844245,573.1,-3.536737135476591e-07,612.0,ASK
1359,1712704951.0056436,16234808.41569916,573.0,-3.3666336027696086e-09,612.0,ASK
1360,1712704951.0093343,16236553.61639724,573.0,-1.726689684016267e-07,612.0,ASK
1361,1712704951.0129237,16236588.5204112,573.0,-3.4533793680288474e-09,612.0,ASK
1362,1712704951.01656,16237999.20737247,573.1,-1.395724071208474e-07,612.0,ASK
1363,1712704951.019712,16238816.34641617,573.0,-8.084718042550966e-08,612.0,ASK
1364,1712704951.034341,16241841.47344117,573.0,2.993040074219329e-07,612.0,BID
1365,1712704951.064683,16250332.03442717,573.0,8.400503209842047e-07,612.0,BID
1366,1712704951.074286,16257244.17828844,573.0,6.838828057325574e-07,612.0,BID
1367,1712704971.2340994,16258107.43795694,573.0,-8.54103236303086e-08,612.0,ASK
1368,1712704977.3737924,16258118.76199875,574.0,1.1203929837993379e-09,612.0,BID
1369,1712704980.344061,16258143.93969909,574.0,2.491064522850912e-09,612.0,BID
1370,1712704980.3538663,16258143.93969909,574.0,0.0,612.0,BID
1371,1712705010.3429725,16258143.93969909,574.0,0.0,612.0,BID
1372,1712705015.8627348,16258196.38725154,572.7,-5.181210403979237e-09,612.0,ASK
1373,1712705024.672933,16260566.38725154,572.6,-2.3412853572408225e-07,612.0,ASK
1374,1712705024.676708,16262722.44860213,572.7,-2.1299387634821539e-07,612.0,ASK
1375,1712705024.6860569,16262754.5066738,572.4,-3.1669659822976382e-09,612.0,ASK
1376,1712705040.2436533,16262754.5066738,572.4,-0.0,612.0,ASK
1377,1712705042.502255,16263610.10297186,572.7,8.450095949182005e-08,612.0,BID
1378,1712705058.5532775,16263702.65767569,574.0,9.140948011157433e-09,612.0,BID
1379,1712705062.9350832,16264355.96778021,574.0,6.452263854218924e-08,612.0,BID
1380,1712705070.229395,16264355.96778021,574.0,0.0,612.0,BID
1381,1712705079.4513812,16265008.62577177,574.0,6.445238981328134e-08,612.0,BID
1382,1712705100.3508518,16265008.62577177,574.0,0.0,612.0,BID
1383,1712705109.9111288,16265177.10538168,572.8,-1.6657808431892684e-08,612.0,ASK
1384,1712705128.2103622,16265266.55744824,572.8,-8.844247617708343e-09,612.0,ASK
1385,1712705130.3609416,16265266.55744824,572.8,-0.0,612.0,ASK
1386,1712705130.5036178,16266035.31171784,572.8,-7.60066710896569e-08,612.0,ASK
1387,1712705130.582161,16268117.12336311,572.8,2.058285452839921e-07,612.0,BID
1388,1712705131.570579,16271553.79362663,572.4,-3.3978330487714344e-07,612.0,ASK
1389,1712705131.5743935,16271691.77616547,572.7,-1.3642322209372238e-08,612.0,ASK
1390,1712705151.4609482,16271718.44495947,572.8,2.6367414581889555e-09,612.0,BID
1391,1712705160.2347114,16271718.44495947,572.8,0.0,612.0,BID
1392,1712705161.6408362,16271753.36116047,572.8,-3.450901463434357e-09,612.0,ASK
1393,1712705162.0202954,16271753.36116058,572.8,-1.0861447595568573e-17,612.0,ASK
1394,1712705162.108498,16272324.40231366,572.5,5.6438177532238723e-08,612.0,BID
1395,1712705162.1622648,16272636.72060566,573.0,-3.086760930509465e-08,612.0,ASK
1396,1712705162.1962996,16272636.72060647,573.0,-8.008016447580218e-17,612.0,ASK
1397,1712705190.2395208,16272636.72060647,573.0,-0.0,612.0,ASK
1398,1712705212.072075,16272792.90916108,572.4,-1.5435908941390406e-08,612.0,ASK
1399,1712705220.3419602,16272792.90916108,572.4,-0.0,612.0,ASK
1400,1712705220.5486205,16272920.30650405,572.4,-1.2590400209280244e-08,612.0,ASK
1401,1712705225.166543,16272990.09017467,573.2,6.896567233511572e-09,612.0,BID
1402,1712705242.538893,16274410.31365643,573.2,1.403575742244431e-07,612.0,BID
1403,1712705242.5418882,16276477.52998581,573.2,2.0429845944313325e-07,612.0,BID
1404,1712705250.3384178,16276477.52998581,573.2,0.0,612.0,BID
1405,1712705280.2179284,16276477.52998581,573.2,0.0,612.0,BID
1406,1712705297.367962,16277966.30589979,572.4,-1.4710175827218637e-07,612.0,ASK
1407,1712705297.3719342,16278035.77120381,572.4,-6.863671197537094e-09,612.0,ASK
1408,1712705305.027471,16281496.48461622,573.2,3.4194335296620375e-07,612.0,BID
1409,1712705305.029331,16283281.72987137,573.2,1.7639505953424585e-07,612.0,BID
1410,1712705310.2508247,16283281.72987137,573.2,0.0,612.0,BID
1411,1712705340.327093,16283281.72987137,573.2,0.0,612.0,BID
1412,1712705370.33577,16283281.72987137,573.2,0.0,612.0,BID
1413,1712705400.3299582,16283281.72987137,573.2,0.0,612.0,BID
1414,1712705407.1065483,16283290.72987137,572.5,-8.93213877989666e-10,612.0,ASK
1415,1712705407.1107595,16283301.96695747,572.5,-1.1152356947927531e-09,612.0,ASK
1416,1712705407.6867402,16283470.44656738,572.5,-1.6720925081139275e-08,612.0,ASK
1417,1712705414.2563834,16283739.35621322,572.5,-2.6688203065375547e-08,612.0,ASK
1418,1712705414.260587,16283791.69396538,572.4,-5.194311841312687e-09,612.0,ASK
1419,1712705414.2766974,16283791.69396703,572.4,-1.637860089331129e-16,612.0,ASK
1420,1712705430.246118,16283791.69396703,572.4,-0.0,612.0,ASK
1421,1712705452.3495607,16285624.87452532,572.4,-1.819305414374304e-07,612.0,ASK
1422,1712705460.3456442,16285624.87452532,572.4,-0.0,612.0,ASK
1423,1712705485.1652443,16287909.04248432,572.5,-2.2666432990568802e-07,612.0,ASK
1424,1712705485.2258818,16287909.042485,572.5,-6.746493957358601e-17,612.0,ASK
1425,1712705486.409497,16288083.74548989,572.4,-1.7336264340665576e-08,612.0,ASK
1426,1712705486.4160428,16288138.66169,572.3,-5.449487044070281e-09,612.0,ASK
1427,1712705489.8859437,16288138.661691,572.3,-9.925663712607035e-17,612.0,ASK
1428,1712705490.3353674,16288138.661691,572.3,-0.0,612.0,ASK
1429,1712705511.595281,16289288.58646651,572.3,1.1409393546300469e-07,612.0,BID
1430,1712705520.2451396,16289288.58646651,572.3,0.0,612.0,BID
1431,1712705521.35602,16289347.25316532,572.1,-5.820448136655266e-09,612.0,ASK
1432,1712705521.3588138,16289377.25316532,572.1,-2.9763638936975304e-09,612.0,ASK
1433,1712705521.360686,16293406.17139347,572.0,-3.9971755816430953e-07,612.0,ASK
1434,1712705521.362544,16293441.07540743,572.1,-3.462901563157954e-09,612.0,ASK
1435,1712705521.3644423,16293641.90058225,572.0,-1.9924293309292805e-08,612.0,ASK
1436,1712705521.3663516,16293651.90058225,572.1,-9.921212978991766e-10,612.0,ASK
1437,1712705521.3682797,16295417.63484651,572.0,-1.7518225700028356e-07,612.0,ASK
1438,1712705530.1549573,16297165.88659404,572.0,-1.7344777928139213e-07,612.0,ASK
1439,1712705530.1650417,16297176.06351404,572.1,-1.009673907947616e-09,612.0,ASK
1440,1712705530.1683438,16297176.06351551,572.0,-1.4580482692317112e-16,612.0,ASK
1441,1712705541.577801,16297176.06351623,572.0,-7.133163902705204e-17,612.0,ASK
1442,1712705541.5850277,16300280.79914502,572.0,-3.080274341670096e-07,612.0,ASK
1443,1712705541.9084196,16301427.45530285,572.0,-1.1376219955492592e-07,612.0,ASK
1444,1712705550.2516415,16301427.45530285,572.0,-0.0,612.0,ASK
1445,1712705550.3511505,16303175.7070511,572.0,1.7332837790531225e-07,612.0,BID
1446,1712705572.5265374,16304779.07669494,572.0,1.589642108622548e-07,612.0,BID
1447,1712705575.302379,16305106.99124802,571.7,-3.2510705414165807e-08,612.0,ASK
1448,1712705575.3142698,16305290.83942013,571.7,-1.8227412318902343e-08,612.0,ASK
1449,1712705575.31922,16305355.78612594,571.7,-6.439065300181728e-09,612.0,ASK
1450,1712705575.345039,16305355.7861264,571.7,-4.561343517897177e-17,612.0,ASK
1451,1712705580.3347237,16305355.7861264,571.7,-0.0,612.0,ASK
1452,1712705608.516847,16306055.45378426,571.7,-6.935228395611829e-08,612.0,ASK
1453,1712705610.3401952,16306055.45378426,571.7,-0.0,612.0,ASK
1454,1712705640.2278004,16306055.45378426,571.7,-0.0,612.0,ASK
1455,1712705645.3041544,16306754.42212412,571.7,6.928021945988519e-08,612.0,BID
1456,1712705659.594459,16306872.00319339,571.5,-1.1654379488793549e-08,612.0,ASK
1457,1712705659.5987449,16307046.98132112,571.5,-1.7343450909860928e-08,612.0,ASK
1458,1712705662.1388185,16307222.11266963,571.0,-1.7358637819686836e-08,612.0,ASK
1459,1712705662.144376,16307279.00744056,571.0,-5.639285774974311e-09,612.0,ASK
1460,1712705662.1463592,16307346.8042554,571.4,-6.719872622222957e-09,612.0,ASK
1461,1712705662.148274,16307346.80425573,571.5,-3.2677975456095225e-17,612.0,ASK
1462,1712705662.1515987,16307381.8243923,571.1,-3.471119661320143e-09,612.0,ASK
1463,1712705662.1549203,16307582.6348289,571.0,-1.9903893101016547e-08,612.0,ASK
1464,1712705662.1576252,16307612.6348289,571.1,-2.973534658547027e-09,612.0,ASK
1465,1712705670.223869,16307612.6348289,571.1,-0.0,612.0,ASK
1466,1712705682.6538355,16309550.6348289,571.0,1.9207339864917088e-07,612.0,BID
1467,1712705683.1940184,16310417.17835306,571.0,8.588233217888122e-08,612.0,BID
1468,1712705683.274941,16312396.16259111,571.0,1.9613530881092466e-07,612.0,BID
1469,1712705683.2944198,16314229.3431494,571.0,1.8168484012799325e-07,612.0,BID
1470,1712705683.2988586,16316872.7836464,571.0,2.6198895788730614e-07,612.0,BID
1471,1712705683.3134904,16329107.02438923,571.0,1.2125243546788557e-06,612.0,BID
1472,1712705683.4138622,16332507.37530553,571.7,3.370056538150451e-07,612.0,BID
1473,1712705683.417321,16341550.58648708,571.7,8.962643479580632e-07,612.0,BID
1474,1712705683.4338305,16342625.06868874,571.7,1.0649094337488761e-07,612.0,BID
1475,1712705683.4381485,16342757.6917817,571.7,1.3144152840196542e-08,612.0,BID
1476,1712705700.3236363,16342757.6917817,571.7,0.0,612.0,BID
1477,1712705707.7436576,16342926.17139161,571.7,-1.6718307486078724e-08,612.0,ASK
1478,1712705708.2642734,16342940.31586497,571.7,-1.403562454834292e-09,612.0,ASK
1479,1712705722.7603636,16345914.94300916,571.7,2.951735897266446e-07,612.0,BID
1480,1712705730.3432257,16345914.94300916,571.7,0.0,612.0,BID
1481,1712705759.203632,16348992.98307692,571.7,-3.0538060362573777e-07,612.0,ASK
1482,1712705759.207959,16349167.89999138,571.7,-1.735397582423487e-08,612.0,ASK
1483,1712705760.2131708,16349167.89999138,571.7,-0.0,612.0,ASK
1484,1712705778.9930658,16349517.73382031,571.7,3.470154895842451e-08,612.0,BID
1485,1712705779.8536963,16349617.73382031,571.1,-9.919437769806644e-09,612.0,ASK
1486,1712705779.8581543,16349719.80737003,571.1,-1.0125122243861165e-08,612.0,ASK
1487,1712705790.218963,16349719.80737003,571.1,-0.0,612.0,ASK
1488,1712705792.8760183,16353222.43434025,571.0,-3.474300328109806e-07,612.0,ASK
1489,1712705803.1530263,16356707.58628625,571.0,3.456966628890311e-07,612.0,BID
1490,1712705806.622883,16356707.58628698,571.0,7.24251932504678e-17,612.0,BID
1491,1712705820.3326645,16356707.58628698,571.0,0.0,612.0,BID
1492,1712705834.3429725,16356718.6045501,571.1,-1.0924831823056384e-09,612.0,ASK
1493,1712705838.6331966,16357811.14949394,571.0,-1.0832805171160089e-07,612.0,ASK
1494,1712705838.642737,16357817.6412991,571.1,-6.436756758473877e-10,612.0,ASK
1495,1712705838.64493,16357817.64129963,571.0,-5.2450554841032e-17,612.0,ASK
1496,1712705844.9829426,16357837.64129963,570.9,-1.983040648761328e-09,612.0,ASK
1497,1712705844.987587,16357974.97664732,570.9,-1.3617078849021096e-08,612.0,ASK
1498,1712705850.3427343,16357974.97664732,570.9,-0.0,612.0,ASK
1499,1712705869.6224504,16358274.44567349,570.9,2.9690832192388493e-08,612.0,BID
1500,1712705880.2225802,16358274.44567349,570.9,0.0,612.0,BID
1501,1712705882.3524306,16358753.44949749,571.1,4.7489990111785374e-08,612.0,BID
1502,1712705897.7426531,16358753.44949788,571.1,3.878042097000587e-17,612.0,BID
1503,1712705910.2225149,16358753.44949788,571.1,0.0,612.0,BID
1504,1712705925.106308,16358770.99335753,571.1,-1.739307879458584e-09,612.0,ASK
1505,1712705940.3327682,16358770.99335753,571.1,-0.0,612.0,ASK
1506,1712705960.5025146,16358928.55018038,571.1,-1.5620254420153536e-08,612.0,ASK
1507,1712705960.5072494,16360642.81272232,571.1,-1.699527609390628e-07,612.0,ASK
1508,1712705964.952303,16361468.85418351,571.1,-8.189412271734255e-08,612.0,ASK
1509,1712705964.956987,16361568.85418351,571.0,-9.914045064922617e-09,612.0,ASK
1510,1712705965.092405,16362676.28834945,571.0,1.0979152227561065e-07,612.0,BID
1511,1712705970.332177,16362676.28834945,571.0,0.0,612.0,BID
1512,1712706000.272289,16362676.28834945,571.0,0.0,612.0,BID
1513,1712706004.0317466,16362690.43282282,571.0,-1.4145066406164436e-09,612.0,ASK
1514,1712706005.3413367,16364418.81271569,571.0,-1.728452358735789e-07,612.0,ASK
1515,1712706005.4575727,16368198.63251133,571.0,3.779978272322415e-07,612.0,BID
1516,1712706005.4727297,16369287.9364661,571.0,1.0893496260670365e-07,612.0,BID
1517,1712706005.8561935,16370727.9364661,571.0,1.4400603749476822e-07,612.0,BID
1518,1712706006.0419154,16371692.9364661,571.0,9.650404596003565e-08,612.0,BID
1519,1712706006.0618467,16371861.416076,570.9,-1.684866737536086e-08,612.0,ASK
1520,1712706006.621787,16372185.72287022,570.9,-3.243203914449231e-08,612.0,ASK
1521,1712706021.5119274,16373109.38300027,571.0,9.236988563917193e-08,612.0,BID
1522,1712706021.5167837,16373109.72287022,571.0,3.3988419971003574e-11,612.0,BID
1523,1712706021.7118795,16374057.88210422,571.0,9.481989875171389e-08,612.0,BID
1524,1712706021.716549,16374057.88210496,571.0,7.395011280433454e-17,612.0,BID
1525,1712706022.0519834,16375005.88210422,571.7,9.480397461010565e-08,612.0,BID
1526,1712706025.0822136,16377039.35773122,571.0,2.033560884627702e-07,612.0,BID
1527,1712706025.0872386,16377039.35773135,571.0,1.3039062711091733e-17,612.0,BID
1528,1712706025.4075258,16377409.82676345,571.7,3.7048456477199193e-08,612.0,BID
1529,1712706025.4098122,16377412.35773135,571.7,2.5310740165396285e-10,612.0,BID
1530,1712706030.222216,16377412.35773135,571.7,0.0,612.0,BID
1531,1712706056.7921965,16379356.35773135,571.7,1.9424468354100242e-07,612.0,BID
1532,1712706056.8020177,16381320.35773135,571.7,1.9624308563504565e-07,612.0,BID
1533,1712706056.811531,16386211.65193035,571.7,4.887386284932607e-07,612.0,BID
1534,1712706056.891974,16388468.65121711,571.7,2.255196050457281e-07,612.0,BID
1535,1712706056.8966925,16391568.77283555,571.7,3.097644767039973e-07,612.0,BID
1536,1712706056.9719565,16391600.20257906,572.0,3.140463262255273e-09,612.0,BID
1537,1712706056.9748466,16392292.38764761,572.0,6.916320452274786e-08,612.0,BID
1538,1712706060.3416698,16392292.38764761,572.0,0.0,612.0,BID
1539,1712706090.3415742,16392292.38764761,572.0,0.0,612.0,BID
1540,1712706111.196131,16393067.41805222,572.0,7.73753475510064e-08,612.0,BID
1541,1712706111.1996832,16395100.89367882,572.0,2.030125301002389e-07,612.0,BID
1542,1712706111.2059317,16396972.71304361,572.0,1.868735381757012e-07,612.0,BID
1543,1712706111.2081733,16396972.71304414,572.0,5.299792402290704e-17,612.0,BID
1544,1712706120.2116396,16396972.71304414,572.0,0.0,612.0,BID
1545,1712706126.2531545,16397186.71304414,572.0,2.1359032959434282e-08,612.0,BID
1546,1712706126.8016353,16397818.71304414,572.0,6.307901322599282e-08,612.0,BID
1547,1712706127.1415508,16398349.53900954,572.0,5.2980977993827614e-08,612.0,BID
1548,1712706147.3313136,16398873.43568037,571.2,-5.228937504497696e-08,612.0,ASK
1549,1712706150.2646887,16398873.43568037,571.2,-0.0,612.0,ASK
1550,1712706180.3313231,16398873.43568037,571.2,-0.0,612.0,ASK
1551,1712706210.3296092,16398873.43568037,571.2,-0.0,612.0,ASK
1552,1712706240.2414367,16398873.43568037,571.2,-0.0,612.0,ASK
1553,1712706246.301074,16399098.43568037,572.0,2.2454491507454694e-08,612.0,BID
1554,1712706246.3211462,16399176.43568037,572.0,7.784223722584293e-09,612.0,BID
1555,1712706247.320947,16399346.43568037,572.0,1.6965615805632433e-08,612.0,BID
1556,1712706251.381139,16399433.84826778,572.0,8.723578673950541e-09,612.0,BID
1557,1712706251.4207792,16399521.26085519,572.0,8.723578673950541e-09,612.0,BID
1558,1712706251.4812045,16399608.6734426,572.0,8.723578673950541e-09,612.0,BID
1559,1712706270.2301517,16399608.6734426,572.0,0.0,612.0,BID
1560,1712706274.841951,16400133.14896707,572.0,5.2339275337255473e-08,612.0,BID
1561,1712706296.2983537,16400588.40154785,572.0,4.543127193102126e-08,612.0,BID
1562,1712706298.3212345,16401276.42951061,572.0,6.866075403433684e-08,612.0,BID
