,time,acc_trade_volume,trade_price,dev,high,ask_bid
0,1712689619.158424,901950.77789884,12710.0,0.0,13030.0,BID
1,1712689620.42197,901950.77789884,12710.0,0.0,13030.0,BID
2,1712689650.4319258,901950.77789884,12710.0,0.0,13030.0,BID
3,1712689680.4417746,901950.77789884,12710.0,0.0,13030.0,BID
4,1712689710.4220843,901950.77789884,12710.0,0.0,13030.0,BID
5,1712689740.6721995,901950.77789884,12710.0,0.0,13030.0,BID
6,1712689770.651872,901950.77789884,12710.0,0.0,13030.0,BID
7,1712689786.1323223,901958.64571945,12690.0,6.13373389903482e-10,13030.0,BID
8,1712689800.4236803,901958.64571945,12690.0,0.0,13030.0,BID
9,1712689821.783454,901960.25328446,12690.0,1.2540230224285516e-10,13030.0,BID
10,1712689826.902174,901964.16564752,12680.0,-3.0519408661455456e-10,13030.0,ASK
11,1712689827.043836,901968.07801058,12680.0,-3.05194086623636e-10,13030.0,ASK
12,1712689827.5827117,902078.54981442,12680.0,-8.617641244720014e-09,13030.0,ASK
13,1712689827.5841992,902078.96732242,12680.0,-3.256880068123292e-11,13030.0,ASK
14,1712689830.4319472,902078.96732242,12680.0,-0.0,13030.0,ASK
15,1712689860.6420124,902078.96732242,12680.0,-0.0,13030.0,ASK
16,1712689890.631832,902078.96732242,12680.0,-0.0,13030.0,ASK
17,1712689920.422213,902078.96732242,12680.0,-0.0,13030.0,ASK
18,1712689950.4420722,902078.96732242,12680.0,-0.0,13030.0,ASK
19,1712689980.632041,902078.96732242,12680.0,-0.0,13030.0,ASK
20,1712690010.6422284,902078.96732242,12680.0,-0.0,13030.0,ASK
21,1712690040.4124207,902078.96732242,12680.0,-0.0,13030.0,ASK
22,1712690070.412102,902078.96732242,12680.0,-0.0,13030.0,ASK
23,1712690100.4541268,902078.96732242,12680.0,-0.0,13030.0,ASK
24,1712690112.4723132,902079.37785942,12660.0,-3.2062004904638746e-11,13030.0,ASK
25,1712690112.4739866,902294.64755293,12660.0,-1.6812072890744577e-08,13030.0,ASK
26,1712690130.4020402,902294.64755293,12660.0,-0.0,13030.0,ASK
27,1712690160.6422706,902294.64755293,12660.0,-0.0,13030.0,ASK
28,1712690190.7020547,902294.64755293,12660.0,-0.0,13030.0,ASK
29,1712690220.4221008,902294.64755293,12660.0,-0.0,13030.0,ASK
30,1712690232.202211,902305.64755293,12660.0,-8.58891796949173e-10,13030.0,ASK
31,1712690250.48241,902305.64755293,12660.0,-0.0,13030.0,ASK
32,1712690257.422433,902311.79416704,12660.0,-4.799290031014648e-10,13030.0,ASK
33,1712690280.6221542,902311.79416704,12660.0,-0.0,13030.0,ASK
34,1712690292.602624,902314.16758476,12660.0,-1.853158599284873e-10,13030.0,ASK
35,1712690295.3984482,902314.82704264,12660.0,-5.1490305765645855e-11,13030.0,ASK
36,1712690310.6521585,902314.82704264,12660.0,-0.0,13030.0,ASK
37,1712690318.722162,902514.82704264,12660.0,-1.561590299091262e-08,13030.0,ASK
38,1712690322.7723956,902825.19835064,12660.0,-2.4233641184457983e-08,13030.0,ASK
39,1712690322.7928944,902869.69052299,12660.0,-3.473927236358362e-09,13030.0,ASK
40,1712690322.7942717,902873.63957532,12660.0,-3.083400904558129e-10,13030.0,ASK
41,1712690322.802118,902894.91158781,12660.0,-1.660908417332907e-09,13030.0,ASK
42,1712690340.4125144,902894.91158781,12660.0,-0.0,13030.0,ASK
43,1712690370.4322624,902894.91158781,12660.0,-0.0,13030.0,ASK
44,1712690374.0423176,902921.97460277,12670.0,2.1118561306520968e-09,13030.0,BID
45,1712690386.6626582,902998.23086787,12650.0,-5.950640059534491e-09,13030.0,ASK
46,1712690386.6644938,903006.1360062,12650.0,-6.168756463567931e-10,13030.0,ASK
47,1712690386.672739,903191.5360062,12640.0,-1.4467646239817041e-08,13030.0,ASK
48,1712690386.6744254,903193.9075462,12650.0,-1.850625769312106e-10,13030.0,ASK
49,1712690386.6761322,903305.51025498,12640.0,-8.708891639880168e-09,13030.0,ASK
50,1712690386.6777935,903317.74795192,12650.0,-9.549658582477724e-10,13030.0,ASK
51,1712690400.4721637,903317.74795192,12650.0,-0.0,13030.0,ASK
52,1712690417.8923056,903318.5372179,12670.0,-6.164597160391893e-11,13030.0,ASK
53,1712690422.592551,903320.1473205,12670.0,1.2575778212873286e-10,13030.0,BID
54,1712690430.4221623,903320.1473205,12670.0,0.0,13030.0,BID
55,1712690434.9125426,903328.03998032,12670.0,6.164582538721304e-10,13030.0,BID
56,1712690460.642481,903328.03998032,12670.0,0.0,13030.0,BID
57,1712690480.8723838,903328.8292463,12660.0,6.164534374916389e-11,13030.0,BID
58,1712690490.6522048,903328.8292463,12660.0,0.0,13030.0,BID
59,1712690498.272179,903329.3767143,12650.0,-4.2759763585649556e-11,13030.0,ASK
60,1712690520.4223244,903329.3767143,12650.0,-0.0,13030.0,ASK
61,1712690550.4325323,903329.3767143,12650.0,-0.0,13030.0,ASK
62,1712690569.7889569,903332.11164882,12670.0,2.1361082336288736e-10,13030.0,BID
63,1712690569.7898755,903337.26937412,12670.0,4.028418011391571e-10,13030.0,BID
64,1712690580.6321182,903337.26937412,12670.0,0.0,13030.0,BID
65,1712690593.1824772,903377.26937412,12680.0,3.1241575023901153e-09,13030.0,BID
66,1712690610.6422386,903377.26937412,12680.0,0.0,13030.0,BID
67,1712690616.5030968,903396.14583455,12690.0,1.4742674846725911e-09,13030.0,BID
68,1712690616.5047352,903396.93634788,12690.0,6.173975798990089e-11,13030.0,BID
69,1712690619.7726202,903433.16251401,12670.0,-2.8292941368858715e-09,13030.0,ASK
70,1712690619.7742229,903475.93634788,12690.0,-3.340672511319121e-09,13030.0,ASK
71,1712690623.852377,903489.18681375,12700.0,1.0348725631706778e-09,13030.0,BID
72,1712690623.8536932,903493.73176331,12700.0,3.549643949803621e-10,13030.0,BID
73,1712690640.422039,903493.73176331,12700.0,0.0,13030.0,BID
74,1712690640.9723935,903635.9385084,12700.0,1.110518541268734e-08,13030.0,BID
75,1712690641.642201,903726.77771935,12700.0,7.093800506461796e-09,13030.0,BID
76,1712690641.7824342,903802.62047684,12700.0,5.9226999647807405e-09,13030.0,BID
77,1712690643.5223646,904183.39906392,12700.0,2.973569789555484e-08,13030.0,BID
78,1712690644.7721565,904259.60533035,12700.0,5.951087044275793e-09,13030.0,BID
79,1712690645.3520887,904406.78521799,12700.0,1.1493547231021493e-08,13030.0,BID
80,1712690653.472217,904407.57261956,12700.0,6.148963203079089e-11,13030.0,BID
81,1712690667.6423514,904437.26622344,12700.0,2.318827960303418e-09,13030.0,BID
82,1712690670.4220974,904437.26622344,12700.0,0.0,13030.0,BID
83,1712690691.642167,904438.26622344,12700.0,7.801882582804019e-11,13030.0,BID
84,1712690700.6465392,904438.26622344,12700.0,0.0,13030.0,BID
85,1712690707.962206,904439.26622344,12700.0,7.805260382062693e-11,13030.0,BID
86,1712690730.6718729,904439.26622344,12700.0,0.0,13030.0,BID
87,1712690760.3921974,904439.26622344,12700.0,0.0,13030.0,BID
88,1712690769.0723636,904530.76765996,12700.0,7.1419182941597045e-09,13030.0,BID
89,1712690790.4120457,904530.76765996,12700.0,0.0,13030.0,BID
90,1712690820.641869,904530.76765996,12700.0,0.0,13030.0,BID
91,1712690850.661623,904530.76765996,12700.0,0.0,13030.0,BID
92,1712690880.4219384,904530.76765996,12700.0,0.0,13030.0,BID
93,1712690891.1824214,904563.61358689,12710.0,2.5634750672289603e-09,13030.0,BID
94,1712690891.184626,904564.40409996,12710.0,6.169594633306341e-11,13030.0,BID
95,1712690891.2042663,904564.40410022,12710.0,2.0288336598772906e-17,13030.0,BID
96,1712690902.702391,904586.00050928,12720.0,1.6855014104182203e-09,13030.0,BID
97,1712690902.7045908,904586.79102262,12720.0,6.16959674118547e-11,13030.0,BID
98,1712690910.402707,904586.79102262,12720.0,0.0,13030.0,BID
99,1712690925.783502,904587.60801608,12700.0,-6.375907583656293e-11,13030.0,ASK
100,1712690940.641641,904587.60801608,12700.0,-0.0,13030.0,ASK
101,1712690970.6417122,904587.60801608,12700.0,-0.0,13030.0,ASK
102,1712691000.4918902,904587.60801608,12700.0,-0.0,13030.0,ASK
103,1712691030.4114916,904587.60801608,12700.0,-0.0,13030.0,ASK
104,1712691041.5018775,904626.97809483,12700.0,-3.0794041247338782e-09,13030.0,ASK
105,1712691060.6315143,904626.97809483,12700.0,-0.0,13030.0,ASK
106,1712691090.6615436,904626.97809483,12700.0,-0.0,13030.0,ASK
107,1712691120.4415848,904626.97809483,12700.0,-0.0,13030.0,ASK
108,1712691150.4115949,904626.97809483,12700.0,-0.0,13030.0,ASK
109,1712691172.782344,904628.13449997,12720.0,9.0446847200746e-11,13030.0,BID
110,1712691172.7843068,904628.55289797,12720.0,3.272449996940684e-11,13030.0,BID
111,1712691180.6220682,904628.55289797,12720.0,0.0,13030.0,BID
112,1712691191.0823307,904629.33906149,12720.0,6.148874465054776e-11,13030.0,BID
113,1712691194.671771,904643.90408425,12710.0,-1.139184078700154e-09,13030.0,ASK
114,1712691210.6315775,904643.90408425,12710.0,-0.0,13030.0,ASK
115,1712691227.741938,904645.51038346,12700.0,-1.256326605371987e-10,13030.0,ASK
116,1712691227.7517602,904706.32331125,12700.0,-4.7563304929705505e-09,13030.0,ASK
117,1712691240.4015737,904706.32331125,12700.0,-0.0,13030.0,ASK
118,1712691249.74165,904856.32331125,12700.0,1.173114612427712e-08,13030.0,BID
119,1712691270.4119227,904856.32331125,12700.0,0.0,13030.0,BID
120,1712691300.6319437,904856.32331125,12700.0,0.0,13030.0,BID
121,1712691330.6816938,904856.32331125,12700.0,0.0,13030.0,BID
122,1712691360.4313543,904856.32331125,12700.0,0.0,13030.0,BID
123,1712691374.3128586,904873.80136818,12680.0,-1.3669692196693132e-09,13030.0,ASK
124,1712691374.3413043,904895.77342861,12680.0,-1.718447904179432e-09,13030.0,ASK
125,1712691375.2264128,904919.52074558,12680.0,-1.8572917732076302e-09,13030.0,ASK
126,1712691390.431347,904919.52074558,12680.0,-0.0,13030.0,ASK
127,1712691395.6318526,905155.92736496,12680.0,-1.848834346758429e-08,13030.0,ASK
128,1712691395.711831,905156.40918296,12680.0,-3.768091053391337e-11,13030.0,ASK
129,1712691395.7138572,905170.0571783,12680.0,-1.0673509318417187e-09,13030.0,ASK
130,1712691420.6314726,905170.0571783,12680.0,-0.0,13030.0,ASK
131,1712691450.6416686,905170.0571783,12680.0,-0.0,13030.0,ASK
132,1712691458.891636,905209.71035086,12680.0,3.1003335752659833e-09,13030.0,BID
133,1712691480.401363,905209.71035086,12680.0,0.0,13030.0,BID
134,1712691491.271573,905249.55742291,12670.0,3.115371380548369e-09,13030.0,BID
135,1712691510.4013343,905249.55742291,12670.0,0.0,13030.0,BID
136,1712691540.6215403,905249.55742291,12670.0,0.0,13030.0,BID
137,1712691559.2318225,905443.75075455,12670.0,1.5182055737348984e-08,13030.0,BID
138,1712691559.2348,905456.42102048,12670.0,9.905627651160067e-10,13030.0,BID
139,1712691570.6314485,905456.42102048,12670.0,0.0,13030.0,BID
140,1712691600.4239464,905456.42102048,12670.0,0.0,13030.0,BID
141,1712691622.4514668,905458.03112308,12670.0,1.2592520185240956e-10,13030.0,BID
142,1712691630.4114294,905458.03112308,12670.0,0.0,13030.0,BID
143,1712691660.6419818,905458.03112308,12670.0,0.0,13030.0,BID
144,1712691669.6315682,905459.60965504,12660.0,1.2345588320328668e-10,13030.0,BID
145,1712691690.6413443,905459.60965504,12660.0,0.0,13030.0,BID
146,1712691694.8214755,905497.52559386,12660.0,2.965374485477016e-09,13030.0,BID
147,1712691711.9414866,905514.69285522,12660.0,-1.342637434468723e-09,13030.0,ASK
148,1712691716.991813,905530.91142322,12660.0,-1.268440904659966e-09,13030.0,ASK
149,1712691718.2915006,905530.91142328,12660.0,-4.698049381786649e-18,13030.0,ASK
150,1712691720.4315653,905530.91142328,12660.0,-0.0,13030.0,ASK
151,1712691732.4004347,905547.30901739,12640.0,-1.2823518585970095e-09,13030.0,ASK
152,1712691732.401486,905591.09251694,12640.0,-3.424029869696267e-09,13030.0,ASK
153,1712691750.4116266,905591.09251694,12640.0,-0.0,13030.0,ASK
154,1712691774.891685,905599.8460365,12670.0,6.845165379561352e-10,13030.0,BID
155,1712691780.6413443,905599.8460365,12670.0,0.0,13030.0,BID
156,1712691810.6816697,905599.8460365,12670.0,0.0,13030.0,BID
157,1712691840.4014564,905599.8460365,12670.0,0.0,13030.0,BID
158,1712691870.4115713,905599.8460365,12670.0,0.0,13030.0,BID
159,1712691891.0618446,905600.3936405,12650.0,-4.2821717688407975e-11,13030.0,ASK
160,1712691891.0646348,905639.89957923,12650.0,-3.0892983891002952e-09,13030.0,ASK
161,1712691891.0673518,905666.6923927,12640.0,-2.0951532390637764e-09,13030.0,ASK
162,1712691900.4415293,905666.6923927,12640.0,-0.0,13030.0,ASK
163,1712691930.4132168,905666.6923927,12640.0,-0.0,13030.0,ASK
164,1712691960.6314275,905666.6923927,12640.0,-0.0,13030.0,ASK
165,1712691990.6312046,905666.6923927,12640.0,-0.0,13030.0,ASK
166,1712692020.401427,905666.6923927,12640.0,-0.0,13030.0,ASK
167,1712692050.401262,905666.6923927,12640.0,-0.0,13030.0,ASK
168,1712692080.6112645,905666.6923927,12640.0,-0.0,13030.0,ASK
169,1712692097.8821385,905669.06581042,12640.0,-1.857838236112768e-10,13030.0,ASK
170,1712692097.8854637,905678.5771927,12640.0,-7.4452168825921e-10,13030.0,ASK
171,1712692110.6412015,905678.5771927,12640.0,-0.0,13030.0,ASK
172,1712692140.4332604,905678.5771927,12640.0,-0.0,13030.0,ASK
173,1712692170.4112985,905678.5771927,12640.0,-0.0,13030.0,ASK
174,1712692200.4412827,905678.5771927,12640.0,-0.0,13030.0,ASK
175,1712692230.4212272,905678.5771927,12640.0,-0.0,13030.0,ASK
176,1712692247.6317313,905686.48233103,12650.0,6.19961634284342e-10,13030.0,BID
177,1712692260.6312103,905686.48233103,12650.0,0.0,13030.0,BID
178,1712692290.6321025,905686.48233103,12650.0,0.0,13030.0,BID
179,1712692320.422367,905686.48233103,12650.0,0.0,13030.0,BID
180,1712692350.4313564,905686.48233103,12650.0,0.0,13030.0,BID
181,1712692380.631189,905686.48233103,12650.0,0.0,13030.0,BID
182,1712692410.6511052,905686.48233103,12650.0,0.0,13030.0,BID
183,1712692436.8316748,905689.63961903,12650.0,2.47608833126247e-10,13030.0,BID
184,1712692440.2687676,905689.63961909,12650.0,4.7109856274687865e-18,13030.0,BID
185,1712692440.39665,905689.63961909,12650.0,0.0,13030.0,BID
186,1712692459.0646796,905809.99621511,12650.0,-9.438880125791654e-09,13030.0,ASK
187,1712692460.6416793,905830.83446783,12650.0,-1.6342250940958143e-09,13030.0,ASK
188,1712692470.4213886,905830.83446783,12650.0,-0.0,13030.0,ASK
189,1712692500.631159,905830.83446783,12650.0,-0.0,13030.0,ASK
190,1712692530.651189,905830.83446783,12650.0,-0.0,13030.0,ASK
191,1712692535.6416888,905832.28859832,12660.0,-1.1408733874734555e-10,13030.0,ASK
192,1712692560.4312165,905832.28859832,12660.0,-0.0,13030.0,ASK
193,1712692575.361359,905855.66255275,12690.0,1.833857706538604e-09,13030.0,BID
194,1712692590.401248,905855.66255275,12690.0,0.0,13030.0,BID
195,1712692620.6428611,905855.66255275,12690.0,0.0,13030.0,BID
196,1712692650.6461146,905855.66255275,12690.0,0.0,13030.0,BID
197,1712692680.4602833,905855.66255275,12690.0,0.0,13030.0,BID
198,1712692710.450158,905855.66255275,12690.0,0.0,13030.0,BID
199,1712692740.6090417,905855.66255275,12690.0,0.0,13030.0,BID
200,1712692755.428977,905895.23693564,12680.0,-3.104827571601323e-09,13030.0,ASK
201,1712692770.6296597,905895.23693564,12680.0,-0.0,13030.0,ASK
202,1712692787.7851882,905910.22631117,12680.0,-1.17595249451171e-09,13030.0,ASK
203,1712692800.5109117,905910.22631117,12680.0,-0.0,13030.0,ASK
204,1712692819.3378386,905911.0149547,12680.0,-6.187704972510687e-11,13030.0,ASK
205,1712692819.3476186,905921.82756635,12680.0,-8.483585844344262e-10,13030.0,ASK
206,1712692819.417559,905923.45248748,12680.0,1.2749147331868416e-10,13030.0,BID
207,1712692830.407888,905923.45248748,12680.0,0.0,13030.0,BID
208,1712692856.3272166,905924.24113101,12680.0,-6.187623553410388e-11,13030.0,ASK
209,1712692860.6372254,905924.24113101,12680.0,-0.0,13030.0,ASK
210,1712692890.6264431,905924.24113101,12680.0,-0.0,13030.0,ASK
211,1712692920.4058511,905924.24113101,12680.0,-0.0,13030.0,ASK
212,1712692950.4159832,905924.24113101,12680.0,-0.0,13030.0,ASK
213,1712692980.6352634,905924.24113101,12680.0,-0.0,13030.0,ASK
214,1712693010.6159658,905924.24113101,12680.0,-0.0,13030.0,ASK
215,1712693014.7836492,905948.34127951,12700.0,1.8908736815615743e-09,13030.0,BID
216,1712693040.3846931,905948.34127951,12700.0,0.0,13030.0,BID
217,1712693044.5046484,905949.12930157,12690.0,-6.182594238037694e-11,13030.0,ASK
218,1712693044.5073087,905968.13769386,12690.0,-1.4913437402614295e-09,13030.0,ASK
219,1712693056.4643023,905971.29498191,12690.0,-2.477117316292355e-10,13030.0,ASK
220,1712693060.4341602,905974.44211015,12710.0,2.4691462217755367e-10,13030.0,BID
221,1712693065.1026912,905998.06989155,12690.0,-1.8537677121551438e-09,13030.0,ASK
222,1712693070.4241977,905998.06989155,12690.0,-0.0,13030.0,ASK
223,1712693100.6235712,905998.06989155,12690.0,-0.0,13030.0,ASK
224,1712693129.893396,906125.62894589,12700.0,-1.0015392087968466e-08,13030.0,ASK
225,1712693130.6532464,906125.62894589,12700.0,-0.0,13030.0,ASK
226,1712693140.3331175,906189.28455689,12700.0,-4.997331037698439e-09,13030.0,ASK
227,1712693155.7897673,906207.60122479,12700.0,-1.437963622776724e-09,13030.0,ASK
228,1712693160.4129343,906207.60122479,12700.0,-0.0,13030.0,ASK
229,1712693183.312982,906212.20489679,12710.0,3.613851555162177e-10,13030.0,BID
230,1712693186.063709,906223.1128597,12710.0,8.562677516129441e-10,13030.0,BID
231,1712693186.543161,906232.97834436,12710.0,7.74433910171752e-10,13030.0,BID
232,1712693188.8530447,906244.03686521,12710.0,8.680864486367713e-10,13030.0,BID
233,1712693190.3925953,906244.03686521,12710.0,0.0,13030.0,BID
234,1712693220.6434762,906244.03686521,12710.0,0.0,13030.0,BID
235,1712693250.63235,906244.03686521,12710.0,0.0,13030.0,BID
236,1712693266.273856,906248.3463281,12700.0,-3.382776409228643e-10,13030.0,ASK
237,1712693266.277033,906249.12686521,12700.0,-6.126941082615256e-11,13030.0,ASK
238,1712693280.4016156,906249.12686521,12700.0,-0.0,13030.0,ASK
239,1712693310.4248528,906249.12686521,12700.0,-0.0,13030.0,ASK
240,1712693325.2730029,906249.13372967,12700.0,-5.388331667748643e-13,13030.0,ASK
241,1712693325.2768512,907012.23778192,12690.0,-5.990067330970173e-08,13030.0,ASK
242,1712693340.631322,907012.23778192,12690.0,-0.0,13030.0,ASK
243,1712693359.2924073,907027.13111127,12700.0,1.1681799175569703e-09,13030.0,BID
244,1712693359.3316386,907036.22656119,12700.0,7.13414824038246e-10,13030.0,BID
245,1712693367.5614717,907047.63433897,12700.0,8.9478561799693e-10,13030.0,BID
246,1712693367.5641303,907056.90157205,12700.0,7.26888885683603e-10,13030.0,BID
247,1712693370.620888,907056.90157205,12700.0,0.0,13030.0,BID
248,1712693378.2720273,907066.04272032,12700.0,7.169673415370941e-10,13030.0,BID
249,1712693382.3395147,907074.9738273,12700.0,7.00493180856027e-10,13030.0,BID
250,1712693388.6775594,907101.97961076,12700.0,2.1181436074884568e-09,13030.0,BID
251,1712693390.6009965,907133.20338987,12700.0,2.448973503082435e-09,13030.0,BID
252,1712693400.440745,907133.20338987,12700.0,0.0,13030.0,BID
253,1712693404.4508016,907133.60346446,12690.0,-3.137680677744378e-11,13030.0,ASK
254,1712693406.1109536,907325.88990546,12700.0,1.5080524122301507e-08,13030.0,BID
255,1712693406.1138585,907325.88990556,12700.0,7.842798938099186e-18,13030.0,BID
256,1712693430.4105868,907325.88990556,12700.0,0.0,13030.0,BID
257,1712693460.6303325,907325.88990556,12700.0,0.0,13030.0,BID
258,1712693470.5604491,907365.22900862,12710.0,3.084671251675582e-09,13030.0,BID
259,1712693490.6299038,907365.22900862,12710.0,0.0,13030.0,BID
260,1712693520.3999248,907365.22900862,12710.0,0.0,13030.0,BID
261,1712693550.4108803,907365.22900862,12710.0,0.0,13030.0,BID
262,1712693580.6094325,907365.22900862,12710.0,0.0,13030.0,BID
263,1712693594.54948,907628.96216362,12700.0,2.0679123922841432e-08,13030.0,BID
264,1712693610.649141,907628.96216362,12700.0,0.0,13030.0,BID
265,1712693640.4491098,907628.96216362,12700.0,0.0,13030.0,BID
266,1712693670.388944,907628.96216362,12700.0,0.0,13030.0,BID
267,1712693700.4305243,907628.96216362,12700.0,0.0,13030.0,BID
268,1712693730.400177,907628.96216362,12700.0,0.0,13030.0,BID
269,1712693760.6143532,907628.96216362,12700.0,0.0,13030.0,BID
270,1712693790.62812,907628.96216362,12700.0,0.0,13030.0,BID
271,1712693820.398249,907628.96216362,12700.0,0.0,13030.0,BID
272,1712693850.4189556,907628.96216362,12700.0,0.0,13030.0,BID
273,1712693875.5483472,907629.35011109,12690.0,-3.0433398326592744e-11,13030.0,ASK
274,1712693875.5505872,907649.91519315,12670.0,-1.6132734002206147e-09,13030.0,ASK
275,1712693880.6077173,907649.91519315,12670.0,-0.0,13030.0,ASK
276,1712693910.6273916,907649.91519315,12670.0,-0.0,13030.0,ASK
277,1712693928.9376466,907704.67523826,12690.0,-4.295683532321968e-09,13030.0,ASK
278,1712693928.941093,907705.16381194,12690.0,-3.832644599732487e-11,13030.0,ASK
279,1712693940.4118052,907705.16381194,12690.0,-0.0,13030.0,ASK
280,1712693941.847505,907744.502915,12700.0,3.085809064680138e-09,13030.0,BID
281,1712693968.486766,907750.21188431,12710.0,4.47818782753096e-10,13030.0,BID
282,1712693970.3975863,907750.21188431,12710.0,0.0,13030.0,BID
283,1712694000.4571035,907750.21188431,12710.0,0.0,13030.0,BID
284,1712694030.3885024,907750.21188431,12710.0,0.0,13030.0,BID
285,1712694032.2201333,907777.17042089,12690.0,2.1160610037953103e-09,13030.0,BID
286,1712694032.7971556,907907.69219927,12690.0,1.0245068183010637e-08,13030.0,BID
287,1712694032.7990692,908120.59358716,12690.0,1.6711304904532175e-08,13030.0,BID
288,1712694060.6180058,908120.59358716,12690.0,0.0,13030.0,BID
289,1712694090.6267078,908120.59358716,12690.0,0.0,13030.0,BID
290,1712694120.3868046,908120.59358716,12690.0,0.0,13030.0,BID
291,1712694150.4263666,908120.59358716,12690.0,0.0,13030.0,BID
292,1712694180.6264892,908120.59358716,12690.0,0.0,13030.0,BID
293,1712694204.8063858,908128.47958716,12680.0,-6.18768859385094e-10,13030.0,ASK
294,1712694210.6462295,908128.47958716,12680.0,-0.0,13030.0,ASK
295,1712694240.396191,908128.47958716,12680.0,-0.0,13030.0,ASK
296,1712694270.386008,908128.47958716,12680.0,-0.0,13030.0,ASK
297,1712694300.6156774,908128.47958716,12680.0,-0.0,13030.0,ASK
298,1712694330.615585,908128.47958716,12680.0,-0.0,13030.0,ASK
299,1712694360.41072,908128.47958716,12680.0,-0.0,13030.0,ASK
300,1712694390.4053257,908128.47958716,12680.0,-0.0,13030.0,ASK
301,1712694420.645328,908128.47958716,12680.0,-0.0,13030.0,ASK
302,1712694450.6351106,908128.47958716,12680.0,-0.0,13030.0,ASK
303,1712694480.375035,908128.47958716,12680.0,-0.0,13030.0,ASK
304,1712694498.2849083,908129.26760922,12690.0,6.184696185409177e-11,13030.0,BID
305,1712694510.3748777,908129.26760922,12690.0,0.0,13030.0,BID
306,1712694518.6948314,908130.21276312,12690.0,7.417920676380904e-11,13030.0,BID
307,1712694540.4156082,908130.21276312,12690.0,0.0,13030.0,BID
308,1712694570.4344883,908130.21276312,12690.0,0.0,13030.0,BID
309,1712694600.7244315,908130.21276312,12690.0,0.0,13030.0,BID
310,1712694622.7044554,908130.21319845,12680.0,-3.4229089795971606e-14,13030.0,ASK
311,1712694630.6142902,908130.21319845,12680.0,-0.0,13030.0,ASK
312,1712694660.3773196,908130.21319845,12680.0,-0.0,13030.0,ASK
313,1712694690.4441924,908130.21319845,12680.0,-0.0,13030.0,ASK
314,1712694720.6142936,908130.21319845,12680.0,-0.0,13030.0,ASK
315,1712694750.604882,908130.21319845,12680.0,-0.0,13030.0,ASK
316,1712694780.4255178,908130.21319845,12680.0,-0.0,13030.0,ASK
317,1712694791.5254836,908135.51024103,12680.0,4.1649532196867285e-10,13030.0,BID
318,1712694793.4165585,908174.84934409,12660.0,-3.0931509701027757e-09,13030.0,ASK
319,1712694810.3653522,908174.84934409,12660.0,-0.0,13030.0,ASK
320,1712694834.4296432,908196.27448765,12660.0,-1.684539133873451e-09,13030.0,ASK
321,1712694834.4330115,908196.9032412,12660.0,-4.943537286323816e-11,13030.0,ASK
322,1712694834.4363012,908240.32121171,12660.0,-3.413712035694178e-09,13030.0,ASK
323,1712694834.495598,908240.35637112,12660.0,-2.7643876394575087e-12,13030.0,ASK
324,1712694840.6675527,908240.35637112,12660.0,-0.0,13030.0,ASK
325,1712694859.7860007,908240.85637112,12660.0,-3.9309638612938406e-11,13030.0,ASK
326,1712694870.605863,908240.85637112,12660.0,-0.0,13030.0,ASK
327,1712694900.4060726,908240.85637112,12660.0,-0.0,13030.0,ASK
328,1712694930.3962655,908240.85637112,12660.0,-0.0,13030.0,ASK
329,1712694960.6165774,908240.85637112,12660.0,-0.0,13030.0,ASK
330,1712694965.2765975,908319.72072443,12650.0,-6.2038520295328555e-09,13030.0,ASK
331,1712694965.2782955,908334.79002772,12650.0,-1.185424388527625e-09,13030.0,ASK
332,1712694990.6263402,908334.79002772,12650.0,-0.0,13030.0,ASK
333,1712695001.3367147,908346.92656024,12650.0,-9.54629200845772e-10,13030.0,ASK
334,1712695015.4673622,908366.86403295,12660.0,1.568231585816613e-09,13030.0,BID
335,1712695020.387092,908366.86403295,12660.0,0.0,13030.0,BID
336,1712695025.288451,908384.93943442,12660.0,1.421720338140992e-09,13030.0,BID
337,1712695050.4071083,908384.93943442,12660.0,0.0,13030.0,BID
338,1712695072.8471704,908413.25801031,12650.0,-2.2273569254549397e-09,13030.0,ASK
339,1712695072.8507278,908424.68960676,12650.0,-8.99135804741008e-10,13030.0,ASK
340,1712695080.6369712,908424.68960676,12650.0,-0.0,13030.0,ASK
341,1712695110.6170938,908424.68960676,12650.0,-0.0,13030.0,ASK
342,1712695140.3996675,908424.68960676,12650.0,-0.0,13030.0,ASK
343,1712695170.3873513,908424.68960676,12650.0,-0.0,13030.0,ASK
344,1712695200.4375737,908424.68960676,12650.0,-0.0,13030.0,ASK
345,1712695230.400346,908424.68960676,12650.0,-0.0,13030.0,ASK
346,1712695232.420721,908426.31838146,12650.0,1.2825829791883054e-10,13030.0,BID
347,1712695260.6075027,908426.31838146,12650.0,0.0,13030.0,BID
348,1712695290.6275375,908426.31838146,12650.0,0.0,13030.0,BID
349,1712695309.7882469,908428.69180146,12640.0,-1.8689528732721768e-10,13030.0,ASK
350,1712695309.7931674,908555.7197683,12640.0,-1.0002834880277365e-08,13030.0,ASK
351,1712695309.797784,908743.11615573,12640.0,-1.4756554538770658e-08,13030.0,ASK
352,1712695309.8077068,908744.05030473,12640.0,-7.355969266308534e-11,13030.0,ASK
353,1712695309.8109603,908744.45458026,12630.0,-3.1834732724649746e-11,13030.0,ASK
354,1712695309.9076707,908816.74992938,12630.0,5.692907301042766e-09,13030.0,BID
355,1712695309.9175744,908821.11935094,12630.0,3.44070707214808e-10,13030.0,BID
356,1712695309.938239,908859.47383757,12630.0,3.0202293732820876e-09,13030.0,BID
357,1712695309.9559956,908861.41623657,12630.0,1.5295447885452967e-10,13030.0,BID
358,1712695309.957945,908875.16623657,12630.0,1.0827456584981522e-09,13030.0,BID
359,1712695310.9475155,908894.34870105,12630.0,1.5105258280050951e-09,13030.0,BID
360,1712695313.4179492,908909.07670105,12630.0,1.1597584042446408e-09,13030.0,BID
361,1712695320.3879192,908909.07670105,12630.0,0.0,13030.0,BID
362,1712695350.3880107,908909.07670105,12630.0,0.0,13030.0,BID
363,1712695357.2741723,908917.00063131,12620.0,-6.23671390138346e-10,13030.0,ASK
364,1712695357.27843,908964.60111275,12620.0,-3.746506778430882e-09,13030.0,ASK
365,1712695361.078168,908979.68411275,12620.0,1.1871426512835816e-09,13030.0,BID
366,1712695361.1978242,908993.43411275,12620.0,1.082225781022766e-09,13030.0,BID
367,1712695362.6879191,909011.97341275,12620.0,1.459178794340559e-09,13030.0,BID
368,1712695380.6081882,909011.97341275,12620.0,0.0,13030.0,BID
369,1712695406.8183048,909011.97341278,12620.0,2.3545832956539762e-18,13030.0,BID
370,1712695410.6177218,909011.97341278,12620.0,0.0,13030.0,BID
371,1712695440.4011347,909011.97341278,12620.0,0.0,13030.0,BID
372,1712695470.4080822,909011.97341278,12620.0,0.0,13030.0,BID
373,1712695500.408226,909011.97341278,12620.0,0.0,13030.0,BID
374,1712695530.412006,909011.97341278,12620.0,0.0,13030.0,BID
375,1712695554.640539,909021.97341275,12620.0,-7.871696033822714e-10,13030.0,ASK
376,1712695554.645269,909022.42511075,12620.0,-3.555629365414627e-11,13030.0,ASK
377,1712695560.628265,909022.42511075,12620.0,-0.0,13030.0,ASK
378,1712695574.6882975,909028.55325146,12620.0,4.823836021622013e-10,13030.0,BID
379,1712695586.14844,909030.33472414,12630.0,1.4023065873109875e-10,13030.0,BID
380,1712695590.617944,909030.33472414,12630.0,0.0,13030.0,BID
381,1712695620.4385142,909030.33472414,12630.0,0.0,13030.0,BID
382,1712695634.8692412,909038.59289265,12620.0,-6.500460670863008e-10,13030.0,ASK
383,1712695634.8727355,909046.52940058,12600.0,-6.247263857568191e-10,13030.0,ASK
384,1712695634.8761263,909047.32305137,12600.0,-6.247263834017499e-11,13030.0,ASK
385,1712695634.879538,909086.94270271,12610.0,-3.1186816424988846e-09,13030.0,ASK
386,1712695634.8832436,909135.59394551,12600.0,-3.8296081028734064e-09,13030.0,ASK
387,1712695634.8863988,909151.45434551,12610.0,-1.248459707485763e-09,13030.0,ASK
388,1712695634.888325,909152.2479963,12600.0,-6.247263834017499e-11,13030.0,ASK
389,1712695634.890273,909176.5167501,12610.0,-1.910327688465066e-09,13030.0,ASK
390,1712695634.892241,909431.31040089,12600.0,-2.0056215904669112e-08,13030.0,ASK
391,1712695650.392067,909431.31040089,12600.0,-0.0,13030.0,ASK
392,1712695680.648043,909431.31040089,12600.0,-0.0,13030.0,ASK
393,1712695710.6083546,909431.31040089,12600.0,-0.0,13030.0,ASK
394,1712695740.4019926,909431.31040089,12600.0,-0.0,13030.0,ASK
395,1712695770.4082935,909431.31040089,12600.0,-0.0,13030.0,ASK
396,1712695779.4782343,909481.31040089,12630.0,3.934211323426678e-09,13030.0,BID
397,1712695800.4979136,909481.31040089,12630.0,0.0,13030.0,BID
398,1712695817.0286448,909497.14571363,12630.0,1.2465452158411274e-09,13030.0,BID
399,1712695830.3886251,909497.14571363,12630.0,0.0,13030.0,BID
400,1712695830.580412,909498.7292449,12630.0,1.2465255875842455e-10,13030.0,BID
401,1712695855.9583187,909499.54492185,12630.0,6.420853244359221e-11,13030.0,BID
402,1712695860.6183658,909499.54492185,12630.0,0.0,13030.0,BID
403,1712695890.6180964,909499.54492185,12630.0,0.0,13030.0,BID
404,1712695920.378193,909499.54492185,12630.0,0.0,13030.0,BID
405,1712695934.478317,909500.33668748,12630.0,6.232613031767083e-11,13030.0,BID
406,1712695950.397924,909500.33668748,12630.0,0.0,13030.0,BID
407,1712695980.6480107,909500.33668748,12630.0,0.0,13030.0,BID
408,1712695993.5578964,909501.33668748,12630.0,7.871784135781759e-11,13030.0,BID
409,1712696010.6178432,909501.33668748,12630.0,0.0,13030.0,BID
410,1712696040.428195,909501.33668748,12630.0,0.0,13030.0,BID
411,1712696070.4079552,909501.33668748,12630.0,0.0,13030.0,BID
412,1712696083.5377717,909580.51325121,12630.0,6.2326019864627095e-09,13030.0,BID
413,1712696083.547968,909769.54286089,12630.0,1.487998803294671e-08,13030.0,BID
414,1712696083.5519426,910254.17286089,12630.0,3.81489895292724e-08,13030.0,BID
415,1712696083.637874,910293.10232485,12630.0,-3.064440321461978e-09,13030.0,ASK
416,1712696100.617974,910293.10232485,12630.0,-0.0,13030.0,ASK
417,1712696130.6078262,910293.10232485,12630.0,-0.0,13030.0,ASK
418,1712696140.938703,910296.30351095,12600.0,-2.5200057490167127e-10,13030.0,ASK
419,1712696140.9433937,910316.32607444,12600.0,-1.576196245090873e-09,13030.0,ASK
420,1712696140.9474928,910442.35100453,12600.0,-9.920808676370178e-09,13030.0,ASK
421,1712696141.03781,910470.47514864,12600.0,2.213960783021064e-09,13030.0,BID
422,1712696160.3776789,910470.47514864,12600.0,0.0,13030.0,BID
423,1712696184.2078578,910478.3990789,12620.0,6.236699993604399e-10,13030.0,BID
424,1712696190.397652,910478.3990789,12620.0,0.0,13030.0,BID
425,1712696208.9895918,910510.0288249,12620.0,2.4894676959185603e-09,13030.0,BID
426,1712696220.6090012,910510.0288249,12620.0,0.0,13030.0,BID
427,1712696250.6275103,910510.0288249,12620.0,0.0,13030.0,BID
428,1712696257.8878827,910565.98613239,12620.0,4.404067391551911e-09,13030.0,BID
429,1712696258.0478673,910589.26812759,12620.0,-1.8323875910021787e-09,13030.0,ASK
430,1712696258.0524683,910618.45684636,12630.0,2.297270728393516e-09,13030.0,BID
431,1712696280.4016793,910618.45684636,12630.0,0.0,13030.0,BID
432,1712696310.377515,910618.45684636,12630.0,0.0,13030.0,BID
433,1712696340.637466,910618.45684636,12630.0,0.0,13030.0,BID
434,1712696370.6272686,910618.45684636,12630.0,0.0,13030.0,BID
435,1712696400.5574,910618.45684636,12630.0,0.0,13030.0,BID
436,1712696430.4177809,910618.45684636,12630.0,0.0,13030.0,BID
437,1712696459.2776022,910620.08820027,12620.0,1.2844584589609195e-10,13030.0,BID
438,1712696460.6288311,910620.08820027,12620.0,0.0,13030.0,BID
439,1712696472.727786,910620.48820027,12600.0,-3.149424215318076e-11,13030.0,ASK
440,1712696488.4972734,910622.46918283,12620.0,1.5597386110290794e-10,13030.0,BID
441,1712696490.617095,910622.46918283,12620.0,0.0,13030.0,BID
442,1712696499.451046,910622.47553204,12600.0,-4.999077142006367e-13,13030.0,ASK
443,1712696499.4574833,910622.86918283,12600.0,-3.099425994842116e-11,13030.0,ASK
444,1712696520.3772998,910622.86918283,12600.0,-0.0,13030.0,ASK
445,1712696550.4071703,910622.86918283,12600.0,-0.0,13030.0,ASK
446,1712696580.607107,910622.86918283,12600.0,-0.0,13030.0,ASK
447,1712696597.9875443,910630.80569076,12600.0,-6.248840305047092e-10,13030.0,ASK
448,1712696597.991915,910632.382004,12600.0,-1.241116344144656e-10,13030.0,ASK
449,1712696610.647097,910632.382004,12600.0,-0.0,13030.0,ASK
450,1712696640.3710513,910632.382004,12600.0,-0.0,13030.0,ASK
451,1712696640.4593651,910635.55754,12590.0,-2.5002469920040806e-10,13030.0,ASK
452,1712696640.461315,910819.82748645,12590.0,-1.4508428792416593e-08,13030.0,ASK
453,1712696640.4662352,910820.382004,12590.0,-4.365974237231854e-11,13030.0,ASK
454,1712696666.2673557,910821.1835913,12600.0,6.311269139314106e-11,13030.0,BID
455,1712696670.387081,910821.1835913,12600.0,0.0,13030.0,BID
456,1712696700.627102,910821.1835913,12600.0,0.0,13030.0,BID
457,1712696721.7771184,910821.33811882,12590.0,-1.2203697194078767e-11,13030.0,ASK
458,1712696730.6368873,910821.33811882,12590.0,-0.0,13030.0,ASK
459,1712696744.0373688,910946.95893321,12580.0,-9.92080986663229e-09,13030.0,ASK
460,1712696744.0408368,910947.75384576,12580.0,-6.277762413502113e-11,13030.0,ASK
461,1712696760.4015331,910947.75384576,12580.0,-0.0,13030.0,ASK
462,1712696790.2019997,910970.6064392,12580.0,1.804539837300125e-09,13030.0,BID
463,1712696790.408407,910970.6064392,12580.0,0.0,13030.0,BID
464,1712696793.2191467,911020.82733258,12580.0,3.965569411272422e-09,13030.0,BID
465,1712696793.2241206,911021.55932466,12580.0,5.7799955483648895e-11,13030.0,BID
466,1712696793.3385675,911241.08110136,12580.0,-1.73339975496445e-08,13030.0,ASK
467,1712696796.0894997,911243.46394488,12590.0,1.8815538192253635e-10,13030.0,BID
468,1712696817.3394222,911288.53465782,12580.0,3.5588980711075478e-09,13030.0,BID
469,1712696817.343833,911337.36351968,12590.0,3.855651063672322e-09,13030.0,BID
470,1712696820.6092384,911337.36351968,12590.0,0.0,13030.0,BID
471,1712696824.590886,911369.4045812,12580.0,2.529122165165732e-09,13030.0,BID
472,1712696824.6914327,911371.79121095,12570.0,-1.8838571241014912e-10,13030.0,ASK
473,1712696824.6935358,911372.1974162,12570.0,-3.2063316648072886e-11,13030.0,ASK
474,1712696832.5196297,911372.19741645,12570.0,-1.973819031177129e-17,13030.0,ASK
475,1712696832.6994855,911373.31198182,12570.0,8.797685994549677e-11,13030.0,BID
476,1712696833.2306154,911377.26990379,12560.0,-3.1241374996012433e-10,13030.0,ASK
477,1712696833.2350605,911387.26990282,12560.0,-7.89337743466961e-10,13030.0,ASK
478,1712696833.2493906,911387.26990379,12560.0,-7.656359482201041e-17,13030.0,ASK
479,1712696845.5502644,911423.30681271,12560.0,2.844529512758362e-09,13030.0,BID
480,1712696845.6298442,911457.98968871,12560.0,-2.737650573418906e-09,13030.0,ASK
481,1712696845.6499062,911457.98968916,12560.0,-3.5525066920534366e-17,13030.0,ASK
482,1712696850.610166,911457.98968916,12560.0,-0.0,13030.0,ASK
483,1712696880.3908217,911457.98968916,12560.0,-0.0,13030.0,ASK
484,1712696884.961157,911465.95147216,12560.0,-6.283784623116694e-10,13030.0,ASK
485,1712696908.8417735,911465.95147259,12560.0,-3.3931292680690087e-17,13030.0,ASK
486,1712696908.8466127,911665.95147216,12560.0,-1.5784867810592736e-08,13030.0,ASK
487,1712696908.8613744,911665.95147259,12560.0,-3.3931292680690087e-17,13030.0,ASK
488,1712696910.421637,911665.95147259,12560.0,-0.0,13030.0,ASK
489,1712696913.7021067,911715.95147259,12550.0,-3.945403614700098e-09,13030.0,ASK
490,1712696913.7061002,911717.26373419,12550.0,-1.0354803320517896e-10,13030.0,ASK
491,1712696913.7080555,911750.10097559,12550.0,-2.5911234183202307e-09,13030.0,ASK
492,1712696913.7819154,911750.10097613,12550.0,-4.26143579385098e-17,13030.0,ASK
493,1712696919.0422752,911752.29929613,12570.0,1.734651934827283e-10,13030.0,BID
494,1712696921.252458,911847.81027988,12540.0,-7.536587610615559e-09,13030.0,ASK
495,1712696921.2570794,911848.81027988,12530.0,-7.890807229400196e-11,13030.0,ASK
496,1712696921.2615702,911931.35256743,12540.0,-6.513252793311777e-09,13030.0,ASK
497,1712696921.2660627,911951.4399023,12530.0,-1.5850528721166975e-09,13030.0,ASK
498,1712696940.617859,911951.4399023,12530.0,-0.0,13030.0,ASK
499,1712696948.442436,911959.91670094,12560.0,6.686989004825462e-10,13030.0,BID
500,1712696970.642675,911959.91670094,12560.0,0.0,13030.0,BID
501,1712697000.433357,911959.91670094,12560.0,0.0,13030.0,BID
502,1712697002.4948125,911961.95662471,12530.0,-1.6172760669214575e-10,13030.0,ASK
503,1712697003.8744965,911965.40219912,12530.0,-2.7316927779721487e-10,13030.0,ASK
504,1712697007.6008298,911966.57435777,12550.0,9.2930145683153e-11,13030.0,BID
505,1712697028.6741586,911970.74763735,12550.0,3.3086261773551317e-10,13030.0,BID
506,1712697028.6773016,911998.44686773,12550.0,2.1960282548029913e-09,13030.0,BID
507,1712697030.4289114,911998.44686773,12550.0,0.0,13030.0,BID
508,1712697058.7727094,912000.07236573,12550.0,1.2886649466805174e-10,13030.0,BID
509,1712697060.644666,912000.07236573,12550.0,0.0,13030.0,BID
510,1712697087.4464629,912008.04049322,12550.0,6.316974847609243e-10,13030.0,BID
511,1712697090.6347702,912008.04049322,12550.0,0.0,13030.0,BID
512,1712697120.418512,912008.04049322,12550.0,0.0,13030.0,BID
513,1712697150.4055755,912008.04049322,12550.0,0.0,13030.0,BID
514,1712697168.595865,912075.37292243,12550.0,5.33794031681407e-09,13030.0,BID
515,1712697180.6461952,912075.37292243,12550.0,0.0,13030.0,BID
516,1712697199.5063255,912079.35698617,12550.0,3.1582508053106555e-10,13030.0,BID
517,1712697210.6566906,912079.35698617,12550.0,0.0,13030.0,BID
518,1712697210.716804,912080.95061166,12550.0,1.263295310140601e-10,13030.0,BID
519,1712697240.387205,912080.95061166,12550.0,0.0,13030.0,BID
520,1712697270.417322,912080.95061166,12550.0,0.0,13030.0,BID
521,1712697276.238746,912081.58806185,12550.0,5.053173181832013e-11,13030.0,BID
522,1712697277.3072107,912082.38487459,12550.0,6.316466496208308e-11,13030.0,BID
523,1712697300.407301,912082.38487459,12550.0,0.0,13030.0,BID
524,1712697305.7783294,912083.06719259,12540.0,-5.41600928895719e-11,13030.0,ASK
525,1712697305.7816386,912085.88715188,12540.0,-2.2383882161760384e-10,13030.0,ASK
526,1712697305.7858667,912093.98903273,12540.0,-6.43099873393497e-10,13030.0,ASK
527,1712697309.5575044,912105.42062918,12540.0,-9.074014251485163e-10,13030.0,ASK
528,1712697318.107672,912182.96414418,12540.0,-6.155141701287535e-09,13030.0,ASK
529,1712697318.127466,912240.202817,12540.0,-4.5434120700018116e-09,13030.0,ASK
530,1712697318.287719,912241.43079273,12550.0,9.747255619908348e-11,13030.0,BID
531,1712697330.407682,912241.43079273,12550.0,0.0,13030.0,BID
532,1712697330.9077644,912305.17581265,12550.0,5.0590629628173044e-09,13030.0,BID
533,1712697341.9480171,912313.15029431,12540.0,-6.32887163014022e-10,13030.0,ASK
534,1712697360.647917,912313.15029431,12540.0,-0.0,13030.0,ASK
535,1712697375.8483152,912313.62876321,12540.0,-3.797051767461159e-11,13030.0,ASK
536,1712697390.6382575,912313.62876321,12540.0,-0.0,13030.0,ASK
537,1712697420.4286587,912313.62876321,12540.0,-0.0,13030.0,ASK
538,1712697434.6007552,912334.91948721,12540.0,-1.689596600490078e-09,13030.0,ASK
539,1712697435.2193398,912391.67554453,12550.0,4.504066724332172e-09,13030.0,BID
540,1712697435.2288203,913131.73223621,12550.0,5.8729673562752486e-08,13030.0,BID
541,1712697450.4088037,913131.73223621,12550.0,0.0,13030.0,BID
542,1712697451.8393009,913370.77606091,12550.0,1.895467836421605e-08,13030.0,BID
543,1712697451.8444362,913769.18243541,12550.0,3.1591130607035985e-08,13030.0,BID
544,1712697451.849622,913928.54498521,12550.0,1.2636452242819934e-08,13030.0,BID
545,1712697455.612469,913968.38562266,12550.0,3.1591130607026757e-09,13030.0,BID
546,1712697457.9393983,915318.38562266,12550.0,1.070465460624722e-07,13030.0,BID
547,1712697457.9443204,916220.08415586,12550.0,7.149904708789123e-08,13030.0,BID
548,1712697457.9488297,916459.12798056,12550.0,1.895467836421605e-08,13030.0,BID
549,1712697467.5590308,916538.80925546,12550.0,6.318226121414582e-09,13030.0,BID
550,1712697480.6298983,916538.80925546,12550.0,0.0,13030.0,BID
551,1712697482.1092443,916548.93798919,12540.0,-8.004312894681151e-10,13030.0,ASK
552,1712697482.1116188,916549.73543646,12540.0,-6.301890874415261e-11,13030.0,ASK
553,1712697482.1297226,916549.73543735,12540.0,-7.033257787358726e-17,13030.0,ASK
554,1712697486.2212265,916550.53352194,12530.0,-6.306927346617672e-11,13030.0,ASK
555,1712697486.2262554,916686.84670245,12530.0,-1.0772258187074502e-08,13030.0,ASK
556,1712697486.231099,916991.15635835,12530.0,-2.4048314109545496e-08,13030.0,ASK
557,1712697486.3190837,916991.15635926,12530.0,-7.191494587806825e-17,13030.0,ASK
558,1712697510.6291544,916991.15635926,12530.0,-0.0,13030.0,ASK
559,1712697531.7201502,917007.13075926,12520.0,-1.2618245489329135e-09,13030.0,ASK
560,1712697531.72517,917007.83141069,12530.0,-5.5344750008964895e-11,13030.0,ASK
561,1712697531.7290454,917031.60024375,12520.0,-1.877510082039917e-09,13030.0,ASK
562,1712697540.4167595,917031.60024375,12520.0,-0.0,13030.0,ASK
563,1712697554.2200902,917111.40870344,12530.0,-6.3038515278559874e-09,13030.0,ASK
564,1712697554.2254252,917212.32680785,12520.0,-7.971244516497169e-09,13030.0,ASK
565,1712697554.2305443,917292.07162443,12520.0,-6.2988245330026454e-09,13030.0,ASK
566,1712697554.299658,917387.58260818,12520.0,7.544150872957848e-09,13030.0,BID
567,1712697554.3606234,917397.58260818,12520.0,7.89872596507366e-10,13030.0,BID
568,1712697554.3804784,917430.9205864,12520.0,2.633275541890794e-09,13030.0,BID
569,1712697570.410153,917430.9205864,12520.0,0.0,13030.0,BID
570,1712697572.060058,917439.84167483,12530.0,-7.043741292086259e-10,13030.0,ASK
571,1712697572.0631888,917451.4572764,12530.0,-9.171223113989723e-10,13030.0,ASK
572,1712697600.4518988,917451.4572764,12530.0,-0.0,13030.0,ASK
573,1712697610.2341044,917451.4572768,12530.0,-3.1597213343498084e-17,13030.0,ASK
574,1712697616.4699874,917452.74311876,12530.0,1.0157178342223152e-10,13030.0,BID
575,1712697621.6125703,917479.53936819,12530.0,2.1167009075117403e-09,13030.0,BID
576,1712697627.2908323,917480.23692498,12520.0,-5.5101707207695816e-11,13030.0,ASK
577,1712697627.2960243,917545.21266319,12520.0,-5.132591573848815e-09,13030.0,ASK
578,1712697627.309934,917545.21266394,12520.0,-5.924937298374801e-17,13030.0,ASK
579,1712697630.4103117,917545.21266394,12520.0,-0.0,13030.0,ASK
580,1712697638.9061232,917546.84205594,12520.0,-1.2869770049259347e-10,13030.0,ASK
581,1712697660.4611888,917546.84205594,12520.0,-0.0,13030.0,ASK
582,1712697690.415827,917546.84205594,12520.0,-0.0,13030.0,ASK
583,1712697703.800738,917547.32128916,12530.0,3.7852225892678656e-11,13030.0,BID
584,1712697708.280826,917547.32129013,12520.0,-7.661325463420862e-17,13030.0,ASK
585,1712697720.6501951,917547.32129013,12520.0,-0.0,13030.0,ASK
586,1712697725.5619562,917597.32129013,12510.0,-3.949247083875841e-09,13030.0,ASK
587,1712697725.5650518,917649.42099636,12510.0,-4.115092257991253e-09,13030.0,ASK
588,1712697725.5692708,917690.7081782,12500.0,-3.26106564965582e-09,13030.0,ASK
589,1712697725.572463,917698.309673,12510.0,-6.004036234452052e-10,13030.0,ASK
590,1712697725.5748372,917842.84941084,12500.0,-1.141646276337204e-08,13030.0,ASK
591,1712697726.6606743,917843.32688732,12500.0,-3.7713451930533896e-11,13030.0,ASK
592,1712697746.632012,917851.32688732,12500.0,-6.31879533420134e-10,13030.0,ASK
593,1712697746.6368034,917873.32688732,12500.0,-1.73766871690537e-09,13030.0,ASK
594,1712697746.6408606,918517.16872632,12500.0,-5.085381010296022e-08,13030.0,ASK
595,1712697746.690948,918517.16872666,12500.0,-2.684956762221981e-17,13030.0,ASK
596,1712697746.7707503,918567.35872666,12510.0,3.964254222799351e-09,13030.0,BID
597,1712697749.2609,918581.33872666,12510.0,1.1042094846502138e-09,13030.0,BID
598,1712697750.6922402,918581.33872666,12510.0,0.0,13030.0,BID
599,1712697756.8709524,918582.13808717,12510.0,6.307304347883582e-11,13030.0,BID
600,1712697780.4209237,918582.13808717,12510.0,0.0,13030.0,BID
601,1712697790.044804,918662.07413832,12510.0,6.307299383291741e-09,13030.0,BID
602,1712697810.4120584,918662.07413832,12510.0,0.0,13030.0,BID
603,1712697825.1213052,918663.75279539,12510.0,1.3244283640379635e-10,13030.0,BID
604,1712697830.0823815,918666.15471539,12490.0,-1.8950690007642435e-10,13030.0,ASK
605,1712697830.0877664,918684.26140901,12490.0,-1.428583540923015e-09,13030.0,ASK
606,1712697840.6311605,918684.26140901,12490.0,-0.0,13030.0,ASK
607,1712697870.6312523,918684.26140901,12490.0,-0.0,13030.0,ASK
608,1712697900.4017837,918684.26140901,12490.0,-0.0,13030.0,ASK
609,1712697930.421738,918684.26140901,12490.0,-0.0,13030.0,ASK
610,1712697932.636824,918809.08126489,12490.0,-9.851307187704028e-09,13030.0,ASK
611,1712697936.1617737,918810.42731005,12490.0,1.0623553653284364e-10,13030.0,BID
612,1712697944.4723575,918818.43371517,12490.0,6.318991137301637e-10,13030.0,BID
613,1712697954.4717245,918946.53619715,12490.0,1.0110385824396056e-08,13030.0,BID
614,1712697960.6216583,918946.53619715,12490.0,0.0,13030.0,BID
615,1712697967.3321393,919005.57736196,12490.0,4.658572229817592e-09,13030.0,BID
616,1712697990.641986,919005.57736196,12490.0,0.0,13030.0,BID
617,1712698015.4822094,919020.57736196,12480.0,-1.18348813042113e-09,13030.0,ASK
618,1712698015.487685,919205.57736196,12480.0,-1.4596353608527277e-08,13030.0,ASK
619,1712698020.4468431,919205.57736196,12480.0,-0.0,13030.0,ASK
620,1712698024.2723873,919236.47867108,12490.0,2.4376087929892963e-09,13030.0,BID
621,1712698024.2782533,919245.48935152,12490.0,7.107955778203135e-10,13030.0,BID
622,1712698050.392069,919245.48935152,12490.0,0.0,13030.0,BID
623,1712698077.0337808,919395.48935152,12490.0,1.1832085811370485e-08,13030.0,BID
624,1712698080.666278,919395.48935152,12490.0,0.0,13030.0,BID
625,1712698082.4123704,919413.80668323,12480.0,-1.4446681071599767e-09,13030.0,ASK
626,1712698082.4182658,919438.76820799,12480.0,-1.968688414761893e-09,13030.0,ASK
627,1712698110.6324043,919438.76820799,12480.0,-0.0,13030.0,ASK
628,1712698127.842664,919439.22572799,12480.0,-3.608256966165453e-11,13030.0,ASK
629,1712698127.8492465,919478.45074767,12480.0,-3.0935030270027472e-09,13030.0,ASK
630,1712698140.4266074,919478.45074767,12480.0,-0.0,13030.0,ASK
631,1712698152.932829,919480.85459382,12480.0,-1.8957326145671967e-10,13030.0,ASK
632,1712698152.938536,919496.22968941,12480.0,-1.2125181206577858e-09,13030.0,ASK
633,1712698170.4224706,919496.22968941,12480.0,-0.0,13030.0,ASK
634,1712698172.7553816,919733.76380382,12490.0,1.8732200830590373e-08,13030.0,BID
635,1712698172.7623713,919883.14719943,12490.0,1.1780538447171973e-08,13030.0,BID
636,1712698200.5327215,919883.14719943,12490.0,0.0,13030.0,BID
637,1712698208.4926891,919885.54912096,12490.0,1.8975495923012807e-10,13030.0,BID
638,1712698215.722653,919886.95125134,12490.0,1.1077014373169411e-10,13030.0,BID
639,1712698228.0828636,919888.58455798,12490.0,1.2903337224742471e-10,13030.0,BID
640,1712698230.402969,919888.58455798,12490.0,0.0,13030.0,BID
641,1712698238.6627674,919928.6165836,12490.0,3.1625656956890077e-09,13030.0,BID
642,1712698243.203024,919929.10599866,12480.0,-3.86642258500258e-11,13030.0,ASK
643,1712698243.2071884,920001.44979554,12480.0,-5.715224417579139e-09,13030.0,ASK
644,1712698260.6227422,920001.44979554,12480.0,-0.0,13030.0,ASK
645,1712698265.1129422,921351.44979554,12490.0,1.0663933304212216e-07,13030.0,BID
646,1712698265.7627523,921494.64523124,12490.0,1.1311307968685046e-08,13030.0,BID
647,1712698272.5831332,921495.04491149,12510.0,3.157158170360283e-11,13030.0,BID
648,1712698280.573757,921735.23706521,12510.0,1.8973282277516e-08,13030.0,BID
649,1712698280.576425,921842.69698473,12510.0,8.488484552865302e-09,13030.0,BID
650,1712698290.626872,921842.69698473,12510.0,0.0,13030.0,BID
651,1712698320.4128883,921842.69698473,12510.0,0.0,13030.0,BID
652,1712698322.593072,921843.54755864,12510.0,6.706674810919322e-11,13030.0,BID
653,1712698343.4736412,921951.19057935,12490.0,-8.487525034991479e-09,13030.0,ASK
654,1712698343.592985,921960.10529191,12490.0,-7.029145552941364e-10,13030.0,ASK
655,1712698350.4167314,921960.10529191,12490.0,-0.0,13030.0,ASK
656,1712698380.4537728,921960.10529191,12490.0,-0.0,13030.0,ASK
657,1712698410.4332032,921960.10529191,12490.0,-0.0,13030.0,ASK
658,1712698440.6467595,921960.10529191,12490.0,-0.0,13030.0,ASK
659,1712698463.7552905,921962.1005034,12530.0,1.5730188080062343e-10,13030.0,BID
660,1712698465.4636748,922055.61627566,12530.0,7.372755687813525e-09,13030.0,BID
661,1712698465.470701,922064.27012994,12530.0,6.82267299114613e-10,13030.0,BID
662,1712698465.4759371,922290.27012994,12530.0,1.781777282245774e-08,13030.0,BID
663,1712698465.5632894,922315.53723903,12530.0,-1.9920513701142366e-09,13030.0,ASK
664,1712698465.7034743,922331.8542725,12530.0,-1.2864300686078161e-09,13030.0,ASK
665,1712698470.623237,922331.8542725,12530.0,-0.0,13030.0,ASK
666,1712698484.4235723,922491.34390567,12530.0,-1.2569499292619e-08,13030.0,ASK
667,1712698484.5233507,922654.37970295,12530.0,-1.2848975183227754e-08,13030.0,ASK
668,1712698495.1233828,922893.61415271,12530.0,-1.8854248939323018e-08,13030.0,ASK
669,1712698495.2034624,923132.84860247,12530.0,-1.88542489393322e-08,13030.0,ASK
670,1712698495.2838163,923372.08305223,12530.0,-1.8854248939323018e-08,13030.0,ASK
671,1712698495.3033364,923514.94019563,12530.0,-1.1258680123732165e-08,13030.0,ASK
672,1712698495.523386,923754.17464539,12530.0,-1.88542489393322e-08,13030.0,ASK
673,1712698495.5836327,923893.78898353,12530.0,-1.1003112174821996e-08,13030.0,ASK
674,1712698500.443381,923893.78898353,12530.0,-0.0,13030.0,ASK
675,1712698507.5073185,924114.85080826,12530.0,-1.7425227102940872e-08,13030.0,ASK
676,1712698530.4232635,924114.85080826,12530.0,-0.0,13030.0,ASK
677,1712698560.624108,924114.85080826,12530.0,-0.0,13030.0,ASK
678,1712698590.633412,924114.85080826,12530.0,-0.0,13030.0,ASK
679,1712698620.431173,924114.85080826,12530.0,-0.0,13030.0,ASK
680,1712698650.433838,924114.85080826,12530.0,-0.0,13030.0,ASK
681,1712698680.6437626,924114.85080826,12530.0,-0.0,13030.0,ASK
682,1712698710.6264515,924114.85080826,12530.0,-0.0,13030.0,ASK
683,1712698740.3956697,924114.85080826,12530.0,-0.0,13030.0,ASK
684,1712698770.413881,924114.85080826,12530.0,-0.0,13030.0,ASK
685,1712698800.4166453,924114.85080826,12530.0,-0.0,13030.0,ASK
686,1712698830.4340005,924114.85080826,12530.0,-0.0,13030.0,ASK
687,1712698839.4326518,924115.65144826,12540.0,6.330485187276622e-11,13030.0,BID
688,1712698860.6419814,924115.65144826,12540.0,0.0,13030.0,BID
689,1712698890.156419,924116.448261,12550.0,6.30021887999464e-11,13030.0,BID
690,1712698890.631488,924116.448261,12550.0,0.0,13030.0,BID
691,1712698920.4315343,924116.448261,12550.0,0.0,13030.0,BID
692,1712698950.4219625,924116.448261,12550.0,0.0,13030.0,BID
693,1712698980.6393542,924116.448261,12550.0,0.0,13030.0,BID
694,1712699010.6289296,924116.448261,12550.0,0.0,13030.0,BID
695,1712699040.3921032,924116.448261,12550.0,0.0,13030.0,BID
696,1712699043.56872,924117.21200602,12550.0,-6.038755090561797e-11,13030.0,ASK
697,1712699043.5741956,924133.148261,12550.0,-1.260042793886714e-09,13030.0,ASK
698,1712699057.6590607,924172.15653819,12560.0,3.084294185594172e-09,13030.0,BID
699,1712699057.6654017,924172.95717819,12560.0,6.330475157426647e-11,13030.0,BID
700,1712699070.428032,924172.95717819,12560.0,0.0,13030.0,BID
701,1712699100.427496,924172.95717819,12560.0,0.0,13030.0,BID
702,1712699130.407417,924172.95717819,12560.0,0.0,13030.0,BID
703,1712699131.1551256,924172.99024591,12550.0,-2.6303357887513347e-12,13030.0,ASK
704,1712699131.160493,924174.61704016,12540.0,-1.2940157758862843e-10,13030.0,ASK
705,1712699131.164839,924197.92930075,12540.0,-1.8543483895012686e-09,13030.0,ASK
706,1712699131.1680331,924204.80431194,12530.0,-5.468652805534257e-10,13030.0,ASK
707,1712699160.6274004,924204.80431194,12530.0,-0.0,13030.0,ASK
708,1712699190.646209,924204.80431194,12530.0,-0.0,13030.0,ASK
709,1712699210.8160698,924220.70894736,12540.0,-1.2650767290638258e-09,13030.0,ASK
710,1712699220.4214993,924220.70894736,12540.0,-0.0,13030.0,ASK
711,1712699221.836057,924258.39097923,12550.0,-2.997233455857114e-09,13030.0,ASK
712,1712699250.4005084,924258.39097923,12550.0,-0.0,13030.0,ASK
713,1712699280.6352537,924258.39097923,12550.0,-0.0,13030.0,ASK
714,1712699298.455385,924313.93627566,12560.0,4.4179135379348205e-09,13030.0,BID
715,1712699298.458841,924329.22203018,12560.0,1.215785065025689e-09,13030.0,BID
716,1712699305.855029,924331.82203018,12560.0,-2.067965415042176e-10,13030.0,ASK
717,1712699310.6449993,924331.82203018,12560.0,-0.0,13030.0,ASK
718,1712699318.0048325,924331.83441825,12560.0,-9.852392767264729e-13,13030.0,ASK
719,1712699332.2646704,924332.63059659,12560.0,6.332109618232554e-11,13030.0,BID
720,1712699340.4147658,924332.63059659,12560.0,0.0,13030.0,BID
721,1712699370.4242396,924332.63059659,12560.0,0.0,13030.0,BID
722,1712699381.3944397,924341.80455707,12570.0,7.296163881487862e-10,13030.0,BID
723,1712699384.024223,924351.34487091,12560.0,7.58752922570844e-10,13030.0,BID
724,1712699384.5274627,924360.8265366,12560.0,7.540885628850571e-10,13030.0,BID
725,1712699391.147785,924368.78198608,12560.0,6.32706705933931e-10,13030.0,BID
726,1712699400.4744506,924368.78198608,12560.0,0.0,13030.0,BID
727,1712699405.0941908,924376.74376951,12560.0,6.3432018539903e-10,13030.0,BID
728,1712699410.9742224,924526.07571181,12560.0,1.1897367739164344e-08,13030.0,BID
729,1712699424.504192,924537.37308859,12560.0,9.00068960255927e-10,13030.0,BID
730,1712699428.019434,924562.04153727,12560.0,1.9653504868400794e-09,13030.0,BID
731,1712699430.404078,924562.04153727,12560.0,0.0,13030.0,BID
732,1712699449.5845263,924588.80807337,12560.0,2.132094082020329e-09,13030.0,BID
733,1712699449.5922167,924662.04153727,12560.0,5.833427022575751e-09,13030.0,BID
734,1712699460.623628,924662.04153727,12560.0,0.0,13030.0,BID
735,1712699473.2137074,924662.85363918,12560.0,-6.468167782818134e-11,13030.0,ASK
736,1712699473.2202892,924663.64153727,12560.0,-6.275391031148737e-11,13030.0,ASK
737,1712699474.193565,924665.23325702,12550.0,-1.2677608904912443e-10,13030.0,ASK
738,1712699474.1967652,924665.24153727,12560.0,-6.594990812721166e-13,13030.0,ASK
739,1712699490.633369,924665.24153727,12560.0,-0.0,13030.0,ASK
740,1712699515.613191,925461.34153727,12560.0,-6.340696692319663e-08,13030.0,ASK
741,1712699515.7734554,925461.41988121,12560.0,-6.239858824455935e-12,13030.0,ASK
742,1712699515.783579,925567.79628895,12550.0,-8.47256044087725e-09,13030.0,ASK
743,1712699515.7883718,925663.3072727,12550.0,-7.607162149777471e-09,13030.0,ASK
744,1712699515.7930295,926199.00104069,12540.0,-4.266639496031224e-08,13030.0,ASK
745,1712699515.7968123,926234.94153727,12550.0,-2.8625522897248006e-09,13030.0,ASK
746,1712699516.1430774,926257.44153727,12540.0,-1.792057223680399e-09,13030.0,ASK
747,1712699520.4331229,926257.44153727,12540.0,-0.0,13030.0,ASK
748,1712699550.403153,926257.44153727,12540.0,-0.0,13030.0,ASK
749,1712699565.792752,926257.83962644,12560.0,3.1656215894658216e-11,13030.0,BID
750,1712699580.6026738,926257.83962644,12560.0,0.0,13030.0,BID
751,1712699583.7326975,926265.80140944,12550.0,-6.331240343718436e-10,13030.0,ASK
752,1712699600.4527912,926265.80140987,12550.0,-3.419680232119133e-17,13030.0,ASK
753,1712699610.6124227,926265.80140987,12550.0,-0.0,13030.0,ASK
754,1712699640.4029267,926265.80140987,12550.0,-0.0,13030.0,ASK
755,1712699653.3927424,926317.8930173,12540.0,-4.142311665861806e-09,13030.0,ASK
756,1712699653.3992589,926417.8930173,12540.0,-7.951975126562794e-09,13030.0,ASK
757,1712699670.415378,926417.8930173,12540.0,-0.0,13030.0,ASK
758,1712699694.6321747,926419.48791363,12540.0,1.2680652767259893e-10,13030.0,BID
759,1712699694.9225798,926530.16048933,12530.0,-8.799321165806294e-09,13030.0,ASK
760,1712699694.925542,926658.91329273,12530.0,-1.0236838358096432e-08,13030.0,ASK
761,1712699700.4220078,926658.91329273,12530.0,-0.0,13030.0,ASK
762,1712699730.4420085,926658.91329273,12530.0,-0.0,13030.0,ASK
763,1712699760.4717283,926658.91329273,12530.0,-0.0,13030.0,ASK
764,1712699783.16218,926666.96110149,12530.0,-6.40363132730668e-10,13030.0,ASK
765,1712699783.1680324,926844.96807461,12530.0,-1.4163992504660932e-08,13030.0,ASK
766,1712699783.1729603,926869.79648641,12530.0,-1.975593610034017e-09,13030.0,ASK
767,1712699790.4181416,926869.79648641,12530.0,-0.0,13030.0,ASK
768,1712699820.6314695,926869.79648641,12530.0,-0.0,13030.0,ASK
769,1712699847.6625838,926874.79648641,12530.0,3.977657409674181e-10,13030.0,BID
770,1712699850.621213,926874.79648641,12530.0,0.0,13030.0,BID
771,1712699880.4208758,926874.79648641,12530.0,0.0,13030.0,BID
772,1712699889.4210649,926877.03112328,12530.0,1.7777151206208535e-10,13030.0,BID
773,1712699910.4210474,926877.03112328,12530.0,0.0,13030.0,BID
774,1712699940.6213615,926877.03112328,12530.0,0.0,13030.0,BID
775,1712699944.8409193,926878.62729247,12530.0,1.2697936840437578e-10,13030.0,BID
776,1712699951.8218708,927038.24421186,12530.0,1.2697936871341996e-08,13030.0,BID
777,1712699970.640624,927038.24421186,12530.0,0.0,13030.0,BID
778,1712699988.3206794,927118.05267155,12530.0,6.347948344088376e-09,13030.0,BID
779,1712699995.7106292,927127.62968671,12530.0,7.61753801068373e-10,13030.0,BID
780,1712700000.4958797,927127.62968671,12530.0,0.0,13030.0,BID
781,1712700000.8907602,927276.05940062,12530.0,1.1829496865614422e-08,13030.0,BID
782,1712700020.8510478,927435.42195042,12540.0,1.2700818008022304e-08,13030.0,BID
783,1712700020.861225,927522.3371855,12540.0,6.926938507575807e-09,13030.0,BID
784,1712700020.86646,927689.36936872,12540.0,1.3312069637585224e-08,13030.0,BID
785,1712700030.4602983,927689.36936872,12540.0,0.0,13030.0,BID
786,1712700052.4404848,927690.18276584,12540.0,-6.478945954053718e-11,13030.0,ASK
787,1712700052.4504187,927690.59743888,12540.0,-3.3029920428803825e-11,13030.0,ASK
788,1712700059.0704982,927700.00148515,12550.0,7.4905978931268e-10,13030.0,BID
789,1712700059.0782125,927714.52088385,12550.0,1.1565125711892786e-09,13030.0,BID
790,1712700060.6106124,927714.52088385,12550.0,0.0,13030.0,BID
791,1712700073.72041,927794.26570043,12540.0,-6.351748176351014e-09,13030.0,ASK
792,1712700090.6303818,927794.26570043,12540.0,-0.0,13030.0,ASK
793,1712700120.3928611,927794.26570043,12540.0,-0.0,13030.0,ASK
794,1712700147.44998,927798.25294125,12540.0,3.1756211398232155e-10,13030.0,BID
795,1712700150.4003005,927798.25294125,12540.0,0.0,13030.0,BID
796,1712700150.9800975,927802.23237099,12540.0,3.1693874168916967e-10,13030.0,BID
797,1712700156.9204674,927812.23237099,12540.0,7.964426121259323e-10,13030.0,BID
798,1712700159.8900468,927851.78847446,12530.0,-3.150416637319973e-09,13030.0,ASK
799,1712700180.6199017,927851.78847446,12530.0,-0.0,13030.0,ASK
800,1712700210.629859,927851.78847446,12530.0,-0.0,13030.0,ASK
801,1712700215.65979,927874.40510744,12540.0,1.801188775539325e-09,13030.0,BID
802,1712700240.4104078,927874.40510744,12540.0,0.0,13030.0,BID
803,1712700270.3994796,927874.40510744,12540.0,0.0,13030.0,BID
804,1712700272.60997,927878.39234826,12530.0,-3.1753670877862595e-10,13030.0,ASK
805,1712700272.616821,928101.22067686,12530.0,-1.7745648502094528e-08,13030.0,ASK
806,1712700272.6219904,928113.6395572,12530.0,-9.890173600861267e-10,13030.0,ASK
807,1712700272.6295874,928117.16965031,12530.0,-2.811302849245121e-10,13030.0,ASK
808,1712700272.6325293,928273.12919037,12530.0,-1.2420338095443057e-08,13030.0,ASK
809,1712700272.6897326,928386.79461436,12530.0,-9.052110535683047e-09,13030.0,ASK
810,1712700295.139577,928389.19078049,12520.0,-1.9082637366753607e-10,13030.0,ASK
811,1712700295.149856,928486.79461436,12520.0,-7.772994301017031e-09,13030.0,ASK
812,1712700300.609445,928486.79461436,12520.0,-0.0,13030.0,ASK
813,1712700302.9097252,928488.44136202,12530.0,1.31863683644514e-10,13030.0,BID
814,1712700318.6497338,928498.82474859,12520.0,-8.31451979608173e-10,13030.0,ASK
815,1712700318.656334,928590.84136202,12520.0,-7.368250702910641e-09,13030.0,ASK
816,1712700318.6698232,928696.0363101,12520.0,-8.42350876912864e-09,13030.0,ASK
817,1712700318.675048,928758.14136202,12520.0,-4.9730757893231905e-09,13030.0,ASK
818,1712700318.7907462,928758.17350479,12520.0,-2.573839419218462e-12,13030.0,ASK
819,1712700318.79376,928905.04452797,12510.0,-1.176072971439168e-08,13030.0,ASK
820,1712700318.7967691,928910.45699798,12510.0,-4.334047349607495e-10,13030.0,ASK
821,1712700330.6095414,928910.45699798,12510.0,-0.0,13030.0,ASK
822,1712700336.279809,928911.25699798,12500.0,-6.403298760308293e-11,13030.0,ASK
823,1712700336.286945,928935.25699798,12500.0,-1.920989628260213e-09,13030.0,ASK
1024,1712700336.29266,929080.45699798,12500.0,-1.1621987250979881e-08,13030.0,ASK
824,1712700336.29266,929080.45699798,12500.0,-1.162198725097988e-08,13030.0,ASK
825,1712700341.6498387,929129.12809802,12510.0,3.895694932199613e-09,13030.0,BID
826,1712700342.2294905,929129.97394762,12500.0,-6.770284619758296e-11,13030.0,ASK
827,1712700342.2364256,929137.12809802,12500.0,-5.726270298891541e-10,13030.0,ASK
828,1712700350.15986,929145.11531847,12520.0,6.39306985133977e-10,13030.0,BID
829,1712700351.8493843,929153.06763617,12520.0,-6.3651332592293e-10,13030.0,ASK
830,1712700360.4094567,929153.06763617,12520.0,-0.0,13030.0,ASK
831,1712700390.409324,929153.06763617,12520.0,-0.0,13030.0,ASK
832,1712700403.0795507,929153.86635821,12520.0,6.391517949873382e-11,13030.0,BID
833,1712700408.1393163,929253.76108296,12520.0,7.993756204816592e-09,13030.0,BID
834,1712700420.6091914,929253.76108296,12520.0,0.0,13030.0,BID
835,1712700424.4391444,929261.7483034,12520.0,6.390873257365081e-10,13030.0,BID
836,1712700427.229473,929269.73552384,12520.0,6.390873257271932e-10,13030.0,BID
837,1712700442.8802369,929312.40955099,12520.0,3.414508225281439e-09,13030.0,BID
838,1712700450.649085,929312.40955099,12520.0,0.0,13030.0,BID
839,1712700480.3991137,929312.40955099,12520.0,0.0,13030.0,BID
840,1712700510.419171,929312.40955099,12520.0,0.0,13030.0,BID
841,1712700540.6389213,929312.40955099,12520.0,0.0,13030.0,BID
842,1712700570.6488032,929312.40955099,12520.0,0.0,13030.0,BID
843,1712700588.973741,929313.40955099,12540.0,8.000903253273103e-11,13030.0,BID
844,1712700600.4099953,929313.40955099,12540.0,0.0,13030.0,BID
845,1712700601.728937,929315.44947477,12520.0,-1.6343688369976248e-10,13030.0,ASK
846,1712700601.9891107,929318.89504918,12520.0,-2.7605636526582247e-10,13030.0,ASK
847,1712700602.5489168,929319.36807037,12520.0,-3.789803814243319e-11,13030.0,ASK
848,1712700603.3693523,929320.36807037,12530.0,-8.011911293004637e-11,13030.0,ASK
849,1712700614.7692757,929321.36807037,12530.0,-8.011911293004637e-11,13030.0,ASK
850,1712700614.7757864,929561.58996537,12530.0,-1.9246365133772025e-08,13030.0,ASK
851,1712700616.5988066,929734.59449737,12530.0,-1.3860969636712497e-08,13030.0,ASK
852,1712700616.6237602,929734.59449785,12530.0,-3.8464928712173276e-17,13030.0,ASK
1052,1712700616.6237602,929734.59449785,12530.0,-3.846492871217328e-17,13030.0,ASK
853,1712700630.3988256,929734.59449785,12530.0,-0.0,13030.0,ASK
854,1712700641.5187576,929735.59449785,12530.0,-8.008525131379425e-11,13030.0,ASK
855,1712700648.6887636,929736.40854413,12530.0,6.519310091429137e-11,13030.0,BID
856,1712700660.618582,929736.40854413,12530.0,0.0,13030.0,BID
857,1712700661.589069,929810.32222922,12520.0,-5.919385270673486e-09,13030.0,ASK
858,1712700661.5960958,929811.6207037,12520.0,-1.0398846576512256e-10,13030.0,ASK
859,1712700661.601238,929892.49290817,12520.0,-6.476659029572157e-09,13030.0,ASK
860,1712700661.6689656,929892.55142327,12520.0,-4.686187962022813e-12,13030.0,ASK
861,1712700684.9787896,930235.56322327,12510.0,-2.747013620166917e-08,13030.0,ASK
1061,1712700684.9787896,930235.56322327,12510.0,-2.7470136201669172e-08,13030.0,ASK
862,1712700684.988711,930292.23167906,12510.0,-4.538299262271694e-09,13030.0,ASK
863,1712700684.998444,930293.23167906,12510.0,-8.008510553185315e-11,13030.0,ASK
864,1712700690.6196582,930293.23167906,12510.0,-0.0,13030.0,ASK
865,1712700706.2486482,930294.23167906,12510.0,8.004044404673189e-11,13030.0,BID
866,1712700720.4185982,930294.23167906,12510.0,0.0,13030.0,BID
867,1712700734.0587032,930296.62976059,12510.0,1.9194331832763427e-10,13030.0,BID
868,1712700749.8184347,930299.48276059,12510.0,2.2835515821217003e-10,13030.0,BID
869,1712700750.4103577,930299.48276059,12510.0,0.0,13030.0,BID
870,1712700780.638347,930299.48276059,12510.0,0.0,13030.0,BID
871,1712700793.248597,930308.51743357,12510.0,7.231347108558848e-10,13030.0,BID
872,1712700793.255863,930316.33487851,12510.0,6.257078478481541e-10,13030.0,BID
873,1712700810.6384883,930316.33487851,12510.0,0.0,13030.0,BID
874,1712700840.4285834,930316.33487851,12510.0,0.0,13030.0,BID
875,1712700870.3885722,930316.33487851,12510.0,0.0,13030.0,BID
876,1712700877.2586255,930317.13360055,12520.0,6.392858786972663e-11,13030.0,BID
877,1712700900.452251,930317.13360055,12520.0,0.0,13030.0,BID
878,1712700930.405785,930317.13360055,12520.0,0.0,13030.0,BID
879,1712700932.824895,930325.12720566,12510.0,-6.402202570623816e-10,13030.0,ASK
880,1712700932.8283863,930365.22744546,12510.0,-3.211690530096933e-09,13030.0,ASK
881,1712700960.6215842,930365.22744546,12510.0,-0.0,13030.0,ASK
882,1712700988.5193014,930369.22744546,12500.0,-3.2035077999915157e-10,13030.0,ASK
883,1712700988.525973,930564.75372882,12500.0,-1.5659249346175376e-08,13030.0,ASK
884,1712700990.6390443,930564.75372882,12500.0,-0.0,13030.0,ASK
885,1712701001.229338,930666.77450973,12500.0,-8.168977472745234e-09,13030.0,ASK
886,1712701004.3592346,930675.93104535,12510.0,7.33179383071124e-10,13030.0,BID
887,1712701004.4591858,930706.83465551,12510.0,-2.474504634953593e-09,13030.0,ASK
888,1712701009.8191912,930714.82826062,12510.0,6.40061558899684e-10,13030.0,BID
889,1712701010.0428808,930736.16186738,12510.0,1.7082181833979635e-09,13030.0,BID
890,1712701017.379465,930814.36578353,12510.0,6.2619205970729565e-09,13030.0,BID
891,1712701020.4225574,930814.36578353,12510.0,0.0,13030.0,BID
892,1712701024.62966,930869.13208452,12520.0,4.384135050115359e-09,13030.0,BID
893,1712701024.635975,930872.68429953,12520.0,2.8436082133707384e-10,13030.0,BID
894,1712701025.8492577,930872.6843003,12520.0,6.163747630040804e-17,13030.0,BID
895,1712701050.401163,930872.6843003,12520.0,0.0,13030.0,BID
896,1712701080.6598651,930872.6843003,12520.0,0.0,13030.0,BID
897,1712701109.059788,930896.59578355,12540.0,1.914042813610968e-09,13030.0,BID
898,1712701110.6213987,930896.59578355,12540.0,0.0,13030.0,BID
1099,1712701138.3398154,930896.89128099,12540.0,2.365311973714084e-11,13030.0,BID
899,1712701138.3398154,930896.89128099,12540.0,2.3653119737140838e-11,13030.0,BID
900,1712701140.4296849,930896.89128099,12540.0,0.0,13030.0,BID
901,1712701144.0803995,930914.51847999,12520.0,-1.410970344989004e-09,13030.0,ASK
902,1712701144.088527,930920.05424869,12520.0,-4.4311098277830917e-10,13030.0,ASK
903,1712701170.4202025,930920.05424869,12520.0,-0.0,13030.0,ASK
904,1712701200.435011,930920.05424869,12520.0,-0.0,13030.0,ASK
905,1712701230.419927,930920.05424869,12520.0,-0.0,13030.0,ASK
906,1712701249.1099331,930920.75180548,12530.0,-5.605916213440774e-11,13030.0,ASK
907,1712701260.6198652,930920.75180548,12530.0,-0.0,13030.0,ASK
908,1712701273.1129005,930921.15029153,12550.0,3.2024315028225056e-11,13030.0,BID
909,1712701290.6403894,930921.15029153,12550.0,0.0,13030.0,BID
910,1712701302.931933,930928.71993297,12550.0,6.08333678740594e-10,13030.0,BID
911,1712701302.9394069,931121.15029153,12550.0,1.5464651641838813e-08,13030.0,BID
912,1712701308.1300929,931122.15029153,12550.0,8.036492660289702e-11,13030.0,BID
913,1712701309.8203838,931257.71647972,12540.0,-1.0894766763725162e-08,13030.0,ASK
914,1712701317.0401492,931344.58338562,12540.0,6.9810525168797e-09,13030.0,BID
915,1712701320.4100409,931344.58338562,12540.0,0.0,13030.0,BID
916,1712701329.390287,931345.58338562,12540.0,8.033063447368239e-11,13030.0,BID
917,1712701350.426216,931345.58338562,12540.0,0.0,13030.0,BID
918,1712701368.5404334,931425.32820221,12540.0,6.405945259656522e-09,13030.0,BID
919,1712701380.6501126,931425.32820221,12540.0,0.0,13030.0,BID
920,1712701410.640522,931425.32820221,12540.0,0.0,13030.0,BID
921,1712701415.020244,931483.64671821,12530.0,-4.6843823736360865e-09,13030.0,ASK
922,1712701415.1203866,931485.2428874,12530.0,-1.2821085534923103e-10,13030.0,ASK
923,1712701415.12752,931528.80720167,12530.0,-3.499264382624851e-09,13030.0,ASK
924,1712701415.1337008,931530.80241221,12530.0,-1.6026349307910728e-10,13030.0,ASK
925,1712701423.1303873,931542.06000703,12540.0,9.042561841658899e-10,13030.0,BID
926,1712701440.420307,931542.06000703,12540.0,0.0,13030.0,BID
927,1712701458.6304457,931542.85745519,12540.0,6.404678142576969e-11,13030.0,BID
928,1712701470.4202085,931542.85745519,12540.0,0.0,13030.0,BID
929,1712701495.1208563,931545.24979968,12540.0,1.9214019075529848e-10,13030.0,BID
930,1712701500.6201973,931545.24979968,12540.0,0.0,13030.0,BID
931,1712701504.5503025,931549.04503125,12540.0,3.0570064533725034e-10,13030.0,BID
932,1712701523.6504507,931557.0195129,12540.0,-6.42333449664496e-10,13030.0,ASK
933,1712701530.6305213,931557.0195129,12540.0,-0.0,13030.0,ASK
934,1712701534.2103982,931734.26223125,12540.0,1.4276485700538744e-08,13030.0,BID
935,1712701557.5904124,931754.19843539,12540.0,1.605814534884903e-09,13030.0,BID
936,1712701560.4205103,931754.19843539,12540.0,0.0,13030.0,BID
937,1712701590.4360194,931754.19843539,12540.0,0.0,13030.0,BID
938,1712701620.610446,931754.19843539,12540.0,0.0,13030.0,BID
939,1712701650.6408465,931754.19843539,12540.0,0.0,13030.0,BID
940,1712701669.9605176,931756.19843539,12560.0,1.6106323618782458e-10,13030.0,BID
941,1712701680.4230237,931756.19843539,12560.0,0.0,13030.0,BID
942,1712701710.4403224,931756.19843539,12560.0,0.0,13030.0,BID
943,1712701710.8206706,931851.70941914,12560.0,7.69163850729538e-09,13030.0,BID
944,1712701710.828623,932140.61599112,12560.0,2.326606665332509e-08,13030.0,BID
945,1712701713.5307095,932142.60643697,12560.0,1.6029350075847727e-10,13030.0,BID
946,1712701714.7707813,932488.60279843,12560.0,2.7863590476217e-08,13030.0,BID
947,1712701740.640585,932488.60279843,12560.0,0.0,13030.0,BID
948,1712701770.630509,932488.60279843,12560.0,0.0,13030.0,BID
949,1712701790.6306386,932489.05968943,12560.0,3.6766859880970315e-11,13030.0,BID
1149,1712701790.6306386,932489.05968943,12560.0,3.676685988097032e-11,13030.0,BID
950,1712701800.4814112,932489.05968943,12560.0,0.0,13030.0,BID
951,1712701816.7276468,932647.63259072,12570.0,1.2817933392201389e-08,13030.0,BID
952,1712701825.9809518,932717.04099322,12560.0,-5.610493803596022e-09,13030.0,ASK
953,1712701830.4146953,932717.04099322,12560.0,-0.0,13030.0,ASK
954,1712701860.6740994,932717.04099322,12560.0,-0.0,13030.0,ASK
955,1712701869.4406707,933162.33088979,12570.0,-3.5985812538846145e-08,13030.0,ASK
956,1712701874.2407727,933257.84187354,12570.0,7.718657852117536e-09,13030.0,BID
957,1712701874.2478063,934162.55197697,12570.0,7.311355688692029e-08,13030.0,BID
958,1712701875.380649,934186.08144667,12570.0,-1.9015187460644557e-09,13030.0,ASK
959,1712701890.6205602,934186.08144667,12570.0,-0.0,13030.0,ASK
960,1712701920.4204478,934186.08144667,12570.0,-0.0,13030.0,ASK
961,1712701926.340958,934265.6359415,12580.0,6.419564661624768e-09,13030.0,BID
962,1712701926.3469777,934307.05437537,12580.0,3.342216112118541e-09,13030.0,BID
963,1712701936.2506568,934324.24681171,12590.0,1.3873252166436423e-09,13030.0,BID
964,1712701950.4206507,934324.24681171,12590.0,0.0,13030.0,BID
965,1712701980.39141,934324.24681171,12590.0,0.0,13030.0,BID
966,1712701994.410596,934550.24681171,12600.0,1.8234269967566155e-08,13030.0,BID
967,1712701994.415459,935406.36240694,12600.0,6.907364109233512e-08,13030.0,BID
968,1712702010.4105785,935406.36240694,12600.0,0.0,13030.0,BID
969,1712702040.6105118,935406.36240694,12600.0,0.0,13030.0,BID
970,1712702070.648695,935406.36240694,12600.0,0.0,13030.0,BID
971,1712702090.2910938,935454.4889231,12600.0,3.878706071178233e-09,13030.0,BID
972,1712702090.299169,935460.99260416,12600.0,5.24157350767561e-10,13030.0,BID
973,1712702100.4304345,935460.99260416,12600.0,0.0,13030.0,BID
974,1712702100.6905892,935472.99135816,12600.0,-9.722818787963556e-10,13030.0,ASK
975,1712702110.4410243,935473.78690149,12610.0,6.446439050769619e-11,13030.0,BID
976,1712702110.4480886,935489.76130149,12610.0,1.2944360426617426e-09,13030.0,BID
977,1712702130.4104955,935489.76130149,12610.0,0.0,13030.0,BID
978,1712702160.651188,935489.76130149,12610.0,0.0,13030.0,BID
979,1712702162.061164,935497.69151561,12610.0,-6.42581463772527e-10,13030.0,ASK
980,1712702162.0692697,935537.34258619,12600.0,-3.212907317259014e-09,13030.0,ASK
981,1712702190.610712,935537.34258619,12600.0,-0.0,13030.0,ASK
982,1712702200.8305044,935572.55327844,12620.0,2.8529669682229702e-09,13030.0,BID
983,1712702218.6307523,935577.55327844,12610.0,-4.051279293179253e-10,13030.0,ASK
984,1712702220.4212155,935577.55327844,12610.0,-0.0,13030.0,ASK
985,1712702239.861374,936247.8477713,12620.0,5.4308771182829974e-08,13030.0,BID
1185,1712702239.861374,936247.8477713,12620.0,5.430877118282997e-08,13030.0,BID
986,1712702244.6611063,936917.47230926,12620.0,5.4254489926231935e-08,13030.0,BID
987,1712702250.4460316,936917.47230926,12620.0,0.0,13030.0,BID
988,1712702254.8105586,936974.94952796,12620.0,4.6505622697596284e-09,13030.0,BID
989,1712702278.6408277,936994.75935363,12620.0,1.6028407413407431e-09,13030.0,BID
990,1712702280.630473,936994.75935363,12620.0,0.0,13030.0,BID
991,1712702298.0811791,937025.42748308,12610.0,-2.481205497083205e-09,13030.0,ASK
992,1712702298.0895174,937028.70016493,12610.0,-2.6477637671706795e-10,13030.0,ASK
1193,1712702302.8006785,937033.70016493,12600.0,-4.0452507889877347e-10,13030.0,ASK
993,1712702302.8006785,937033.70016493,12600.0,-4.045250788987735e-10,13030.0,ASK
994,1712702310.6316743,937033.70016493,12600.0,-0.0,13030.0,ASK
995,1712702334.3107593,938010.1749074,12620.0,7.899856632107827e-08,13030.0,BID
996,1712702335.8505027,938014.14001446,12610.0,-3.207843064644908e-10,13030.0,ASK
1196,1712702335.8505027,938014.14001446,12610.0,-3.2078430646449076e-10,13030.0,ASK
997,1712702340.4204702,938014.14001446,12610.0,-0.0,13030.0,ASK
998,1712702344.5207927,938251.85792254,12610.0,-1.921257522074913e-08,13030.0,ASK
1198,1712702344.5207927,938251.85792254,12610.0,-1.9212575220749132e-08,13030.0,ASK
999,1712702344.5269673,938414.22982655,12610.0,-1.3123043378273885e-08,13030.0,ASK
1000,1712702344.6076446,938651.94773463,12610.0,-1.921257522073972e-08,13030.0,ASK
1200,1712702344.6076446,938651.94773463,12610.0,-1.9212575220739722e-08,13030.0,ASK
1201,1712702344.7207108,938889.66564271,12610.0,-1.9212575220749132e-08,13030.0,ASK
1202,1712702345.0106552,939127.38355079,12610.0,-1.9212575220739722e-08,13030.0,ASK
1203,1712702347.45723,939313.38307552,12610.0,-1.503264894412287e-08,13030.0,ASK
1204,1712702360.5010622,939316.61866235,12610.0,-2.6150303885696794e-10,13030.0,ASK
1205,1712702370.4222088,939316.61866235,12610.0,-0.0,13030.0,ASK
1206,1712702394.1207297,939356.23831369,12620.0,3.197850968246717e-09,13030.0,BID
1207,1712702394.8409026,939378.46951034,12620.0,1.794363436536136e-09,13030.0,BID
1208,1712702394.8436558,939407.73708089,12620.0,2.362295619878052e-09,13030.0,BID
1209,1712702394.846243,940040.924843,12620.0,5.110696408637741e-08,13030.0,BID
1210,1712702400.4605734,940040.924843,12620.0,0.0,13030.0,BID
1211,1712702416.4108913,940043.35113165,12610.0,-1.9621656385201964e-10,13030.0,ASK
1212,1712702416.41361,940278.64275108,12610.0,-1.902828547102373e-08,13030.0,ASK
1213,1712702416.5105314,940500.24692863,12610.0,-1.7921367374707894e-08,13030.0,ASK
1214,1712702417.2404952,940516.36065916,12610.0,1.3031346601678566e-09,13030.0,BID
1215,1712702418.2405992,940698.48222016,12610.0,-1.4728365853116867e-08,13030.0,ASK
1216,1712702430.3836594,940698.48222016,12610.0,-0.0,13030.0,ASK
1217,1712702437.160509,940896.58047689,12610.0,-1.6009682803009442e-08,13030.0,ASK
1218,1712702437.2407217,941094.67873362,12610.0,-1.6009682803009442e-08,13030.0,ASK
1219,1712702437.340685,941158.84704758,12610.0,-5.185882851583755e-09,13030.0,ASK
1220,1712702442.205829,941238.14918873,12610.0,6.408951529246652e-09,13030.0,BID
1221,1712702460.630278,941238.14918873,12610.0,0.0,13030.0,BID
1222,1712702483.6406288,941240.22922042,12620.0,1.6800926806252954e-10,13030.0,BID
1223,1712702490.6207502,941240.22922042,12620.0,0.0,13030.0,BID
1224,1712702520.4244828,941240.22922042,12620.0,0.0,13030.0,BID
1225,1712702523.920566,941914.52500092,12620.0,5.446441075165496e-08,13030.0,BID
1226,1712702528.6406686,942112.62325765,12610.0,-1.6000848790307528e-08,13030.0,ASK
1227,1712702528.8805342,942356.18423368,12610.0,-1.9672976496662066e-08,13030.0,ASK
1228,1712702530.1822274,942420.56352193,12610.0,-5.200062199035006e-09,13030.0,ASK
1229,1712702532.8907485,942554.28249042,12610.0,1.0800786592090592e-08,13030.0,BID
1230,1712702538.5176764,942554.39639581,12620.0,9.200398582154852e-12,13030.0,BID
1231,1712702538.525684,943311.85441761,12620.0,6.118161498186942e-08,13030.0,BID
1232,1712702550.4004688,943311.85441761,12620.0,0.0,13030.0,BID
1233,1712702551.590621,943321.85441761,12620.0,8.060211858349948e-10,13030.0,BID
1234,1712702554.800576,943537.74051222,12620.0,1.7400876598281713e-08,13030.0,BID
1235,1712702554.8106377,943914.09197553,12620.0,3.033472527479192e-08,13030.0,BID
1236,1712702564.6418047,944014.03808879,12620.0,8.055868472942165e-09,13030.0,BID
1237,1712702564.6450117,944435.18584734,12620.0,3.3945401575822966e-08,13030.0,BID
1238,1712702564.647941,945300.03187817,12620.0,6.970842233342368e-08,13030.0,BID
1239,1712702564.6498387,945300.45466417,12630.0,3.4077447312948495e-11,13030.0,BID
1240,1712702564.6511288,946499.06767696,12620.0,9.661074819262369e-08,13030.0,BID
1241,1712702564.6527672,946499.86322029,12630.0,6.412247782483116e-11,13030.0,BID
1242,1712702564.654022,946595.4026725,12620.0,7.700682256429155e-09,13030.0,BID
1243,1712702564.6553187,946596.19821585,12640.0,6.412247943876247e-11,13030.0,BID
1244,1712702564.6566143,948042.47791698,12630.0,1.1657320797538837e-07,13030.0,BID
1245,1712702564.657895,948327.72791698,12620.0,2.2991754325943227e-08,13030.0,BID
1246,1712702564.659192,948553.72791698,12630.0,1.821607879987088e-08,13030.0,BID
1247,1712702564.6605003,950129.72791698,12640.0,1.2702893888759516e-07,13030.0,BID
1248,1712702564.6617904,955093.17280927,12630.0,4.0006417379101786e-07,13030.0,BID
1249,1712702564.6631002,955865.97280927,12640.0,6.228931724133216e-08,13030.0,BID
1250,1712702564.7406273,956092.64000927,12640.0,-1.8269856533391835e-08,13030.0,ASK
1251,1712702564.743041,956176.38567132,12640.0,-6.750077783405552e-09,13030.0,ASK
1252,1712702564.761295,956412.14567132,12640.0,-1.9002755477246592e-08,13030.0,ASK
1253,1712702564.763543,958157.62622106,12640.0,-1.406894302553372e-07,13030.0,ASK
1254,1712702580.6408026,958157.62622106,12640.0,-0.0,13030.0,ASK
1255,1712702584.1005,958219.76686963,12620.0,4.9340943595982606e-09,13030.0,BID
1256,1712702584.110412,958391.37786527,12620.0,1.3626263405988781e-08,13030.0,BID
1257,1712702610.6305833,958391.37786527,12620.0,0.0,13030.0,BID
1258,1712702618.2007098,958470.68000642,12620.0,6.295277352865287e-09,13030.0,BID
1259,1712702618.2104683,959055.88770678,12620.0,4.645580471566957e-08,13030.0,BID
1260,1712702618.4706511,959372.59396172,12620.0,-2.5141234338977283e-08,13030.0,ASK
1261,1712702618.53083,959533.3017163,12620.0,-1.2757535586882433e-08,13030.0,ASK
1262,1712702636.550939,959689.30021666,12620.0,1.238369875209485e-08,13030.0,BID
1263,1712702636.5540192,959690.04235906,12620.0,5.891382219454942e-11,13030.0,BID
1264,1712702636.7106056,960389.54235906,12620.0,-5.5528721475505874e-08,13030.0,ASK
1265,1712702636.830508,960389.60185496,12620.0,-4.722989645250822e-12,13030.0,ASK
1266,1712702637.1908815,960720.70185496,12610.0,-2.6283859443229025e-08,13030.0,ASK
1267,1712702640.3922226,960720.70185496,12610.0,-0.0,13030.0,ASK
1268,1712702641.3734758,961037.348614,12620.0,2.507799689830128e-08,13030.0,BID
1269,1712702641.3766613,961148.20969965,12620.0,8.780048690532788e-09,13030.0,BID
1270,1712702649.62055,961354.05486894,12620.0,1.63026602029228e-08,13030.0,BID
1271,1712702649.7807326,961912.39991856,12620.0,-4.422017602517404e-08,13030.0,ASK
1272,1712702649.783822,962229.1061735,12620.0,-2.5082708893446372e-08,13030.0,ASK
1273,1712702650.12072,962241.64880768,12610.0,-9.93359736311016e-10,13030.0,ASK
1274,1712702650.1238182,962545.76112388,12610.0,-2.4085285905088908e-08,13030.0,ASK
1275,1712702670.4307125,962545.76112388,12610.0,-0.0,13030.0,ASK
1276,1712702685.0013354,962634.156046,12610.0,-6.9880135494919875e-09,13030.0,ASK
1277,1712702685.0039463,962639.68537851,12610.0,-4.3711844044235367e-10,13030.0,ASK
1278,1712702699.6308377,963374.55306543,12610.0,-5.809457410137543e-08,13030.0,ASK
1279,1712702699.6342218,963429.57049434,12610.0,-4.349373577814937e-09,13030.0,ASK
1280,1712702700.471416,963429.57049434,12610.0,-0.0,13030.0,ASK
1281,1712702721.830548,963781.02266519,12610.0,-2.7853257768936573e-08,13030.0,ASK
1282,1712702724.0204573,963874.87129642,12610.0,-7.437683798018835e-09,13030.0,ASK
1283,1712702725.570879,963895.00370191,12620.0,1.595531699993223e-09,13030.0,BID
1284,1712702725.572416,964637.22578503,12620.0,5.8822521861052527e-08,13030.0,BID
1285,1712702725.640342,965096.12408503,12620.0,-3.636856932399405e-08,13030.0,ASK
1286,1712702725.7282276,965343.36281781,12620.0,-1.959414317439212e-08,13030.0,ASK
1287,1712702725.82047,965397.36281781,12610.0,-4.279603440447861e-09,13030.0,ASK
1288,1712702726.040811,965856.22408503,12610.0,-3.6365634405240016e-08,13030.0,ASK
1289,1712702730.305197,965877.99605617,12610.0,-1.725470418441122e-09,13030.0,ASK
1290,1712702730.3117404,966185.56192993,12610.0,-2.4375184657551545e-08,13030.0,ASK
1291,1712702730.4755769,966185.56192993,12610.0,-0.0,13030.0,ASK
1292,1712702734.5506215,966226.99112993,12620.0,-3.274321363268018e-09,13030.0,ASK
1293,1712702734.61057,966555.03173975,12620.0,-2.5926408831271812e-08,13030.0,ASK
1294,1712702734.9328842,966596.39112993,12610.0,-3.268804003899919e-09,13030.0,ASK
1295,1712702741.0104182,966598.45367941,12630.0,1.6301183284188583e-10,13030.0,BID
1296,1712702756.7507205,966612.18867941,12610.0,-1.0855339693845435e-09,13030.0,ASK
1297,1712702756.8507974,966636.37668673,12620.0,-1.911678456318216e-09,13030.0,ASK
1298,1712702756.871555,966674.28447472,12620.0,-2.996009578993598e-09,13030.0,ASK
1299,1712702756.8909748,967244.84797021,12620.0,-4.5093997527907655e-08,13030.0,ASK
1300,1712702756.9711225,967362.95797021,12610.0,-9.334722761130229e-09,13030.0,ASK
1301,1712702757.0770986,967561.45797021,12610.0,-1.56882776063379e-08,13030.0,ASK
1302,1712702757.2340622,967568.30411218,12610.0,-5.410789710732608e-10,13030.0,ASK
1303,1712702757.2355423,967623.49447472,12610.0,-4.361923066605955e-09,13030.0,ASK
1304,1712702758.2304351,967659.06667472,12610.0,-2.811418381204075e-09,13030.0,ASK
1305,1712702759.74063,967666.99681146,12610.0,-6.267515699392683e-10,13030.0,ASK
1306,1712702759.74323,967694.74787472,12610.0,-2.193281532968215e-09,13030.0,ASK
1307,1712702760.6306674,967694.74787472,12610.0,-0.0,13030.0,ASK
1308,1712702782.6512697,967705.19279735,12610.0,-8.242650994767851e-10,13030.0,ASK
1309,1712702782.6603053,967705.19287472,12610.0,-6.105681203706759e-15,13030.0,ASK
1310,1712702787.3505723,967867.19287472,12620.0,-1.2784292507060714e-08,13030.0,ASK
1311,1712702787.3539443,967999.20506074,12620.0,-1.0417792596151743e-08,13030.0,ASK
1312,1712702787.430458,968648.99449912,12620.0,-5.1278384248451844e-08,13030.0,ASK
1313,1712702787.4708705,968767.10449912,12610.0,-9.32069622227631e-09,13030.0,ASK
1314,1712702787.7742095,969061.11506074,12610.0,-2.3201956913057413e-08,13030.0,ASK
1315,1712702790.6303945,969061.11506074,12610.0,-0.0,13030.0,ASK
1316,1712702796.0433283,969174.22106074,12620.0,-8.913677035269852e-09,13030.0,ASK
1317,1712702796.089798,969532.30846562,12620.0,-2.8220213582847172e-08,13030.0,ASK
1318,1712702796.404663,969645.32106074,12610.0,-8.906315967483563e-09,13030.0,ASK
1319,1712702807.800724,969663.31919175,12610.0,-1.4183997936589301e-09,13030.0,ASK
1320,1712702820.3904555,969663.31919175,12610.0,-0.0,13030.0,ASK
1321,1712702823.8707936,969726.41188381,12610.0,-4.969243986076886e-09,13030.0,ASK
1322,1712702824.152747,969727.20364944,12630.0,6.236025864269844e-11,13030.0,BID
1323,1712702850.421585,969727.20364944,12630.0,0.0,13030.0,BID
1324,1712702880.632268,969727.20364944,12630.0,0.0,13030.0,BID
1325,1712702891.281016,969727.99541507,12630.0,6.235630214924927e-11,13030.0,BID
1326,1712702910.63127,969727.99541507,12630.0,0.0,13030.0,BID
1327,1712702927.0916457,969783.46241507,12620.0,-4.3683561855506064e-09,13030.0,ASK
1328,1712702940.4434185,969783.46241507,12620.0,-0.0,13030.0,ASK
1329,1712702942.246767,969783.46292695,12620.0,-4.0311365923747494e-14,13030.0,ASK
1330,1712702942.2484558,969901.57241507,12620.0,-9.301311973837325e-09,13030.0,ASK
1331,1712702964.96246,969909.49007144,12630.0,6.23528161631622e-10,13030.0,BID
1332,1712702970.3425128,970027.60007144,12620.0,-9.301352285203247e-09,13030.0,ASK
1333,1712702970.4357848,970027.60007144,12620.0,-0.0,13030.0,ASK
1334,1712702972.1225257,970032.96807144,12620.0,-4.2263607661514815e-10,13030.0,ASK
1335,1712702998.4132316,970035.08208569,12630.0,1.6644163348043454e-10,13030.0,BID
1336,1712703000.4783487,970035.08208569,12630.0,0.0,13030.0,BID
1337,1712703002.7332573,970065.40735699,12620.0,-2.3914494790396704e-09,13030.0,ASK
1338,1712703014.873948,970068.40735699,12630.0,2.3657985995032147e-10,13030.0,BID
1339,1712703030.4234576,970068.40735699,12630.0,0.0,13030.0,BID
1340,1712703033.853774,970127.24735699,12620.0,-4.639965754326562e-09,13030.0,ASK
1341,1712703033.8574526,970211.02278703,12620.0,-6.606307383406682e-09,13030.0,ASK
1342,1712703033.893754,970295.07045584,12620.0,-6.627775408049088e-09,13030.0,ASK
1343,1712703044.7540407,970306.65645584,12620.0,-9.136411153926723e-10,13030.0,ASK
1344,1712703048.103881,970318.22425584,12620.0,-9.122059118413694e-10,13030.0,ASK
1345,1712703060.5940676,970318.22425584,12620.0,-0.0,13030.0,ASK
1346,1712703090.6346376,970318.22425584,12620.0,-0.0,13030.0,ASK
1347,1712703115.725067,970441.81867399,12630.0,9.743904320234406e-09,13030.0,BID
1348,1712703118.9756334,970456.06827399,12620.0,-1.1234062272366515e-09,13030.0,ASK
1349,1712703120.4276843,970456.06827399,12620.0,-0.0,13030.0,ASK
1350,1712703122.1050017,970717.87247399,12620.0,-2.0637218538665803e-08,13030.0,ASK
1351,1712703144.845648,971007.87247399,12620.0,-2.2859806589095138e-08,13030.0,ASK
1352,1712703150.3959372,971007.87247399,12620.0,-0.0,13030.0,ASK
1353,1712703151.4253545,971009.56396423,12620.0,-1.3326181286834575e-10,13030.0,ASK
1354,1712703172.0558138,971040.19329781,12620.0,-2.4130913813096642e-09,13030.0,ASK
1355,1712703172.065667,971077.08086423,12620.0,-2.90613794691466e-09,13030.0,ASK
1356,1712703173.5522363,971195.19086423,12620.0,-9.305139542189772e-09,13030.0,ASK
1357,1712703174.3257265,971297.72976423,12620.0,-8.0783911015331e-09,13030.0,ASK
1358,1712703176.0958908,971365.12726423,12620.0,-5.309822557747404e-09,13030.0,ASK
1359,1712703180.6171217,971365.12726423,12620.0,-0.0,13030.0,ASK
1360,1712703187.076712,971398.72717477,12620.0,-2.6461844170567713e-09,13030.0,ASK
1361,1712703195.487326,971436.19181202,12620.0,-2.9505536678137343e-09,13030.0,ASK
1362,1712703195.4939215,971491.05640713,12620.0,-4.320899499287661e-09,13030.0,ASK
1363,1712703195.5026095,971498.98033739,12620.0,-6.240546608286681e-10,13030.0,ASK
1364,1712703195.8064551,971512.11645081,12610.0,-1.0345437852110903e-09,13030.0,ASK
1365,1712703195.8102503,971555.10017477,12610.0,-3.3852131955790517e-09,13030.0,ASK
1366,1712703202.006135,971566.80021618,12610.0,-9.21444931271435e-10,13030.0,ASK
1367,1712703205.3566074,971601.50441743,12610.0,-2.733153603043109e-09,13030.0,ASK
1368,1712703210.6364987,971601.50441743,12610.0,-0.0,13030.0,ASK
1369,1712703214.5865357,971602.50441743,12610.0,-7.873720655958217e-11,13030.0,ASK
1370,1712703221.9565003,971984.10441743,12610.0,-3.004611802313472e-08,13030.0,ASK
1371,1712703240.4180124,971984.10441743,12610.0,-0.0,13030.0,ASK
1372,1712703252.4369729,971984.15534851,12610.0,-4.008648184258162e-12,13030.0,ASK
1373,1712703252.4479575,971988.12360247,12600.0,-3.1233058532948167e-10,13030.0,ASK
1374,1712703252.4515295,972026.0601104,12600.0,-2.985880401429276e-09,13030.0,ASK
1375,1712703252.4544144,972121.57109415,12590.0,-7.51741238352944e-09,13030.0,ASK
1376,1712703252.4573011,972132.44411002,12600.0,-8.55785805340837e-10,13030.0,ASK
1377,1712703252.460193,972390.01857834,12590.0,-2.02729929250674e-08,13030.0,ASK
1378,1712703252.4630811,972684.00051445,12600.0,-2.3138526693773923e-08,13030.0,ASK
1379,1712703252.4647262,972779.5114982,12590.0,-7.51741238352944e-09,13030.0,ASK
1380,1712703255.836815,972781.42743793,12610.0,1.5079845780014286e-10,13030.0,BID
1381,1712703261.307023,972836.20607687,12610.0,4.31147918859275e-09,13030.0,BID
1382,1712703261.316914,972931.71706062,12610.0,7.51741238352944e-09,13030.0,BID
1383,1712703261.3569758,972957.45506062,12610.0,-2.0257686847183102e-09,13030.0,ASK
1384,1712703261.41678,973575.05401877,12610.0,-4.860955121355087e-08,13030.0,ASK
1385,1712703270.438824,973575.05401877,12610.0,-0.0,13030.0,ASK
1386,1712703292.5975072,973590.914447,12610.0,1.246364794603568e-09,13030.0,BID
1387,1712703300.6071994,973590.914447,12610.0,0.0,13030.0,BID
1388,1712703330.6576996,973590.914447,12610.0,0.0,13030.0,BID
1389,1712703360.4626904,973590.914447,12610.0,0.0,13030.0,BID
1390,1712703360.8178916,973612.69414323,12590.0,-1.713864513182544e-09,13030.0,ASK
1391,1712703360.8979633,973695.88582819,12590.0,-6.546430911590473e-09,13030.0,ASK
1392,1712703364.848483,973727.1709008,12590.0,-2.4618514038264103e-09,13030.0,ASK
1393,1712703371.0984442,973751.1134387,12590.0,-1.884060531835723e-09,13030.0,ASK
1394,1712703371.2210178,974011.99496309,12590.0,-2.052900931565944e-08,13030.0,ASK
1395,1712703372.6983757,974043.2800357,12590.0,-2.461851403817249e-09,13030.0,ASK
1396,1712703383.358361,974052.2791012,12590.0,-7.08144817521051e-10,13030.0,ASK
1397,1712703390.4282527,974052.2791012,12590.0,-0.0,13030.0,ASK
1398,1712703407.6984866,974131.6441012,12600.0,-6.242452203518246e-09,13030.0,ASK
1399,1712703418.5386448,974131.64418056,12600.0,-6.242057012873487e-15,13030.0,ASK
1400,1712703420.4148936,974131.64418056,12600.0,-0.0,13030.0,ASK
1401,1712703450.4087043,974131.64418056,12600.0,-0.0,13030.0,ASK
1402,1712703480.6313756,974131.64418056,12600.0,-0.0,13030.0,ASK
1403,1712703510.6393096,974131.64418056,12600.0,-0.0,13030.0,ASK
1404,1712703513.2395084,974133.60052976,12600.0,1.5386449798446568e-10,13030.0,BID
1405,1712703514.1795654,974144.83852976,12590.0,-8.83855105398751e-10,13030.0,ASK
1406,1712703514.609292,974266.83852976,12590.0,-9.595152416669474e-09,13030.0,ASK
1407,1712703515.6893806,974300.01822976,12590.0,-2.609543267534134e-09,13030.0,ASK
1408,1712703515.896911,974428.61070237,12590.0,-1.0113642412531478e-08,13030.0,ASK
1409,1712703516.2901597,974630.5782304,12590.0,-1.5884501759559272e-08,13030.0,ASK
1410,1712703516.2941916,974641.39884182,12590.0,-8.51027998493254e-10,13030.0,ASK
1411,1712703516.2981849,974720.82695937,12590.0,-6.2469253611663715e-09,13030.0,ASK
1412,1712703516.4517431,974720.82695953,12590.0,-1.2580239897708225e-17,13030.0,ASK
1413,1712703540.4495847,974720.82695953,12590.0,-0.0,13030.0,ASK
1414,1712703543.9097197,974724.80152232,12580.0,-3.1241229300940717e-10,13030.0,ASK
1415,1712703543.9138978,974727.18625999,12580.0,-1.8744737548720395e-10,13030.0,ASK
1416,1712703545.290154,974754.6578247,12590.0,2.1593455625314122e-09,13030.0,BID
1417,1712703545.2943492,974756.24764984,12580.0,1.2496491908695344e-10,13030.0,BID
1418,1712703549.410715,974838.44475716,12570.0,-6.460933726128339e-09,13030.0,ASK
1419,1712703549.4140184,974933.95574091,12570.0,-7.507443464197735e-09,13030.0,ASK
1420,1712703570.3900845,974933.95574091,12570.0,-0.0,13030.0,ASK
1421,1712703575.639853,974937.93346565,12570.0,-3.1259498999126027e-10,13030.0,ASK
1422,1712703575.641867,974953.25163829,12570.0,-1.2037997438662323e-09,13030.0,ASK
1423,1712703600.6323369,974953.25163829,12570.0,-0.0,13030.0,ASK
1424,1712703630.420349,974953.25163829,12570.0,-0.0,13030.0,ASK
1425,1712703660.6007104,974953.25163829,12570.0,-0.0,13030.0,ASK
1426,1712703684.9307308,974993.0288857,12570.0,-3.131803434746167e-09,13030.0,ASK
1427,1712703684.9406278,975078.76834567,12570.0,-6.750571060362792e-09,13030.0,ASK
1428,1712703690.63051,975078.76834567,12570.0,-0.0,13030.0,ASK
1429,1712703692.581426,975102.72614567,12570.0,-1.886048077665936e-09,13030.0,ASK
1430,1712703696.0911036,975129.71834567,12570.0,-2.124927452509866e-09,13030.0,ASK
1431,1712703700.2356567,975147.27444567,12570.0,-1.3820821885169275e-09,13030.0,ASK
1432,1712703703.502613,975170.68404567,12570.0,-1.842891712877905e-09,13030.0,ASK
1433,1712703704.100895,975188.30404567,12570.0,-1.3871126367337011e-09,13030.0,ASK
1434,1712703705.4712255,975283.81502942,12580.0,7.518983683684171e-09,13030.0,BID
1435,1712703705.4754815,975738.30404567,12580.0,3.577908386476856e-08,13030.0,BID
1436,1712703705.4907262,976338.30404567,12570.0,-4.7234255507402994e-08,13030.0,ASK
1437,1712703705.610782,976339.47665789,12570.0,-9.231244202148832e-11,13030.0,ASK
1438,1712703720.4210632,976339.47665789,12570.0,-0.0,13030.0,ASK
1439,1712703727.7409058,976737.05034519,12570.0,3.12594841121161e-08,13030.0,BID
1440,1712703730.9308872,976741.02806993,12570.0,3.127511384326422e-10,13030.0,BID
1441,1712703750.4211664,976741.02806993,12570.0,0.0,13030.0,BID
1442,1712703780.6315691,976741.02806993,12570.0,0.0,13030.0,BID
1443,1712703810.642702,976741.02806993,12570.0,0.0,13030.0,BID
1444,1712703840.451356,976741.02806993,12570.0,0.0,13030.0,BID
1445,1712703866.3318005,976751.02806993,12570.0,7.859444500262088e-10,13030.0,BID
1446,1712703869.2417247,976753.5210331,12580.0,1.9593305675295508e-10,13030.0,BID
1447,1712703870.4121275,976753.5210331,12580.0,0.0,13030.0,BID
1448,1712703900.6517022,976753.5210331,12580.0,0.0,13030.0,BID
1449,1712703930.631837,976753.5210331,12580.0,0.0,13030.0,BID
1450,1712703943.5159566,976754.31721144,12560.0,-6.266223888800489e-11,13030.0,ASK
1451,1712703943.5219705,976764.89543655,12560.0,-8.32546221836226e-10,13030.0,ASK
1452,1712703951.7021255,976765.6903491,12580.0,6.256261644270836e-11,13030.0,BID
1453,1712703952.1420422,976773.63947469,12580.0,6.256261714912362e-10,13030.0,BID
1454,1712703960.432442,976773.63947469,12580.0,0.0,13030.0,BID
1455,1712703990.3881674,976773.63947469,12580.0,0.0,13030.0,BID
1456,1712704020.6124504,976773.63947469,12580.0,0.0,13030.0,BID
1457,1712704034.473005,977372.63947469,12560.0,-4.714262149263646e-08,13030.0,ASK
1458,1712704040.276126,977545.94040469,12560.0,-1.3639165521390896e-08,13030.0,ASK
1459,1712704040.2980092,977560.8319502,12560.0,-1.171997484841392e-09,13030.0,ASK
1460,1712704040.2999792,977568.79373363,12560.0,-6.266099209429174e-10,13030.0,ASK
1461,1712704040.301928,977640.26496903,12560.0,-5.624943903299534e-09,13030.0,ASK
1462,1712704040.6010256,977644.24903277,12550.0,-3.1355460583903707e-10,13030.0,ASK
1463,1712704040.6056287,977664.24903277,12550.0,-1.574044123293371e-09,13030.0,ASK
1464,1712704040.6108124,977672.21716026,12550.0,-6.27109212456856e-10,13030.0,ASK
1465,1712704050.6596334,977672.21716026,12550.0,-0.0,13030.0,ASK
1466,1712704055.6232388,977673.21716026,12560.0,7.863236343423038e-11,13030.0,BID
1467,1712704080.433929,977673.21716026,12560.0,0.0,13030.0,BID
1468,1712704110.4327354,977673.21716026,12560.0,0.0,13030.0,BID
1469,1712704140.4931724,977673.21716026,12560.0,0.0,13030.0,BID
1470,1712704140.8231697,977673.67183226,12550.0,-3.5751898639693687e-11,13030.0,ASK
1471,1712704140.827593,977680.843147,12550.0,-5.638968700174584e-10,13030.0,ASK
1472,1712704140.8328197,977680.86601088,12540.0,-1.7978391486594573e-12,13030.0,ASK
1473,1712704169.0632567,977680.9336393,12540.0,-5.317777253822169e-12,13030.0,ASK
1474,1712704169.067779,977688.88525707,12540.0,-6.252538808578322e-10,13030.0,ASK
1475,1712704170.4329162,977688.88525707,12540.0,-0.0,13030.0,ASK
1476,1712704195.273229,977698.81762865,12540.0,-7.809930098657088e-10,13030.0,ASK
1477,1712704195.2777576,977776.60455532,12540.0,-6.116469314365894e-09,13030.0,ASK
1478,1712704200.462995,977776.60455532,12540.0,-0.0,13030.0,ASK
1479,1712704203.1235049,977780.05012974,12540.0,-2.7149335090392446e-10,13030.0,ASK
1480,1712704203.2634473,977782.09005352,12540.0,-1.6073538838811328e-10,13030.0,ASK
1481,1712704204.5106127,977782.56249087,12540.0,-3.722560699536078e-11,13030.0,ASK
1482,1712704230.4532735,977782.56249087,12540.0,-0.0,13030.0,ASK
1483,1712704260.6231687,977782.56249087,12540.0,-0.0,13030.0,ASK
1484,1712704272.0437217,977783.37588799,12540.0,-6.409108693629162e-11,13030.0,ASK
1485,1712704272.213065,977799.82485131,12530.0,-1.2960851621557524e-09,13030.0,ASK
1486,1712704272.2151804,977800.6229359,12530.0,-6.288454628560469e-11,13030.0,ASK
1487,1712704272.2172344,977820.47588799,12530.0,-1.5643002010662699e-09,13030.0,ASK
1488,1712704279.1694465,977820.5750508,12530.0,-7.81346788850173e-12,13030.0,ASK
1489,1712704290.6332836,977820.5750508,12530.0,-0.0,13030.0,ASK
1490,1712704320.413611,977820.5750508,12530.0,-0.0,13030.0,ASK
1491,1712704343.1037564,977823.5750508,12520.0,-2.3637414038731545e-10,13030.0,ASK
1492,1712704343.1085725,977848.29720766,12520.0,-1.9478928587716222e-09,13030.0,ASK
1493,1712704350.4353502,977848.29720766,12520.0,-0.0,13030.0,ASK
1494,1712704359.4684534,977849.21078593,12520.0,-7.198012430740966e-11,13030.0,ASK
1495,1712704359.470595,977849.24897155,12520.0,-3.008615422789469e-12,13030.0,ASK
1496,1712704380.6537144,977849.24897155,12520.0,-0.0,13030.0,ASK
1497,1712704382.4442396,977853.2457741,12510.0,-3.1490468164746273e-10,13030.0,ASK
1498,1712704382.4492824,977859.64065818,12510.0,-5.038474906487815e-10,13030.0,ASK
1499,1712704382.453808,977970.06198867,12510.0,-8.700002937523183e-09,13030.0,ASK
1500,1712704383.008432,977971.51787298,12510.0,1.1470788947261207e-10,13030.0,BID
1501,1712704385.913714,978644.79391983,12510.0,5.304684846093105e-08,13030.0,BID
1502,1712704400.2840142,978724.72997099,12510.0,-6.298093645671185e-09,13030.0,ASK
1503,1712704410.7441623,978724.72997099,12510.0,-0.0,13030.0,ASK
1504,1712704411.683979,978794.72997099,12510.0,-5.510485498143837e-09,13030.0,ASK
1505,1712704418.5149643,978801.04539313,12510.0,-4.97157744535248e-10,13030.0,ASK
1506,1712704436.194012,978811.04539313,12510.0,-7.87212214020548e-10,13030.0,ASK
1507,1712704437.175512,978835.02620847,12510.0,-1.887799073777989e-09,13030.0,ASK
1508,1712704440.4579422,978835.02620847,12510.0,-0.0,13030.0,ASK
1509,1712704453.9340038,978930.53719222,12510.0,-7.517924701068624e-09,13030.0,ASK
1510,1712704453.9386158,978991.60917765,12510.0,-4.807139135003408e-09,13030.0,ASK
