,time,acc_trade_volume,trade_price,dev,high,ask_bid
0,1712689619.1772294,1810199.35716009,7046.0,0.0,7519.0,BID
1,1712689620.5948246,1810199.35716009,7046.0,0.0,7519.0,BID
2,1712689650.614787,1810199.35716009,7046.0,0.0,7519.0,BID
3,1712689655.7049892,1810200.06668187,7047.0,5.0551585617412436e-11,7519.0,BID
4,1712689669.3652067,1810206.99109305,7031.0,-4.933463277231213e-10,7519.0,ASK
5,1712689669.3668053,1810212.86918376,7025.0,-4.1879870943402254e-10,7519.0,ASK
6,1712689669.368394,1810255.8889206,7030.0,-3.065044613629997e-09,7519.0,ASK
7,1712689680.6249094,1810255.8889206,7030.0,-0.0,7519.0,ASK
8,1712689699.2249866,1810256.6417615,7040.0,5.36364418155994e-11,7519.0,BID
9,1712689710.604921,1810256.6417615,7040.0,0.0,7519.0,BID
10,1712689712.2850387,1810257.75352969,7030.0,-7.920832586563974e-11,7519.0,ASK
11,1712689735.965145,1810258.8668798,7030.0,-7.932103033241158e-11,7519.0,ASK
12,1712689740.9448278,1810258.8668798,7030.0,-0.0,7519.0,ASK
13,1712689770.924978,1810258.8668798,7030.0,-0.0,7519.0,ASK
14,1712689773.4550035,1810392.10847066,7030.0,-9.49283463971475e-09,7519.0,ASK
15,1712689773.4563067,1810693.4829416,7030.0,-2.1471508999584002e-08,7519.0,ASK
16,1712689773.6752768,1810786.22038142,7030.0,-6.607104999583669e-09,7519.0,ASK
17,1712689774.0349357,1810802.87838357,7035.0,1.1868040513132091e-09,7519.0,BID
18,1712689781.325345,1810827.53414046,7030.0,-1.7566063386372243e-09,7519.0,ASK
19,1712689781.5852826,1811109.21414046,7030.0,-2.0068370874730352e-08,7519.0,ASK
20,1712689783.43502,1811133.87141202,7030.0,-1.7567142517257615e-09,7519.0,ASK
21,1712689800.6161904,1811133.87141202,7030.0,-0.0,7519.0,ASK
22,1712689803.4380667,1811169.45220499,7030.0,-2.535207225048565e-09,7519.0,ASK
23,1712689803.985083,1811206.51628077,7030.0,-2.640894282109541e-09,7519.0,ASK
24,1712689804.0666618,1811230.93378565,7030.0,-1.7397991900090463e-09,7519.0,ASK
25,1712689804.20495,1811264.53399742,7030.0,-2.394086599315945e-09,7519.0,ASK
26,1712689804.2062535,1811289.05002019,7030.0,-1.746818799351612e-09,7519.0,ASK
27,1712689804.2675576,1811342.96320989,7030.0,-3.841429508563047e-09,7519.0,ASK
28,1712689804.3051636,1811396.80529661,7030.0,-3.83636326990673e-09,7519.0,ASK
29,1712689804.464861,1811423.39148002,7030.0,-1.894322150831256e-09,7519.0,ASK
30,1712689816.3751888,1811695.77487033,7030.0,-1.94078962680476e-08,7519.0,ASK
31,1712689816.5355215,1811703.16320373,7030.0,5.264344792023262e-10,7519.0,BID
32,1712689816.5372653,1811712.60277915,7034.0,6.72589838745902e-10,7519.0,BID
33,1712689830.6148355,1811712.60277915,7034.0,0.0,7519.0,BID
34,1712689860.924938,1811712.60277915,7034.0,0.0,7519.0,BID
35,1712689890.9147792,1811712.60277915,7034.0,0.0,7519.0,BID
36,1712689895.1250527,1811798.01203181,7025.0,-6.083827382211046e-09,7519.0,ASK
37,1712689895.1267328,1811997.30277915,7025.0,-1.419577467229506e-08,7519.0,ASK
38,1712689895.2449567,1812056.31576408,7025.0,-4.203582193293366e-09,7519.0,ASK
39,1712689902.9755642,1812077.40124593,7025.0,-1.501950056357096e-09,7519.0,ASK
40,1712689913.416867,1812351.14124593,7025.0,-1.9498905045315145e-08,7519.0,ASK
41,1712689914.1868722,1812379.96220251,7025.0,-2.052959361696121e-09,7519.0,ASK
42,1712689917.375034,1812396.96449475,7025.0,-1.2110984216288475e-09,7519.0,ASK
43,1712689919.885289,1812408.61894032,7025.0,-8.30163394202657e-10,7519.0,ASK
44,1712689919.9049268,1812524.10056783,7025.0,-8.225927118048658e-09,7519.0,ASK
45,1712689920.5951118,1812524.10056783,7025.0,-0.0,7519.0,ASK
46,1712689925.4551153,1812544.87901195,7025.0,-1.4794785263764572e-09,7519.0,ASK
47,1712689925.595041,1812588.93691694,7025.0,-3.137035861463074e-09,7519.0,ASK
48,1712689926.4751956,1812614.11717941,7025.0,-1.7928992853378995e-09,7519.0,ASK
49,1712689926.7751117,1812632.71460184,7025.0,-1.3241841868442079e-09,7519.0,ASK
50,1712689926.794979,1812648.86794443,7025.0,-1.1501594322188055e-09,7519.0,ASK
51,1712689927.765071,1812704.34044051,7025.0,-3.9497840300750194e-09,7519.0,ASK
52,1712689934.005052,1812708.61334051,7021.0,-3.0424144169936717e-10,7519.0,ASK
53,1712689934.0162995,1812726.55553646,7022.0,-1.2775303805509483e-09,7519.0,ASK
54,1712689934.0180502,1812769.32103895,7015.0,-3.045013487945534e-09,7519.0,ASK
55,1712689934.0198896,1812773.26927105,7014.0,-2.8112425432540835e-10,7519.0,ASK
56,1712689934.021667,1812777.83628929,7016.0,-3.251834149192185e-10,7519.0,ASK
57,1712689934.0234993,1812782.56685591,7024.0,-3.3682847913548807e-10,7519.0,ASK
58,1712689934.0248508,1812787.26954936,7017.0,-3.3484383793535036e-10,7519.0,ASK
59,1712689934.0256572,1812923.64326547,7010.0,-9.710158440252013e-09,7519.0,ASK
60,1712689934.0264692,1812928.03107382,7013.0,-3.12423211017144e-10,7519.0,ASK
61,1712689934.0272915,1813103.99825779,7007.0,-1.2529314924995529e-08,7519.0,ASK
62,1712689934.0281212,1813107.55097339,7015.0,-2.5296246485928235e-10,7519.0,ASK
63,1712689934.028945,1813112.4286624,7010.0,-3.4730397073867594e-10,7519.0,ASK
64,1712689934.029773,1813115.3085026,7009.0,-2.05052010188948e-10,7519.0,ASK
65,1712689934.030604,1813129.5707736,7008.0,-1.015510283628634e-09,7519.0,ASK
66,1712689950.6248865,1813129.5707736,7008.0,-0.0,7519.0,ASK
67,1712689970.5164409,1813129.78603037,7025.0,1.5322200709325255e-11,7519.0,BID
68,1712689970.5248604,1813130.28230543,7028.0,3.5325374758247885e-11,7519.0,BID
69,1712689980.928292,1813130.28230543,7028.0,0.0,7519.0,BID
70,1712690010.9750302,1813130.28230543,7028.0,0.0,7519.0,BID
71,1712690040.5881495,1813130.28230543,7028.0,0.0,7519.0,BID
72,1712690070.5854456,1813130.28230543,7028.0,0.0,7519.0,BID
73,1712690100.6353502,1813130.28230543,7028.0,0.0,7519.0,BID
74,1712690130.5752032,1813130.28230543,7028.0,0.0,7519.0,BID
75,1712690133.2753289,1813139.78025799,7028.0,6.76075917670327e-10,7519.0,BID
76,1712690143.0595558,1813156.76730228,7034.0,1.209158656508455e-09,7519.0,BID
77,1712690160.935044,1813156.76730228,7034.0,0.0,7519.0,BID
78,1712690190.9851613,1813156.76730228,7034.0,0.0,7519.0,BID
79,1712690200.9652328,1813173.75434657,7021.0,-1.2091426272707183e-09,7519.0,ASK
80,1712690200.967056,1813198.77234288,7020.0,-1.780788068308273e-09,7519.0,ASK
81,1712690220.60513,1813198.77234288,7020.0,-0.0,7519.0,ASK
82,1712690250.6650455,1813198.77234288,7020.0,-0.0,7519.0,ASK
83,1712690280.905544,1813198.77234288,7020.0,-0.0,7519.0,ASK
84,1712690283.3885186,1813199.48317597,7034.0,5.059623877155605e-11,7519.0,BID
85,1712690284.3650787,1813242.26310623,7018.0,-3.045023644575301e-09,7519.0,ASK
86,1712690310.9265976,1813242.26310623,7018.0,-0.0,7519.0,ASK
87,1712690340.598456,1813242.26310623,7018.0,-0.0,7519.0,ASK
88,1712690370.628739,1813242.26310623,7018.0,-0.0,7519.0,ASK
89,1712690400.667398,1813242.26310623,7018.0,-0.0,7519.0,ASK
90,1712690430.6051166,1813242.26310623,7018.0,-0.0,7519.0,ASK
91,1712690460.925249,1813242.26310623,7018.0,-0.0,7519.0,ASK
92,1712690490.9452405,1813242.26310623,7018.0,-0.0,7519.0,ASK
93,1712690520.6077464,1813242.26310623,7018.0,-0.0,7519.0,ASK
94,1712690530.045421,1813255.6708532,7034.0,9.558156191379763e-10,7519.0,BID
95,1712690539.3757389,1813285.02860872,7034.0,2.092864769291353e-09,7519.0,BID
96,1712690540.545548,1813391.0689377,7035.0,7.559435819060134e-09,7519.0,BID
97,1712690540.5856507,1813586.93613971,7035.0,1.3963041768131192e-08,7519.0,BID
98,1712690543.335635,1813816.08429438,7035.0,1.6335584630359138e-08,7519.0,BID
99,1712690543.4153078,1814451.72986338,7035.0,4.5314098218564215e-08,7519.0,BID
100,1712690543.5011194,1814564.16448137,7035.0,8.01527387467893e-09,7519.0,BID
101,1712690543.6953068,1814564.16448138,7035.0,7.137184309661623e-19,7519.0,BID
102,1712690550.596213,1814564.16448138,7035.0,0.0,7519.0,BID
103,1712690580.9253814,1814564.16448138,7035.0,0.0,7519.0,BID
104,1712690591.9051888,1814565.58878138,7043.0,1.0146867113758703e-10,7519.0,BID
105,1712690594.8551395,1814566.29800123,7050.0,5.0525588506822516e-11,7519.0,BID
106,1712690602.58566,1814567.01308138,7050.0,5.0943082614177394e-11,7519.0,BID
107,1712690610.9351847,1814567.01308138,7050.0,0.0,7519.0,BID
108,1712690631.1656556,1814716.73609377,7058.0,1.0666413943970917e-08,7519.0,BID
109,1712690631.168007,1814754.48504868,7058.0,2.6892724945597677e-09,7519.0,BID
110,1712690631.1701963,1814755.90934869,7057.0,1.0146852673445702e-10,7519.0,BID
111,1712690631.1725104,1814770.08482405,7058.0,1.0098747388928011e-09,7519.0,BID
112,1712690640.6151094,1814770.08482405,7058.0,0.0,7519.0,BID
113,1712690670.625125,1814770.08482405,7058.0,0.0,7519.0,BID
114,1712690692.6552455,1814777.43682198,7066.0,5.23710053198498e-10,7519.0,BID
115,1712690692.657655,1814780.98671875,7066.0,2.5287230003123205e-10,7519.0,BID
116,1712690692.6648662,1814784.24032578,7059.0,2.3176648401113104e-10,7519.0,BID
117,1712690700.9349625,1814784.24032578,7059.0,0.0,7519.0,BID
118,1712690730.964721,1814784.24032578,7059.0,0.0,7519.0,BID
119,1712690760.5651157,1814784.24032578,7059.0,0.0,7519.0,BID
120,1712690790.5860126,1814784.24032578,7059.0,0.0,7519.0,BID
121,1712690807.504878,1814787.71354108,7059.0,2.475460639926265e-10,7519.0,BID
122,1712690807.5151763,1814794.65997167,7059.0,4.950921272550947e-10,7519.0,BID
123,1712690812.4252143,1814824.65997167,7059.0,-2.138186457808523e-09,7519.0,ASK
124,1712690820.915697,1814824.65997167,7059.0,-0.0,7519.0,ASK
125,1712690850.9353695,1814824.65997167,7059.0,-0.0,7519.0,ASK
126,1712690880.5947802,1814824.65997167,7059.0,-0.0,7519.0,ASK
127,1712690906.4750051,1814825.36798639,7062.0,5.0461223366649365e-11,7519.0,BID
128,1712690909.2651105,1814826.39657932,7062.0,7.330929166450235e-11,7519.0,BID
129,1712690910.5746846,1814826.39657932,7062.0,0.0,7519.0,BID
130,1712690911.4072697,1814873.14335812,7062.0,-3.331706980945428e-09,7519.0,ASK
131,1712690917.3081515,1814902.85652823,7062.0,-2.117698348912275e-09,7519.0,ASK
132,1712690936.3081548,1814923.435053,7062.0,-1.4666596585651098e-09,7519.0,ASK
133,1712690937.2447543,1814998.60028737,7070.0,5.357129250478061e-09,7519.0,BID
134,1712690937.364756,1815070.64596829,7070.0,-5.134794401469441e-09,7519.0,ASK
135,1712690937.366824,1815266.51316033,7070.0,-1.3959723168323509e-08,7519.0,ASK
136,1712690937.464631,1815326.58343077,7062.0,-4.281290486967725e-09,7519.0,ASK
137,1712690940.92454,1815326.58343077,7062.0,-0.0,7519.0,ASK
138,1712690952.8245482,1815343.86843479,7062.0,-1.23161561752743e-09,7519.0,ASK
139,1712690952.8446746,1815361.30729326,7062.0,-1.2425782729714323e-09,7519.0,ASK
140,1712690963.184886,1815426.78357259,7062.0,-4.6654087038230455e-09,7519.0,ASK
141,1712690963.2646356,1815491.63450301,7062.0,-4.620850456508861e-09,7519.0,ASK
142,1712690963.3647234,1815539.92136591,7062.0,-3.440604028807583e-09,7519.0,ASK
143,1712690963.5853224,1815584.85111811,7062.0,-3.201398416634161e-09,7519.0,ASK
144,1712690965.4544952,1815629.62942171,7062.0,-3.1906071862414316e-09,7519.0,ASK
145,1712690970.9246087,1815629.62942171,7062.0,-0.0,7519.0,ASK
146,1712690988.954712,1815662.11386155,7062.0,-2.314274468029869e-09,7519.0,ASK
147,1712690989.094601,1815684.62104896,7062.0,-1.6034695203636151e-09,7519.0,ASK
148,1712691000.6958325,1815684.62104896,7062.0,-0.0,7519.0,ASK
149,1712691030.5951166,1815684.62104896,7062.0,-0.0,7519.0,ASK
150,1712691060.9145172,1815684.62104896,7062.0,-0.0,7519.0,ASK
151,1712691071.404604,1815685.48935278,7062.0,-6.198307817618865e-11,7519.0,ASK
152,1712691073.0149338,1815724.76057833,7062.0,-2.803340705409447e-09,7519.0,ASK
153,1712691073.456457,1815768.37852688,7062.0,-3.113627571952001e-09,7519.0,ASK
154,1712691074.254524,1815769.24683071,7063.0,6.1983078890866e-11,7519.0,BID
155,1712691090.945476,1815769.24683071,7063.0,0.0,7519.0,BID
156,1712691120.625384,1815769.24683071,7063.0,0.0,7519.0,BID
157,1712691150.5868587,1815769.24683071,7063.0,0.0,7519.0,BID
158,1712691180.8955388,1815769.24683071,7063.0,0.0,7519.0,BID
159,1712691210.9243577,1815769.24683071,7063.0,0.0,7519.0,BID
160,1712691211.524984,1815770.66025827,7075.0,1.0089193622346356e-10,7519.0,BID
161,1712691216.924548,1815771.36697205,7075.0,5.0445968095112086e-11,7519.0,BID
162,1712691240.577161,1815771.36697205,7075.0,0.0,7519.0,BID
163,1712691270.5852804,1815771.36697205,7075.0,0.0,7519.0,BID
164,1712691300.8845851,1815771.36697205,7075.0,0.0,7519.0,BID
165,1712691330.9643157,1815771.36697205,7075.0,0.0,7519.0,BID
166,1712691360.6057622,1815771.36697205,7075.0,0.0,7519.0,BID
167,1712691360.6546302,1815772.78019985,7076.0,1.0093484644867184e-10,7519.0,BID
168,1712691360.6567695,1815773.48691364,7075.0,5.047455752137312e-11,7519.0,BID
169,1712691360.734664,1815773.49131584,7076.0,3.144117178461481e-13,7519.0,BID
170,1712691360.7374053,1815775.60526161,7081.0,1.5098117350435774e-10,7519.0,BID
171,1712691375.1644485,1817584.60526161,7081.0,1.2920148982320588e-07,7519.0,BID
172,1712691375.2689843,1817711.59150101,7081.0,-9.069547439223642e-09,7519.0,ASK
173,1712691375.2847276,1817753.67638704,7081.0,-3.005765602041816e-09,7519.0,ASK
174,1712691375.44514,1817766.39708961,7074.0,-9.085316327601701e-10,7519.0,ASK
175,1712691390.5958583,1817766.39708961,7074.0,-0.0,7519.0,ASK
176,1712691407.5045035,1817865.20480757,7072.0,7.049882244249806e-09,7519.0,BID
177,1712691420.917086,1817865.20480757,7072.0,0.0,7519.0,BID
178,1712691449.9845543,1817867.9450649,7064.0,-1.9550627000428806e-10,7519.0,ASK
179,1712691450.9244523,1817867.9450649,7064.0,-0.0,7519.0,ASK
180,1712691480.5746062,1817867.9450649,7064.0,-0.0,7519.0,ASK
181,1712691500.5547683,1817976.02735844,7062.0,-7.71122355896844e-09,7519.0,ASK
182,1712691500.5643864,1817990.91938802,7062.0,-1.062484571493193e-09,7519.0,ASK
183,1712691510.5770416,1817990.91938802,7062.0,-0.0,7519.0,ASK
184,1712691527.0345976,1817990.91938803,7072.0,7.1425029501511385e-19,7519.0,BID
185,1712691527.0375206,1817991.62640159,7072.0,5.04393611656844e-11,7519.0,BID
186,1712691540.904255,1817991.62640159,7072.0,0.0,7519.0,BID
187,1712691552.364743,1818007.44993715,7060.0,-1.128873313754336e-09,7519.0,ASK
188,1712691570.9170327,1818007.44993715,7060.0,-0.0,7519.0,ASK
189,1712691600.6021569,1818007.44993715,7060.0,-0.0,7519.0,ASK
190,1712691626.464669,1818008.44993715,7073.0,7.134566211507461e-11,7519.0,BID
191,1712691630.5978396,1818008.44993715,7073.0,0.0,7519.0,BID
192,1712691645.0944233,1818020.21383267,7073.0,8.393024913755708e-10,7519.0,BID
193,1712691645.194521,1818020.44993715,7073.0,-1.6845021969430045e-11,7519.0,ASK
194,1712691658.4089515,1818021.57986223,7081.0,8.061521228353882e-11,7519.0,BID
195,1712691660.9272115,1818021.57986223,7081.0,0.0,7519.0,BID
196,1712691665.7142408,1818035.70016722,7081.0,1.0074153249074935e-09,7519.0,BID
197,1712691690.9243124,1818035.70016722,7081.0,0.0,7519.0,BID
198,1712691707.6445446,1818037.25340076,7082.0,1.1081489459936663e-10,7519.0,BID
199,1712691720.614148,1818037.25340076,7082.0,0.0,7519.0,BID
200,1712691724.1643472,1818044.31355325,7082.0,5.037036736091823e-10,7519.0,BID
201,1712691750.5963604,1818044.31355325,7082.0,0.0,7519.0,BID
202,1712691780.9342878,1818044.31355325,7082.0,0.0,7519.0,BID
203,1712691810.9642274,1818044.31355325,7082.0,0.0,7519.0,BID
204,1712691816.0342996,1818045.72578316,7081.0,1.0075460227713851e-10,7519.0,BID
205,1712691837.7043483,1818046.4317984,7082.0,5.037018703272946e-11,7519.0,BID
206,1712691840.576498,1818046.4317984,7082.0,0.0,7519.0,BID
207,1712691870.604222,1818046.4317984,7082.0,0.0,7519.0,BID
208,1712691900.6277647,1818046.4317984,7082.0,0.0,7519.0,BID
209,1712691930.5969713,1818046.4317984,7082.0,0.0,7519.0,BID
210,1712691960.9141202,1818046.4317984,7082.0,0.0,7519.0,BID
211,1712691968.2748685,1818050.66788989,7080.0,3.0225376467145207e-10,7519.0,BID
212,1712691990.9241836,1818050.66788989,7080.0,0.0,7519.0,BID
213,1712692020.5649142,1818050.66788989,7080.0,0.0,7519.0,BID
214,1712692050.606007,1818050.66788989,7080.0,0.0,7519.0,BID
215,1712692073.2443027,1818068.34898134,7080.0,-1.2615792247172379e-09,7519.0,ASK
216,1712692080.8971908,1818068.34898134,7080.0,-0.0,7519.0,ASK
217,1712692110.9442165,1818068.34898134,7080.0,-0.0,7519.0,ASK
218,1712692116.666147,1818121.28935881,7080.0,-3.777362048379972e-09,7519.0,ASK
219,1712692116.6676118,1818126.58062999,7080.0,-3.7753880682059426e-10,7519.0,ASK
220,1712692140.6142004,1818126.58062999,7080.0,-0.0,7519.0,ASK
221,1712692148.1660693,1818127.28674494,7081.0,5.038070150643743e-11,7519.0,BID
222,1712692170.584172,1818127.28674494,7081.0,0.0,7519.0,BID
223,1712692191.9345927,1818128.00182509,7060.0,-5.10203426915648e-11,7519.0,ASK
224,1712692200.6565585,1818128.00182509,7060.0,-0.0,7519.0,ASK
225,1712692230.5984807,1818128.00182509,7060.0,-0.0,7519.0,ASK
226,1712692241.0643082,1818142.12611887,7080.0,1.008048054202871e-09,7519.0,BID
227,1712692260.917255,1818142.12611887,7080.0,0.0,7519.0,BID
228,1712692290.9141288,1818142.12611887,7080.0,0.0,7519.0,BID
229,1712692320.6072228,1818142.12611887,7080.0,0.0,7519.0,BID
230,1712692350.608012,1818142.12611887,7080.0,0.0,7519.0,BID
231,1712692380.9242432,1818142.12611887,7080.0,0.0,7519.0,BID
232,1712692410.9541209,1818142.12611887,7080.0,0.0,7519.0,BID
233,1712692440.554253,1818142.12611887,7080.0,0.0,7519.0,BID
234,1712692458.3243444,1818142.83213411,7082.0,5.0387808453209525e-11,7519.0,BID
235,1712692470.6073308,1818142.83213411,7082.0,0.0,7519.0,BID
236,1712692481.7243855,1818144.2441646,7082.0,1.0077558167615571e-10,7519.0,BID
237,1712692500.9041977,1818144.2441646,7082.0,0.0,7519.0,BID
238,1712692502.6145363,1818145.5160566,7082.0,9.079339557034908e-11,7519.0,BID
239,1712692502.6242747,1818152.23252256,7082.0,4.794516757304484e-10,7519.0,BID
240,1712692508.3942811,1818202.23252256,7083.0,3.569225829358188e-09,7519.0,BID
241,1712692508.4041605,1818202.96704554,7083.0,5.2433567845133965e-11,7519.0,BID
242,1712692508.406706,1818207.56485117,7083.0,3.2821213225572207e-10,7519.0,BID
243,1712692508.4942997,1818207.56485118,7083.0,7.146816265881162e-19,7519.0,BID
244,1712692527.241837,1818230.70633626,7082.0,-1.6519437255536402e-09,7519.0,ASK
245,1712692530.964374,1818230.70633626,7082.0,-0.0,7519.0,ASK
246,1712692560.606011,1818230.70633626,7082.0,-0.0,7519.0,ASK
247,1712692590.5743334,1818230.70633626,7082.0,-0.0,7519.0,ASK
248,1712692608.754464,1818232.70633626,7082.0,-1.4276279237293755e-10,7519.0,ASK
249,1712692620.9142025,1818232.70633626,7082.0,-0.0,7519.0,ASK
250,1712692650.9337492,1818232.70633626,7082.0,-0.0,7519.0,ASK
251,1712692680.6358085,1818232.70633626,7082.0,-0.0,7519.0,ASK
252,1712692710.627107,1818232.70633626,7082.0,-0.0,7519.0,ASK
253,1712692713.21302,1818233.68761168,7089.0,7.004473870013882e-11,7519.0,BID
254,1712692713.2160518,1818236.54093916,7089.0,2.0367429336923564e-10,7519.0,BID
255,1712692716.182674,1818238.65590601,7089.0,1.509691340064362e-10,7519.0,BID
256,1712692740.9020762,1818238.65590601,7089.0,0.0,7519.0,BID
257,1712692746.622211,1818245.70908699,7089.0,5.0346388114808e-10,7519.0,BID
258,1712692767.561442,1818257.28582559,7089.0,8.263604412044565e-10,7519.0,BID
259,1712692767.6414497,1819668.79118458,7089.0,1.0075481804741344e-07,7519.0,BID
260,1712692767.662341,1819670.20883458,7090.0,1.0119342933492283e-10,7519.0,BID
261,1712692769.331492,1819670.9134569,7096.0,5.0296722718698297e-11,7519.0,BID
262,1712692770.9213474,1819670.9134569,7096.0,0.0,7519.0,BID
263,1712692800.7513063,1819670.9134569,7096.0,0.0,7519.0,BID
264,1712692807.4211245,1819770.9134569,7095.0,7.1334831042282365e-09,7519.0,BID
265,1712692817.71077,1819773.73234343,7092.0,2.0108479433686158e-10,7519.0,BID
266,1712692830.5705924,1819773.73234343,7092.0,0.0,7519.0,BID
267,1712692860.9297798,1819773.73234343,7092.0,0.0,7519.0,BID
268,1712692870.0899844,1819840.60250039,7082.0,-4.769923130515458e-09,7519.0,ASK
269,1712692870.093861,1819843.97160516,7082.0,-2.403220136181363e-10,7519.0,ASK
270,1712692890.909482,1819843.97160516,7082.0,-0.0,7519.0,ASK
271,1712692896.9697394,1820229.73234343,7082.0,2.7515768836739944e-08,7519.0,BID
272,1712692911.4190876,1820288.42173243,7082.0,-4.186231258632294e-09,7519.0,ASK
273,1712692918.3814306,1820290.27113937,7082.0,-1.3191558599881922e-10,7519.0,ASK
274,1712692918.3903637,1821257.85151195,7082.0,-6.901614192849066e-08,7519.0,ASK
275,1712692918.479574,1822646.51077195,7082.0,9.90511044813174e-08,7519.0,BID
276,1712692920.5845509,1822646.51077195,7082.0,0.0,7519.0,BID
277,1712692934.3709664,1823112.25244795,7082.0,3.3173732152875336e-08,7519.0,BID
278,1712692934.3889256,1823649.63940259,7082.0,3.827686422393522e-08,7519.0,BID
279,1712692942.2989416,1823749.63940259,7076.0,-7.122775105245062e-09,7519.0,ASK
280,1712692950.6015296,1823749.63940259,7076.0,-0.0,7519.0,ASK
281,1712692961.491649,1823764.9360837,7079.0,-1.088942291429598e-09,7519.0,ASK
282,1712692980.9179628,1823764.9360837,7079.0,-0.0,7519.0,ASK
283,1712693010.9107664,1823764.9360837,7079.0,-0.0,7519.0,ASK
284,1712693011.8181407,1823765.89789719,7084.0,-6.84691865154186e-11,7519.0,ASK
285,1712693011.8277123,1823835.56752882,7079.0,-4.9596133268990535e-09,7519.0,ASK
286,1712693031.207523,1823836.55636905,7079.0,-7.039315507134909e-11,7519.0,ASK
287,1712693038.2573647,1824135.56752805,7079.0,2.1285884457445112e-08,7519.0,BID
288,1712693038.2780457,1824135.56752882,7079.0,5.481237719910877e-17,7519.0,BID
289,1712693040.5698164,1824135.56752882,7079.0,0.0,7519.0,BID
290,1712693070.61457,1824135.56752882,7079.0,0.0,7519.0,BID
291,1712693078.1068676,1824136.27234979,7094.0,5.016513820367897e-11,7519.0,BID
292,1712693096.27682,1824136.97717076,7094.0,5.016513820367897e-11,7519.0,BID
293,1712693099.68662,1824142.29189157,7092.0,-3.7827152605310576e-10,7519.0,ASK
294,1712693100.906571,1824142.29189157,7092.0,-0.0,7519.0,ASK
295,1712693130.9461553,1824142.29189157,7092.0,-0.0,7519.0,ASK
296,1712693160.6020484,1824142.29189157,7092.0,-0.0,7519.0,ASK
297,1712693174.7959976,1824144.94925197,7092.0,1.8926549687802567e-10,7519.0,BID
298,1712693174.97656,1824147.60661238,7093.0,1.892654975745086e-10,7519.0,BID
299,1712693178.8364398,1824149.29116476,7094.0,1.1997907518718714e-10,7519.0,BID
300,1712693178.9162736,1824150.97571715,7095.0,1.1997907588367002e-10,7519.0,BID
301,1712693178.9184496,1824150.97571803,7096.0,6.268345542916301e-17,7519.0,BID
302,1712693178.920622,1824291.34930364,7096.0,9.9978446387195e-09,7519.0,BID
303,1712693178.9761667,1824292.0795668,7097.0,5.2011620192613356e-11,7519.0,BID
304,1712693179.0797622,1824299.12182033,7100.0,5.015712635132718e-10,7519.0,BID
305,1712693179.0836277,1824349.1218198,7100.0,3.561155928772194e-09,7519.0,BID
306,1712693179.1183617,1824349.12182033,7100.0,3.774273665523149e-17,7519.0,BID
307,1712693179.83584,1824406.16382033,7094.0,-4.062709172848312e-09,7519.0,ASK
308,1712693190.569691,1824406.16382033,7094.0,-0.0,7519.0,ASK
309,1712693216.2955518,1824413.21700131,7094.0,-5.02282562595562e-10,7519.0,ASK
310,1712693220.9354415,1824413.21700131,7094.0,-0.0,7519.0,ASK
311,1712693232.7953732,1824528.50125155,7094.0,-8.209779739728449e-09,7519.0,ASK
312,1712693250.9149694,1824528.50125155,7094.0,-0.0,7519.0,ASK
313,1712693280.5684843,1824528.50125155,7094.0,-0.0,7519.0,ASK
314,1712693310.6045816,1824528.50125155,7094.0,-0.0,7519.0,ASK
315,1712693340.904168,1824528.50125155,7094.0,-0.0,7519.0,ASK
316,1712693370.90388,1824528.50125155,7094.0,-0.0,7519.0,ASK
317,1712693390.7640438,1824536.98504598,7094.0,-6.04124390676563e-10,7519.0,ASK
318,1712693400.6349998,1824536.98504598,7094.0,-0.0,7519.0,ASK
319,1712693430.590064,1824536.98504598,7094.0,-0.0,7519.0,ASK
320,1712693450.1641812,1824538.33384554,7094.0,-9.615354071102884e-11,7519.0,ASK
321,1712693460.9132476,1824538.33384554,7094.0,-0.0,7519.0,ASK
322,1712693490.9130652,1824538.33384554,7094.0,-0.0,7519.0,ASK
323,1712693520.5882316,1824538.33384554,7094.0,-0.0,7519.0,ASK
324,1712693550.6025257,1824538.33384554,7094.0,-0.0,7519.0,ASK
325,1712693580.8828723,1824538.33384554,7094.0,-0.0,7519.0,ASK
326,1712693610.9321628,1824538.33384554,7094.0,-0.0,7519.0,ASK
327,1712693640.652163,1824538.33384554,7094.0,-0.0,7519.0,ASK
328,1712693670.5518796,1824538.33384554,7094.0,-0.0,7519.0,ASK
329,1712693700.6117444,1824538.33384554,7094.0,-0.0,7519.0,ASK
330,1712693724.6216023,1824552.64409167,7100.0,-1.0210705986626275e-09,7519.0,ASK
331,1712693730.581561,1824552.64409167,7100.0,-0.0,7519.0,ASK
332,1712693760.8912358,1824552.64409167,7100.0,-0.0,7519.0,ASK
333,1712693790.9123576,1824552.64409167,7100.0,-0.0,7519.0,ASK
334,1712693820.573523,1824552.64409167,7100.0,-0.0,7519.0,ASK
335,1712693850.5908377,1824552.64409167,7100.0,-0.0,7519.0,ASK
336,1712693880.2863698,1824566.71985209,7108.0,1.0043321963367418e-09,7519.0,BID
337,1712693880.8806217,1824566.71985209,7108.0,0.0,7519.0,BID
338,1712693910.910459,1824566.71985209,7108.0,0.0,7519.0,BID
339,1712693922.9606,1824568.12632185,7110.0,1.0035356791038412e-10,7519.0,BID
340,1712693925.710346,1824569.53279162,7110.0,1.0035356860812128e-10,7519.0,BID
341,1712693932.8103871,1824573.83175247,7111.0,-3.0673681858354607e-10,7519.0,ASK
342,1712693933.8607514,1824642.74877074,7110.0,-4.9173248297684845e-09,7519.0,ASK
343,1712693940.590549,1824642.74877074,7110.0,-0.0,7519.0,ASK
344,1712693970.570074,1824642.74877074,7110.0,-0.0,7519.0,ASK
345,1712694000.6301367,1824642.74877074,7110.0,-0.0,7519.0,ASK
346,1712694030.589899,1824642.74877074,7110.0,-0.0,7519.0,ASK
347,1712694060.8995874,1824642.74877074,7110.0,-0.0,7519.0,ASK
348,1712694066.3102188,1824770.89973539,7101.0,-9.153364461411513e-09,7519.0,ASK
349,1712694080.5701685,1824842.74877039,7101.0,5.131919259072793e-09,7519.0,BID
350,1712694080.5897706,1824842.74877074,7101.0,2.501190960550018e-17,7519.0,BID
351,1712694090.8995,1824842.74877074,7101.0,0.0,7519.0,BID
352,1712694120.5505874,1824842.74877074,7101.0,0.0,7519.0,BID
353,1712694146.8631885,1825042.74877074,7100.0,-1.428383479615302e-08,7519.0,ASK
354,1712694150.6094844,1825042.74877074,7100.0,-0.0,7519.0,ASK
355,1712694154.175952,1825065.62588491,7100.0,-1.633698915138506e-09,7519.0,ASK
356,1712694161.244845,1825067.94778687,7100.0,-1.6581150422422634e-10,7519.0,ASK
357,1712694161.247728,1825112.68881675,7100.0,-3.195043371030099e-09,7519.0,ASK
358,1712694180.908996,1825112.68881675,7100.0,-0.0,7519.0,ASK
359,1712694210.929056,1825112.68881675,7100.0,-0.0,7519.0,ASK
360,1712694240.5786924,1825112.68881675,7100.0,-0.0,7519.0,ASK
361,1712694270.5497663,1825112.68881675,7100.0,-0.0,7519.0,ASK
362,1712694282.0691404,1825251.21198521,7100.0,-9.891856269789345e-09,7519.0,ASK
363,1712694298.0589466,1825259.66268943,7100.0,6.034597132877531e-10,7519.0,BID
364,1712694300.901178,1825259.66268943,7100.0,0.0,7519.0,BID
365,1712694322.0087771,1825290.52307593,7094.0,-2.203781591518426e-09,7519.0,ASK
366,1712694322.0126393,1825318.70399744,7097.0,-2.012437402726229e-09,7519.0,ASK
367,1712694330.8985343,1825318.70399744,7097.0,-0.0,7519.0,ASK
368,1712694360.5885005,1825318.70399744,7097.0,-0.0,7519.0,ASK
369,1712694368.2717645,1825334.86143699,7094.0,-1.1537899128108162e-09,7519.0,ASK
370,1712694368.3517036,1825416.05942078,7094.0,-5.798283468530509e-09,7519.0,ASK
371,1712694368.471466,1825438.83590675,7094.0,-1.626450755387691e-09,7519.0,ASK
372,1712694390.5796044,1825438.83590675,7094.0,-0.0,7519.0,ASK
373,1712694394.968436,1825579.80010185,7094.0,-1.0065528554610008e-08,7519.0,ASK
374,1712694398.1982412,1825720.76429695,7094.0,-1.0065528554626636e-08,7519.0,ASK
375,1712694401.4383311,1825861.72849205,7094.0,-1.0065528554610008e-08,7519.0,ASK
376,1712694405.5783222,1826002.69268715,7094.0,-1.0065528554626636e-08,7519.0,ASK
377,1712694411.4180982,1826143.65688225,7094.0,-1.0065528554610008e-08,7519.0,ASK
378,1712694420.9199588,1826143.65688225,7094.0,-0.0,7519.0,ASK
379,1712694450.9279191,1826143.65688225,7094.0,-0.0,7519.0,ASK
380,1712694480.5588243,1826143.65688225,7094.0,-0.0,7519.0,ASK
381,1712694510.5479074,1826143.65688225,7094.0,-0.0,7519.0,ASK
382,1712694536.3678594,1826565.31553667,7094.0,-3.0097731381238346e-08,7519.0,ASK
383,1712694536.3723292,1826765.66650297,7094.0,-1.4300926833739192e-08,7519.0,ASK
384,1712694540.5874453,1826765.66650297,7094.0,-0.0,7519.0,ASK
385,1712694570.619961,1826765.66650297,7094.0,-0.0,7519.0,ASK
386,1712694600.997404,1826765.66650297,7094.0,-0.0,7519.0,ASK
387,1712694630.9022486,1826765.66650297,7094.0,-0.0,7519.0,ASK
388,1712694643.1038756,1826774.12197084,7096.0,6.034460060428037e-10,7519.0,BID
389,1712694643.1061082,1826835.11984818,7100.0,4.35326891709665e-09,7519.0,BID
390,1712694643.1082006,1826836.08903818,7099.0,6.916871348851204e-11,7519.0,BID
391,1712694660.5496533,1826836.08903818,7099.0,0.0,7519.0,BID
392,1712694667.6673777,1826893.20278423,7094.0,-4.075922558032117e-09,7519.0,ASK
393,1712694672.6282363,1826912.20554384,7094.0,-1.356131963252341e-09,7519.0,ASK
394,1712694682.1470895,1826936.90740288,7094.0,-1.762848201167702e-09,7519.0,ASK
395,1712694690.6077473,1826936.90740288,7094.0,-0.0,7519.0,ASK
396,1712694693.019137,1826953.38165007,7094.0,-1.1756246666034583e-09,7519.0,ASK
397,1712694711.167827,1827000.42808752,7094.0,-3.357297708620297e-09,7519.0,ASK
398,1712694712.2775378,1827001.83653822,7100.0,1.0050895592700744e-10,7519.0,BID
399,1712694715.6273036,1827021.48775384,7094.0,-1.4023374509991371e-09,7519.0,ASK
400,1712694715.6505566,1827040.93185362,7094.0,-1.387557383224891e-09,7519.0,ASK
401,1712694720.9153905,1827040.93185362,7094.0,-0.0,7519.0,ASK
402,1712694732.9772823,1827064.78136306,7094.0,-1.701843781176886e-09,7519.0,ASK
403,1712694735.417935,1827082.75920522,7094.0,-1.282855689595579e-09,7519.0,ASK
404,1712694735.4431503,1827100.87386162,7094.0,-1.292618425551972e-09,7519.0,ASK
405,1712694741.1020894,1827128.32847741,7094.0,-1.959095522045986e-09,7519.0,ASK
406,1712694750.46841,1827242.7656259,7094.0,-8.165960393613323e-09,7519.0,ASK
407,1712694750.474033,1827350.4321734,7094.0,-7.682826548928821e-09,7519.0,ASK
408,1712694750.47622,1827555.70885791,7094.0,-1.464805176955288e-08,7519.0,ASK
409,1712694750.8879232,1827555.70885791,7094.0,-0.0,7519.0,ASK
410,1712694771.4480252,1827589.00650491,7094.0,-2.375421211608948e-09,7519.0,ASK
411,1712694771.508124,1827589.0065055,7094.0,-4.2089506595031206e-17,7519.0,ASK
412,1712694771.5120468,1827633.44530891,7092.0,-3.170220293291973e-09,7519.0,ASK
413,1712694772.3980682,1827633.44530978,7092.0,-6.207122578754208e-17,7519.0,ASK
414,1712694780.6092112,1827633.44530978,7092.0,-0.0,7519.0,ASK
415,1712694810.548161,1827633.44530978,7092.0,-0.0,7519.0,ASK
416,1712694840.9587,1827633.44530978,7092.0,-0.0,7519.0,ASK
417,1712694842.125111,1827659.88659978,7090.0,-1.886221289465776e-09,7519.0,ASK
418,1712694842.1285253,1827659.88660033,7090.0,-3.9231059306038087e-17,7519.0,ASK
419,1712694855.828974,1827661.29823217,7084.0,-1.0070045862316756e-10,7519.0,ASK
420,1712694855.832552,1827662.70886836,7089.0,-1.0062943271696752e-10,7519.0,ASK
421,1712694855.8386874,1827664.1206995,7083.0,-1.0071467592916339e-10,7519.0,ASK
422,1712694855.8421557,1829072.31597887,7080.0,-1.0045530742540281e-07,7519.0,ASK
423,1712694870.888804,1829072.31597887,7080.0,-0.0,7519.0,ASK
424,1712694900.5904028,1829072.31597887,7080.0,-0.0,7519.0,ASK
425,1712694930.5792968,1829072.31597887,7080.0,-0.0,7519.0,ASK
426,1712694943.469731,1829073.0205019,7097.0,5.024109406886566e-11,7519.0,BID
427,1712694960.8896909,1829073.0205019,7097.0,0.0,7519.0,BID
428,1712694966.189839,1829074.42954797,7097.0,1.0048215302366756e-10,7519.0,BID
429,1712694990.9196918,1829074.42954797,7097.0,0.0,7519.0,BID
430,1712695020.5517392,1829074.42954797,7097.0,0.0,7519.0,BID
431,1712695050.5900729,1829074.42954797,7097.0,0.0,7519.0,BID
432,1712695080.9299674,1829074.42954797,7097.0,0.0,7519.0,BID
433,1712695110.9100337,1829074.42954797,7097.0,0.0,7519.0,BID
434,1712695140.570681,1829074.42954797,7097.0,0.0,7519.0,BID
435,1712695170.5751524,1829074.42954797,7097.0,0.0,7519.0,BID
436,1712695190.080572,1829087.08837641,7079.0,-9.027280629537623e-10,7519.0,ASK
437,1712695195.861086,1829105.24579725,7092.0,-1.2948444179139343e-09,7519.0,ASK
438,1712695195.866378,1829112.03571143,7092.0,-4.842032660747322e-10,7519.0,ASK
439,1712695200.6643069,1829112.03571143,7092.0,-0.0,7519.0,ASK
440,1712695230.5809486,1829112.03571143,7092.0,-0.0,7519.0,ASK
441,1712695260.9022026,1829112.03571143,7092.0,-0.0,7519.0,ASK
442,1712695290.910724,1829112.03571143,7092.0,-0.0,7519.0,ASK
443,1712695302.5407698,1829137.10205658,7092.0,1.7884816469715341e-09,7519.0,BID
444,1712695302.6405993,1829175.66014518,7092.0,-2.7511164228912432e-09,7519.0,ASK
445,1712695302.6607718,1829535.04755576,7092.0,-2.5642261930548532e-08,7519.0,ASK
446,1712695320.574279,1829535.04755576,7092.0,-0.0,7519.0,ASK
447,1712695350.55062,1829535.04755576,7092.0,-0.0,7519.0,ASK
448,1712695380.8912766,1829535.04755576,7092.0,-0.0,7519.0,ASK
449,1712695410.904184,1829535.04755576,7092.0,-0.0,7519.0,ASK
450,1712695416.4649072,1829684.77056815,7080.0,-1.0680438368023584e-08,7519.0,ASK
451,1712695416.4699252,1829738.11929843,7080.0,-3.8056128892301086e-09,7519.0,ASK
452,1712695440.5625656,1829738.11929843,7080.0,-0.0,7519.0,ASK
453,1712695470.6147306,1829738.11929843,7080.0,-0.0,7519.0,ASK
454,1712695500.6042602,1829738.11929843,7080.0,-0.0,7519.0,ASK
455,1712695530.59099,1829738.11929843,7080.0,-0.0,7519.0,ASK
456,1712695560.9110105,1829738.11929843,7080.0,-0.0,7519.0,ASK
457,1712695564.7039576,1829738.82431817,7092.0,5.028804534140592e-11,7519.0,BID
458,1712695585.1612182,1829738.82431818,7092.0,7.141214406018188e-19,7519.0,BID
459,1712695585.1709692,1829740.34304349,7092.0,1.0832849479216091e-10,7519.0,BID
460,1712695590.9008417,1829740.34304349,7092.0,0.0,7519.0,BID
461,1712695594.563717,1829750.09456049,7085.0,-6.955609176188812e-10,7519.0,ASK
462,1712695612.4411707,1829750.09456078,7085.0,-2.0692891024480734e-17,7519.0,ASK
463,1712695612.4465027,1829750.80592281,7085.0,-5.074037467966463e-11,7519.0,ASK
464,1712695620.629661,1829750.80592281,7085.0,-0.0,7519.0,ASK
465,1712695650.5613036,1829750.80592281,7085.0,-0.0,7519.0,ASK
466,1712695680.9309523,1829750.80592281,7085.0,-0.0,7519.0,ASK
467,1712695684.0509872,1829753.80592281,7085.0,-2.1398431849175592e-10,7519.0,ASK
468,1712695710.8908155,1829753.80592281,7085.0,-0.0,7519.0,ASK
469,1712695740.5761852,1829753.80592281,7085.0,-0.0,7519.0,ASK
470,1712695742.3811586,1829824.75079026,7092.0,5.0603553653639975e-09,7519.0,BID
471,1712695770.600907,1829824.75079026,7092.0,0.0,7519.0,BID
472,1712695800.6857326,1829824.75079026,7092.0,0.0,7519.0,BID
473,1712695830.569894,1829824.75079026,7092.0,0.0,7519.0,BID
474,1712695860.9071486,1829824.75079026,7092.0,0.0,7519.0,BID
475,1712695867.6110442,1829825.45581,7092.0,5.0387677056897357e-11,7519.0,BID
476,1712695871.3722746,1829839.58010378,7080.0,-1.0094615985074161e-09,7519.0,ASK
477,1712695871.3758051,1829840.99233369,7081.0,-1.0093190389875115e-10,7519.0,ASK
478,1712695871.3786125,1829842.45806036,7081.0,-1.047553109865704e-10,7519.0,ASK
479,1712695871.380599,1829947.98743742,7080.0,-7.542172041739784e-09,7519.0,ASK
480,1712695871.3825886,1829951.016579,7079.0,-2.1649238886401388e-10,7519.0,ASK
481,1712695871.3845773,1829954.016579,7081.0,-2.1440964360428663e-10,7519.0,ASK
482,1712695871.5309803,1829973.39635023,7079.0,-1.385069947522103e-09,7519.0,ASK
483,1712695890.9109824,1829973.39635023,7079.0,-0.0,7519.0,ASK
484,1712695920.5455365,1829973.39635023,7079.0,-0.0,7519.0,ASK
485,1712695929.171009,1829990.70050731,7079.0,-1.2366330373366951e-09,7519.0,ASK
486,1712695930.981016,1830012.63442017,7079.0,-1.567496247028942e-09,7519.0,ASK
487,1712695933.6125107,1830028.78311135,7079.0,-1.1540582376040441e-09,7519.0,ASK
488,1712695933.6710606,1830036.7551895,7079.0,-5.697206267356799e-10,7519.0,ASK
489,1712695933.674604,1830045.18471029,7079.0,-6.024115390134091e-10,7519.0,ASK
490,1712695942.7009125,1830077.21263214,7079.0,-2.288859612976592e-09,7519.0,ASK
491,1712695942.980878,1830094.25399133,7079.0,1.2178523159686622e-09,7519.0,BID
492,1712695950.5607588,1830094.25399133,7079.0,0.0,7519.0,BID
493,1712695978.9810328,1830095.66681981,7078.0,-1.0096091646155731e-10,7519.0,ASK
494,1712695979.0711093,1830156.99135588,7078.0,4.3822597373413565e-09,7519.0,BID
495,1712695980.9313662,1830156.99135588,7078.0,0.0,7519.0,BID
496,1712695985.521049,1830158.40438399,7077.0,-1.0097197799334719e-10,7519.0,ASK
497,1712695985.525657,1830219.24358246,7077.0,-4.347439492080161e-09,7519.0,ASK
498,1712695999.7420182,1830257.31635233,7077.0,-2.7205990129246557e-09,7519.0,ASK
499,1712696010.910771,1830257.31635233,7077.0,-0.0,7519.0,ASK
500,1712696019.172742,1830258.50748102,7077.0,8.511120011731696e-11,7519.0,BID
501,1712696035.9510343,1830268.26035275,7077.0,6.968840768346241e-10,7519.0,BID
502,1712696040.603436,1830268.26035275,7077.0,0.0,7519.0,BID
503,1712696070.6007216,1830268.26035275,7077.0,0.0,7519.0,BID
504,1712696100.890608,1830268.26035275,7077.0,0.0,7519.0,BID
505,1712696130.8708272,1830268.26035275,7077.0,0.0,7519.0,BID
506,1712696160.5405977,1830268.26035275,7077.0,0.0,7519.0,BID
507,1712696186.850714,1830268.96537249,7092.0,5.0430286437353406e-11,7519.0,BID
508,1712696190.5745258,1830268.96537249,7092.0,0.0,7519.0,BID
509,1712696220.8909683,1830268.96537249,7092.0,0.0,7519.0,BID
510,1712696250.9236295,1830268.96537249,7092.0,0.0,7519.0,BID
511,1712696268.1408644,1831620.55326478,7092.0,-9.66794776315074e-08,7519.0,ASK
512,1712696268.1445436,1831677.59551878,7092.0,-4.0802491285248875e-09,7519.0,ASK
513,1712696280.6002946,1831677.59551878,7092.0,-0.0,7519.0,ASK
514,1712696300.880586,1831705.83214167,7083.0,2.0183316264577736e-09,7519.0,BID
515,1712696310.55045,1831705.83214167,7083.0,0.0,7519.0,BID
516,1712696340.9204304,1831705.83214167,7083.0,0.0,7519.0,BID
517,1712696345.620524,1831734.1949258,7083.0,2.027320550549748e-09,7519.0,BID
518,1712696370.9103634,1831734.1949258,7083.0,0.0,7519.0,BID
519,1712696400.750325,1831734.1949258,7083.0,0.0,7519.0,BID
520,1712696414.40055,1831737.02098203,7077.0,-2.021032028623996e-10,7519.0,ASK
521,1712696414.4054365,1831766.60249992,7077.0,-2.1154991352843164e-09,7519.0,ASK
522,1712696430.580766,1831766.60249992,7077.0,-0.0,7519.0,ASK
523,1712696433.8903234,1831795.19343042,7077.0,-2.044624516941885e-09,7519.0,ASK
524,1712696443.1608458,1831815.19343042,7077.0,-1.430260912240711e-09,7519.0,ASK
525,1712696460.910631,1831815.19343042,7077.0,-0.0,7519.0,ASK
526,1712696488.2503152,1831829.32171442,7078.0,-1.0103317722777615e-09,7519.0,ASK
527,1712696490.89108,1831829.32171442,7078.0,-0.0,7519.0,ASK
528,1712696501.1102607,1831830.02762999,7083.0,5.048056993270338e-11,7519.0,BID
529,1712696506.470471,1831844.14594143,7083.0,1.0096114018175487e-09,7519.0,BID
530,1712696520.5502334,1831844.14594143,7083.0,0.0,7519.0,BID
531,1712696535.000245,1831850.87388156,7083.0,4.811166046359435e-10,7519.0,BID
532,1712696550.6125405,1831850.87388156,7083.0,0.0,7519.0,BID
533,1712696558.7783394,1831857.93303729,7083.0,5.048001910042693e-10,7519.0,BID
534,1712696558.7806492,1832014.30622265,7083.0,1.1182245704558865e-08,7519.0,BID
535,1712696558.830105,1832063.42054165,7083.0,-3.5121647065289517e-09,7519.0,ASK
536,1712696558.850212,1832063.42054257,7083.0,-6.579968619007895e-17,7519.0,ASK
537,1712696559.3704214,1832063.42054339,7078.0,-5.864030737891146e-17,7519.0,ASK
538,1712696559.3747654,1832083.232416,7078.0,-1.4167469114416412e-09,7519.0,ASK
539,1712696560.1500838,1832113.61609192,7078.0,-2.1727365133836204e-09,7519.0,ASK
540,1712696560.3504057,1832138.2871805,7078.0,-1.764229421212199e-09,7519.0,ASK
541,1712696560.4311,1832163.06699893,7078.0,-1.772004692228835e-09,7519.0,ASK
542,1712696576.5903792,1832163.77281485,7084.0,5.047289292614872e-11,7519.0,BID
543,1712696577.6703897,1832194.27929217,7078.0,-2.1815180408696184e-09,7519.0,ASK
544,1712696578.4034472,1832223.1933575,7078.0,-2.067644667426757e-09,7519.0,ASK
545,1712696578.4203386,1832256.41345734,7078.0,-2.3755691737448416e-09,7519.0,ASK
546,1712696580.905435,1832256.41345734,7078.0,-0.0,7519.0,ASK
547,1712696581.0627866,1832275.72064595,7078.0,-1.3803735162681995e-09,7519.0,ASK
548,1712696581.490239,1832300.25247122,7078.0,-1.753910555947405e-09,7519.0,ASK
549,1712696581.856114,1832319.78688465,7078.0,-1.3966190261758695e-09,7519.0,ASK
550,1712696583.7229817,1832361.84466705,7078.0,-3.00693436788353e-09,7519.0,ASK
551,1712696583.7602572,1832403.92925097,7078.0,-3.008850550962668e-09,7519.0,ASK
552,1712696583.971734,1832425.1840239,7078.0,-1.5196166691933103e-09,7519.0,ASK
553,1712696583.9817455,1832446.2268614,7078.0,-1.5044642790440623e-09,7519.0,ASK
554,1712696584.0077014,1832467.529525,7078.0,-1.523040627685708e-09,7519.0,ASK
555,1712696584.0401208,1832487.97490409,7078.0,-1.4617488022852627e-09,7519.0,ASK
556,1712696584.1403477,1832489.3879322,7077.0,-1.0102488872267828e-10,7519.0,ASK
557,1712696584.1456957,1832500.13497916,7077.0,-7.683634992916524e-10,7519.0,ASK
558,1712696584.1501136,1832563.14564526,7077.0,-4.504967371717631e-09,7519.0,ASK
559,1712696584.220163,1832628.85911471,7077.0,-4.698205146474271e-09,7519.0,ASK
560,1712696584.2400348,1832678.25756193,7077.0,-3.5317575057227153e-09,7519.0,ASK
561,1712696584.265201,1832695.15711178,7077.0,-1.208238626618945e-09,7519.0,ASK
562,1712696584.269696,1832714.61107971,7077.0,-1.390867549886352e-09,7519.0,ASK
563,1712696584.2800095,1832764.04877632,7077.0,-3.5345636531862197e-09,7519.0,ASK
564,1712696584.2837243,1832822.32964251,7077.0,-4.166808840979608e-09,7519.0,ASK
565,1712696584.3704734,1832823.74306913,7075.0,-1.0105338031340244e-10,7519.0,ASK
566,1712696584.3731349,1832867.54714051,7076.0,-3.1317858472109756e-09,7519.0,ASK
567,1712696584.3804924,1832867.54714145,7075.0,-6.720111320859686e-17,7519.0,ASK
568,1712696584.6026146,1832884.75322988,7078.0,1.230154698714011e-09,7519.0,BID
569,1712696610.9429758,1832884.75322988,7078.0,0.0,7519.0,BID
570,1712696637.910121,1832885.71504337,7072.0,-6.874330163821349e-11,7519.0,ASK
571,1712696640.5307474,1832885.71504337,7072.0,-0.0,7519.0,ASK
572,1712696658.8001351,1832887.12907051,7072.0,-1.0106413350825071e-10,7519.0,ASK
573,1712696658.8054566,1833086.16725702,7072.0,-1.4225767869315317e-08,7519.0,ASK
574,1712696660.8700948,1833158.3930497,7072.0,5.162161989402743e-09,7519.0,BID
575,1712696670.56007,1833158.3930497,7072.0,0.0,7519.0,BID
576,1712696691.4499898,1833276.56074805,7072.0,-8.444583516241265e-09,7519.0,ASK
577,1712696693.1798768,1833311.35078305,7071.0,-2.4861900518769382e-09,7519.0,ASK
578,1712696697.060384,1833319.45597947,7072.0,5.792192709075881e-10,7519.0,BID
579,1712696700.910195,1833319.45597947,7072.0,0.0,7519.0,BID
580,1712696730.9113996,1833319.45597947,7072.0,0.0,7519.0,BID
581,1712696739.5549889,1833381.98147447,7072.0,-4.469918541070954e-09,7519.0,ASK
582,1712696751.1009471,1833389.61825321,7071.0,-5.45949758315237e-10,7519.0,ASK
583,1712696751.1059067,1833391.03248033,7071.0,-1.0110243868389236e-10,7519.0,ASK
584,1712696751.109861,1833392.44690748,7070.0,-1.0111673874702227e-10,7519.0,ASK
585,1712696751.11384,1833392.4469075,7072.0,-1.4314660754874153e-18,7519.0,ASK
586,1712696751.1175852,1833397.39740147,7070.0,-3.5390851017964476e-10,7519.0,ASK
587,1712696751.180554,1833398.81202871,7069.0,-1.0113104308790543e-10,7519.0,ASK
588,1712696751.1856563,1833398.81202978,7070.0,-7.648356531237992e-17,7519.0,ASK
589,1712696751.28107,1833416.1804398,7078.0,1.2416595498795744e-09,7519.0,BID
590,1712696760.5782166,1833416.1804398,7078.0,0.0,7519.0,BID
591,1712696790.591595,1833416.1804398,7078.0,0.0,7519.0,BID
592,1712696816.1220498,1833416.88695385,7077.0,5.0505890567144846e-11,7519.0,BID
593,1712696820.9022398,1833416.88695385,7077.0,0.0,7519.0,BID
594,1712696824.4882274,1833616.88695385,7067.0,-1.42972025859637e-08,7519.0,ASK
595,1712696824.490796,1833687.5529783,7068.0,-5.051632337530132e-09,7519.0,ASK
596,1712696824.5019906,1833759.71938485,7067.0,-5.158888671730337e-09,7519.0,ASK
597,1712696824.558067,1833759.71938554,7067.0,-4.933321436959832e-17,7519.0,ASK
598,1712696824.565699,1833761.13461339,7066.0,-1.0116899638143579e-10,7519.0,ASK
599,1712696824.5681598,1833801.01387443,7064.0,-2.850809370329608e-09,7519.0,ASK
600,1712696824.5705924,1833802.42930259,7065.0,-1.0118331574636579e-10,7519.0,ASK
601,1712696824.5730498,1833803.84492938,7064.0,-1.0119751502386608e-10,7519.0,ASK
602,1712696824.5755467,1833805.26035754,7065.0,-1.0118331574636579e-10,7519.0,ASK
603,1712696824.905475,1833805.26035928,7064.0,-1.2438161639136581e-16,7519.0,ASK
604,1712696831.212933,1833806.67678987,7060.0,-1.0125497546919972e-10,7519.0,ASK
605,1712696831.2154684,1833975.36680828,7060.0,-1.2058976837195442e-08,7519.0,ASK
606,1712696839.91054,1833989.52804328,7058.0,-1.012330228296044e-09,7519.0,ASK
607,1712696839.915034,1833990.94487524,7058.0,-1.0128366782646076e-10,7519.0,ASK
608,1712696839.9178617,1833995.19476524,7059.0,-3.0380769148036245e-10,7519.0,ASK
609,1712696839.986585,1833995.19476582,7060.0,-4.1460538797121936e-17,7519.0,ASK
610,1712696840.1446135,1833996.61179855,7057.0,-1.012980200635562e-10,7519.0,ASK
611,1712696840.1471834,1833998.02903211,7056.0,-1.0131237659483832e-10,7519.0,ASK
612,1712696840.1496613,1834004.43773515,7055.0,-4.581326283878679e-10,7519.0,ASK
613,1712696850.1377268,1834005.85617472,7050.0,-1.013985894328258e-10,7519.0,ASK
614,1712696850.140252,1834057.43067129,7050.0,-3.6868551286549926e-09,7519.0,ASK
615,1712696850.8748045,1834057.43067129,7050.0,-0.0,7519.0,ASK
616,1712696865.4033322,1834059.9913805,7050.0,1.8299570658797748e-10,7519.0,BID
617,1712696873.9737425,1834131.2684795,7049.0,-5.093668209077377e-09,7519.0,ASK
618,1712696873.9786215,1834201.85547469,7049.0,-5.0443513894043365e-09,7519.0,ASK
619,1712696880.565241,1834201.85547469,7049.0,-0.0,7519.0,ASK
620,1712696900.1440904,1834213.47916265,7050.0,8.30602023294433e-10,7519.0,BID
621,1712696906.1645873,1834286.16577465,7050.0,-5.194018215346281e-09,7519.0,ASK
622,1712696910.5970476,1834286.16577465,7050.0,-0.0,7519.0,ASK
623,1712696923.1945295,1834286.16577541,7050.0,-5.4302632647852535e-17,7519.0,ASK
624,1712696940.9005928,1834286.16577541,7050.0,-0.0,7519.0,ASK
625,1712696956.4554944,1834287.58522045,7045.0,-1.0142597189656716e-10,7519.0,ASK
626,1712696956.4614244,1834289.00446541,7046.0,-1.0141167523120739e-10,7519.0,ASK
627,1712696956.5154166,1834289.00446678,7045.0,-9.789114292274572e-17,7519.0,ASK
628,1712696956.5208232,1834293.70343541,7044.0,-3.357632361428474e-10,7519.0,ASK
629,1712696956.5351498,1834293.70343611,7044.0,-5.0010328964271515e-17,7519.0,ASK
630,1712696957.2567337,1834295.12187582,7044.0,1.0135413636795051e-10,7519.0,BID
631,1712696970.2182262,1834366.10427218,7044.0,5.072023456082332e-09,7519.0,BID
632,1712696970.9254978,1834366.10427218,7044.0,0.0,7519.0,BID
633,1712696971.2458608,1834421.85440006,7044.0,3.983446516593055e-09,7519.0,BID
634,1712696971.3657331,1834445.56973206,7044.0,-1.6945029587906051e-09,7519.0,ASK
635,1712696973.657002,1834586.17836306,7044.0,-1.0046738593444556e-08,7519.0,ASK
636,1712696973.6623354,1834586.17836347,7044.0,-2.9279653248761484e-17,7519.0,ASK
637,1712696999.976654,1834595.46154418,7040.0,-6.632998930954135e-10,7519.0,ASK
638,1712696999.9838374,1834603.84493479,7040.0,-5.990082784039281e-10,7519.0,ASK
639,1712696999.9901414,1834605.2659949,7037.0,-1.0153729076909562e-10,7519.0,ASK
640,1712696999.9934945,1834614.55118229,7034.0,-6.634432739769368e-10,7519.0,ASK
641,1712697000.6361182,1834614.55118229,7034.0,-0.0,7519.0,ASK
642,1712697030.6088176,1834614.55118229,7034.0,-0.0,7519.0,ASK
643,1712697060.927014,1834614.55118229,7034.0,-0.0,7519.0,ASK
644,1712697090.0775976,1834792.34802805,7038.0,-1.2724969165168285e-08,7519.0,ASK
645,1712697090.9391134,1834792.34802805,7038.0,-0.0,7519.0,ASK
646,1712697092.037314,1834809.94838526,7050.0,1.2595496044365943e-09,7519.0,BID
647,1712697119.4782748,1834811.10195908,7049.0,8.255420223617013e-11,7519.0,BID
648,1712697120.2075467,1834942.29202941,7049.0,9.388468609938314e-09,7519.0,BID
649,1712697120.5971704,1834942.29202941,7049.0,0.0,7519.0,BID
650,1712697127.5861175,1834969.96554644,7049.0,1.980274073681837e-09,7519.0,BID
651,1712697127.9584527,1834970.67316035,7066.0,5.063575686181423e-11,7519.0,BID
652,1712697127.9643395,1834970.67316036,7049.0,7.164230309931737e-19,7519.0,BID
653,1712697133.7755003,1834979.95634107,7042.0,-6.642900525117204e-10,7519.0,ASK
654,1712697150.5698493,1834979.95634107,7042.0,-0.0,7519.0,ASK
655,1712697180.9393182,1834979.95634107,7042.0,-0.0,7519.0,ASK
656,1712697182.129334,1835505.96646414,7040.0,-3.7639755827063923e-08,7519.0,ASK
657,1712697182.135829,1835960.86088213,7040.0,-3.2550922633015964e-08,7519.0,ASK
658,1712697183.169515,1835965.10897049,7062.0,3.03980858146628e-10,7519.0,BID
659,1712697210.9371958,1835965.10897049,7062.0,0.0,7519.0,BID
660,1712697240.559488,1835965.10897049,7062.0,0.0,7519.0,BID
661,1712697270.6015756,1835965.10897049,7062.0,0.0,7519.0,BID
662,1712697299.9504812,1835965.81708548,7061.0,5.064551609508072e-11,7519.0,BID
663,1712697300.581165,1835965.81708548,7061.0,0.0,7519.0,BID
664,1712697305.7185798,1835986.58007609,7042.0,-1.486691862140591e-09,7519.0,ASK
665,1712697306.863436,1836004.31572692,7061.0,1.269925332722372e-09,7519.0,BID
666,1712697330.580941,1836004.31572692,7061.0,0.0,7519.0,BID
667,1712697339.3227534,1836058.05497698,7042.0,-3.847815299846774e-09,7519.0,ASK
668,1712697360.9373586,1836058.05497698,7042.0,-0.0,7519.0,ASK
669,1712697361.981537,1836075.80004213,7042.0,-1.270540303894561e-09,7519.0,ASK
670,1712697362.0411806,1836111.37809315,7042.0,-2.5473756998079318e-09,7519.0,ASK
671,1712697385.7511692,1836112.08973562,7042.0,-5.095334575685087e-11,7519.0,ASK
672,1712697390.9111464,1836112.08973562,7042.0,-0.0,7519.0,ASK
673,1712697413.6416218,1836129.84491769,7042.0,-1.2712300376052726e-09,7519.0,ASK
674,1712697414.501444,1836148.60728075,7042.0,-1.3433418708145331e-09,7519.0,ASK
675,1712697420.6030738,1836148.60728075,7042.0,-0.0,7519.0,ASK
676,1712697431.5820153,1836155.35530932,7042.0,-4.83134368305138e-10,7519.0,ASK
677,1712697437.5686488,1836156.06382568,7057.0,5.072720135848684e-11,7519.0,BID
678,1712697450.5967307,1836156.06382568,7057.0,0.0,7519.0,BID
679,1712697456.5619678,1836156.91248197,7057.0,6.076048353734908e-11,7519.0,BID
680,1712697460.2198954,1836157.85611247,7042.0,-6.756026690377209e-11,7519.0,ASK
681,1712697480.9120238,1836157.85611247,7042.0,-0.0,7519.0,ASK
682,1712697510.9166543,1836157.85611247,7042.0,-0.0,7519.0,ASK
683,1712697535.0125508,1836178.73875203,7042.0,-1.4951142700199971e-09,7519.0,ASK
684,1712697540.5824318,1836178.73875203,7042.0,-0.0,7519.0,ASK
685,1712697570.616059,1836178.73875203,7042.0,-0.0,7519.0,ASK
686,1712697600.6485598,1836178.73875203,7042.0,-0.0,7519.0,ASK
687,1712697617.69326,1837189.38587707,7042.0,-7.237078244728253e-08,7519.0,ASK
688,1712697617.7027998,1837450.06473103,7042.0,-1.8666785034193872e-08,7519.0,ASK
689,1712697617.7529364,1837760.83693103,7042.0,-2.225388735556425e-08,7519.0,ASK
690,1712697620.2076306,1837804.7305482,7042.0,-3.1431499089297437e-09,7519.0,ASK
691,1712697620.6108682,1837837.47604772,7042.0,-2.344851494830955e-09,7519.0,ASK
692,1712697623.4746804,1837839.91215265,7042.0,-1.7444547710086798e-10,7519.0,ASK
693,1712697623.4830527,1837861.90483276,7042.0,-1.5748597391134679e-09,7519.0,ASK
694,1712697624.8522468,1837933.65979569,7042.0,-5.138255166474526e-09,7519.0,ASK
695,1712697624.8629398,1837933.6597957,7042.0,-7.169226765529696e-19,7519.0,ASK
696,1712697628.0331593,1837951.59626217,7046.0,1.2844009354050715e-09,7519.0,BID
697,1712697630.585685,1837951.59626217,7046.0,0.0,7519.0,BID
698,1712697631.393544,1838022.63995604,7039.0,-5.0827783673646705e-09,7519.0,ASK
699,1712697631.3998096,1838029.82106131,7039.0,-5.137678593394892e-10,7519.0,ASK
700,1712697631.405579,1838060.19419702,7039.0,-2.173027734436791e-09,7519.0,ASK
701,1712697634.663087,1838189.75550357,7046.0,9.269385786497142e-09,7519.0,BID
702,1712697634.6677277,1838344.04318935,7046.0,1.103841972333214e-08,7519.0,BID
703,1712697639.4430375,1838345.49081921,7042.0,1.0356980803006692e-10,7519.0,BID
704,1712697639.90317,1838359.69133042,7042.0,1.015967037361286e-09,7519.0,BID
705,1712697660.6382349,1838359.69133042,7042.0,0.0,7519.0,BID
706,1712697672.8840914,1838369.69133042,7042.0,7.152968783056331e-10,7519.0,BID
707,1712697675.0735393,1838379.69133042,7034.0,-7.152968783056331e-10,7519.0,ASK
708,1712697675.07718,1838400.40462242,7034.0,-1.481615310695003e-09,7519.0,ASK
709,1712697690.593362,1838400.40462242,7034.0,-0.0,7519.0,ASK
710,1712697710.0934966,1838456.62192409,7031.0,4.021123645499877e-09,7519.0,BID
711,1712697711.4336712,1838459.39614517,7030.0,-1.9843510185901807e-10,7519.0,ASK
712,1712697711.4395404,1838471.64816166,7030.0,-8.76364957920478e-10,7519.0,ASK
713,1712697711.4442616,1838474.49311186,7030.0,-2.0349423006601727e-10,7519.0,ASK
714,1712697713.3037868,1838491.73839936,7030.0,-1.233524756259546e-09,7519.0,ASK
715,1712697713.308631,1838508.97782558,7030.0,-1.2331055093032043e-09,7519.0,ASK
716,1712697713.9634547,1838528.79684287,7030.0,-1.4176190725724131e-09,7519.0,ASK
717,1712697713.9918647,1838554.38483542,7030.0,-1.83026361683395e-09,7519.0,ASK
718,1712697714.063629,1838572.25970792,7030.0,-1.2785578520343003e-09,7519.0,ASK
719,1712697715.5936878,1838582.25970792,7031.0,7.15282222029164e-10,7519.0,BID
720,1712697715.6135623,1838659.808289,7030.0,-5.5469121390143815e-09,7519.0,ASK
721,1712697716.2936945,1838717.66105196,7030.0,-4.138105284048204e-09,7519.0,ASK
722,1712697716.5013697,1838760.81553242,7030.0,-3.0867632674014403e-09,7519.0,ASK
723,1712697716.8965228,1838863.76199071,7030.0,-7.363577143560763e-09,7519.0,ASK
724,1712697717.4536254,1838896.21416579,7030.0,-2.3212463900957473e-09,7519.0,ASK
725,1712697717.4736576,1839187.67534489,7030.0,-2.0847699982187184e-08,7519.0,ASK
726,1712697717.533566,1839189.09802236,7029.0,-1.0176159019048114e-10,7519.0,ASK
727,1712697720.5982902,1839190.52110475,7027.0,-1.0179055341224656e-10,7519.0,ASK
728,1712697720.6016655,1839709.76143098,7027.0,-3.7140337431290594e-08,7519.0,ASK
729,1712697720.9172382,1839709.76143098,7027.0,-0.0,7519.0,ASK
730,1712697720.994604,1839963.64448597,7027.0,-1.8147856939372345e-08,7519.0,ASK
731,1712697721.074083,1839963.64448599,7027.0,-1.4312985175697256e-18,7519.0,ASK
732,1712697737.5136,1839965.06817619,7024.0,-1.0176703629909044e-10,7519.0,ASK
733,1712697738.0739748,1839966.49206911,7023.0,-1.0178152698164142e-10,7519.0,ASK
734,1712697750.914062,1839966.49206911,7023.0,-0.0,7519.0,ASK
735,1712697751.8337634,1839967.20391421,7024.0,5.087695733114856e-11,7519.0,BID
736,1712697772.844113,1839968.62841563,7020.0,-1.0181189414799547e-10,7519.0,ASK
737,1712697772.850463,1839984.29793129,7020.0,-1.1199308384901783e-09,7519.0,ASK
738,1712697780.6059213,1839984.29793129,7020.0,-0.0,7519.0,ASK
739,1712697810.084103,1839990.29032445,7020.0,-4.282841975314372e-10,7519.0,ASK
740,1712697810.5875204,1839990.29032445,7020.0,-0.0,7519.0,ASK
741,1712697811.2941833,1840003.77244695,7020.0,9.63582078378299e-10,7519.0,BID
742,1712697814.524197,1840018.77244695,7020.0,1.0720664476766078e-09,7519.0,BID
743,1712697833.6145651,1840023.04960695,7014.0,-3.0569331516030304e-10,7519.0,ASK
744,1712697833.775536,1840061.54404659,7014.0,2.7512398106829835e-09,7519.0,BID
745,1712697833.794088,1840061.54404661,7014.0,1.4144562192961521e-18,7519.0,BID
746,1712697840.9240518,1840061.54404661,7014.0,0.0,7519.0,BID
747,1712697870.9144704,1840061.54404661,7014.0,0.0,7519.0,BID
748,1712697872.1246834,1840161.54404661,7014.0,-7.1468542827703425e-09,7519.0,ASK
749,1712697872.1313565,1840370.99146192,7016.0,-1.496890157124817e-08,7519.0,ASK
750,1712697872.2845156,1840403.3429561,7014.0,2.312114147329644e-09,7519.0,BID
751,1712697873.084381,1840503.3429561,7014.0,7.1468542827703425e-09,7519.0,BID
752,1712697873.1748054,1840568.83099917,7014.0,4.680335010855949e-09,7519.0,BID
753,1712697878.1254508,1840583.83099917,7014.0,1.072028142415551e-09,7519.0,BID
754,1712697890.7840142,1840598.08819905,7014.0,1.0189413002246596e-09,7519.0,BID
755,1712697900.5648391,1840598.08819905,7014.0,0.0,7519.0,BID
756,1712697909.996424,1840605.21679899,7014.0,5.109746828991132e-10,7519.0,BID
757,1712697912.484698,1840623.39889978,7014.0,1.303284412591723e-09,7519.0,BID
758,1712697915.1569204,1840625.51884137,7011.0,-1.5195641372482854e-10,7519.0,ASK
759,1712697915.2747605,1840627.63718934,7011.0,-1.5184218379091307e-10,7519.0,ASK
760,1712697930.0479903,1840630.41141042,7011.0,-1.9885485908873227e-10,7519.0,ASK
761,1712697930.6045558,1840630.41141042,7011.0,-0.0,7519.0,ASK
762,1712697958.854789,1840666.18880137,7011.0,-2.5644648451078714e-09,7519.0,ASK
763,1712697960.9048278,1840666.18880137,7011.0,-0.0,7519.0,ASK
764,1712697971.0851,1840675.27429055,7010.0,-6.51221290327025e-10,7519.0,ASK
765,1712697971.0916884,1840682.22747104,7010.0,-4.98383640213088e-10,7519.0,ASK
766,1712697971.72482,1840710.75814151,7010.0,2.044995010098269e-09,7519.0,BID
767,1712697978.685031,1840720.75814151,7010.0,7.167707510619645e-10,7519.0,BID
768,1712697990.8581192,1840735.02041251,7008.0,-1.0222778696571143e-09,7519.0,ASK
769,1712697990.92498,1840735.02041251,7008.0,-0.0,7519.0,ASK
770,1712697994.8950522,1840884.74342489,7003.0,-1.0731336483486964e-08,7519.0,ASK
771,1712697994.9014678,1840889.37280389,7005.0,-3.318088713744701e-10,7519.0,ASK
772,1712697994.9550188,1841049.96043121,7008.0,1.1510053374307064e-08,7519.0,BID
773,1712697994.9615183,1841124.88769202,7003.0,5.370381177593785e-09,7519.0,BID
774,1712698016.2459724,1841243.05004025,7001.0,-8.469238618544231e-09,7519.0,ASK
775,1712698016.252709,1841266.59222917,7000.0,-1.687376889117648e-09,7519.0,ASK
776,1712698016.257392,1841409.42896677,7001.0,-1.0237765517950188e-08,7519.0,ASK
777,1712698016.2602718,1841875.6569876,7000.0,-3.3416705221353005e-08,7519.0,ASK
778,1712698020.626394,1841875.6569876,7000.0,-0.0,7519.0,ASK
779,1712698036.0750496,1841918.46520677,7008.0,3.0665064300130753e-09,7519.0,BID
780,1712698044.4059844,1841921.25277678,7000.0,-1.9968364779790216e-10,7519.0,ASK
781,1712698044.414672,1842334.67123071,7000.0,-2.9614648117678133e-08,7519.0,ASK
782,1712698044.4198887,1842544.30742521,7000.0,-1.501699325181167e-08,7519.0,ASK
783,1712698044.4855418,1842740.17462722,7000.0,1.4030670886065813e-08,7519.0,BID
784,1712698044.4906094,1843302.8030364,7000.0,4.030309290858255e-08,7519.0,BID
785,1712698050.5647352,1843302.8030364,7000.0,0.0,7519.0,BID
786,1712698056.24516,1843449.7044388,6999.0,-1.0515549454343046e-08,7519.0,ASK
787,1712698056.255026,1843451.13321433,6999.0,-1.0227512808042936e-10,7519.0,ASK
788,1712698064.5052836,1843451.84668464,7008.0,5.1071890439069986e-11,7519.0,BID
789,1712698080.9551437,1843451.84668464,7008.0,0.0,7519.0,BID
790,1712698108.2253993,1843458.79986513,7000.0,-4.97687923738377e-10,7519.0,ASK
791,1712698110.9077082,1843458.79986513,7000.0,-0.0,7519.0,ASK
792,1712698127.565671,1843599.73641462,7008.0,1.0087782768233882e-08,7519.0,BID
793,1712698140.6277528,1843599.73641462,7008.0,0.0,7519.0,BID
794,1712698170.5966794,1843599.73641462,7008.0,0.0,7519.0,BID
795,1712698176.7357342,1843640.42827733,7008.0,2.9123861431146806e-09,7519.0,BID
796,1712698200.7354867,1843640.42827733,7008.0,0.0,7519.0,BID
797,1712698208.175782,1843641.75856339,7010.0,9.533812719541178e-11,7519.0,BID
798,1712698212.6556456,1843652.20116776,7015.0,7.4839417897675e-10,7519.0,BID
799,1712698212.6597755,1843660.10635925,7011.0,5.66544425623197e-10,7519.0,BID
800,1712698230.5873969,1843660.10635925,7011.0,0.0,7519.0,BID
801,1712698234.515712,1843661.5612159,7011.0,1.0426474478451002e-10,7519.0,BID
802,1712698247.6675603,1843732.87771853,7011.0,5.1110169141286955e-09,7519.0,BID
803,1712698255.7004175,1843747.04403103,7010.0,1.015252573091797e-09,7519.0,BID
804,1712698260.8957424,1843747.04403103,7010.0,0.0,7519.0,BID
805,1712698263.5457275,1843748.47036108,7011.0,1.02215873177197e-10,7519.0,BID
806,1712698278.26605,1843782.58398236,7011.0,2.444703164185223e-09,7519.0,BID
807,1712698279.1457794,1843817.1298146,7011.0,2.475676935416796e-09,7519.0,BID
808,1712698290.9158864,1843817.1298146,7011.0,0.0,7519.0,BID
809,1712698320.5985398,1843817.1298146,7011.0,0.0,7519.0,BID
810,1712698331.346236,1843817.84206531,7020.0,5.104061621666829e-11,7519.0,BID
811,1712698340.8352785,1843853.42895059,7011.0,-2.550192689767202e-09,7519.0,ASK
812,1712698350.6084166,1843853.42895059,7011.0,-0.0,7519.0,ASK
813,1712698355.5964863,1843879.50839444,7020.0,1.8688456045477766e-09,7519.0,BID
814,1712698355.755948,1843879.50839445,7020.0,7.174368703018003e-19,7519.0,BID
1015,1712698372.8661542,1843880.219632,7030.0,5.096708261060207e-11,7519.0,BID
815,1712698372.8661542,1843880.219632,7030.0,5.0967082610602066e-11,7519.0,BID
816,1712698380.6277606,1843880.219632,7030.0,0.0,7519.0,BID
817,1712698410.608101,1843880.219632,7030.0,0.0,7519.0,BID
818,1712698440.9263055,1843880.219632,7030.0,0.0,7519.0,BID
819,1712698470.8962698,1843880.219632,7030.0,0.0,7519.0,BID
820,1712698484.8163192,1844022.46714266,7030.0,1.0193279188318326e-08,7519.0,BID
821,1712698500.6390593,1844022.46714266,7030.0,0.0,7519.0,BID
1022,1712698505.5566769,1844026.02333042,7030.0,2.555285318990548e-10,7519.0,BID
822,1712698505.5566769,1844026.02333042,7030.0,2.5552853189905476e-10,7519.0,BID
823,1712698513.1367166,1844029.94264438,7030.0,2.816208282064874e-10,7519.0,BID
824,1712698513.1466596,1844031.36836438,7036.0,1.0244457353268851e-10,7519.0,BID
825,1712698513.1500351,1844044.47664011,7037.0,9.41890214738576e-10,7519.0,BID
826,1712698530.6160605,1844044.47664011,7037.0,0.0,7519.0,BID
827,1712698560.8894851,1844044.47664011,7037.0,0.0,7519.0,BID
828,1712698590.1481917,1844186.72415077,7030.0,1.0221027585059669e-08,7519.0,BID
829,1712698590.9198718,1844186.72415077,7030.0,0.0,7519.0,BID
830,1712698598.4367008,1844894.47664011,7030.0,5.0851068909300614e-08,7519.0,BID
1030,1712698598.4367008,1844894.47664011,7030.0,5.085106890930061e-08,7519.0,BID
831,1712698598.4438417,1846690.36836438,7037.0,1.2903241627548088e-07,7519.0,BID
832,1712698598.556698,1847026.11000187,7037.0,-2.4122587205098875e-08,7519.0,ASK
833,1712698598.563358,1847165.62387389,7037.0,-1.002388494105826e-08,7519.0,ASK
834,1712698599.4768312,1847240.95598202,7037.0,-5.412511124014381e-09,7519.0,ASK
835,1712698604.2966816,1847289.92284477,7037.0,-3.518203537928358e-09,7519.0,ASK
836,1712698608.420922,1847509.51942747,7037.0,-1.5777720498790268e-08,7519.0,ASK
837,1712698609.921292,1847535.25031661,7037.0,-1.848729939451754e-09,7519.0,ASK
838,1712698620.616579,1847535.25031661,7037.0,-0.0,7519.0,ASK
839,1712698622.546658,1847631.27494877,7037.0,-6.887582968977796e-09,7519.0,ASK
840,1712698628.566834,1847655.62106972,7037.0,-1.746280347496766e-09,7519.0,ASK
841,1712698632.4166646,1847674.016385,7037.0,-1.3194454108426256e-09,7519.0,ASK
842,1712698635.8373675,1847869.88357704,7037.0,-1.4049015400862793e-08,7519.0,ASK
843,1712698650.3510716,1847885.37523622,7037.0,-1.1111741386517052e-09,7519.0,ASK
844,1712698650.6203313,1847885.37523622,7037.0,-0.0,7519.0,ASK
845,1712698651.7970307,1847908.84527876,7037.0,-1.683144199340372e-09,7519.0,ASK
846,1712698651.8166592,1847924.84895636,7037.0,-1.1476969875431604e-09,7519.0,ASK
847,1712698652.6568642,1847940.32829122,7037.0,-1.110093969137513e-09,7519.0,ASK
848,1712698652.756657,1847975.87924051,7037.0,-2.549521330300788e-09,7519.0,ASK
849,1712698654.146424,1848081.54656661,7037.0,-7.57788771289413e-09,7519.0,ASK
850,1712698670.4570775,1848132.26872347,7037.0,-3.637518080819605e-09,7519.0,ASK
851,1712698680.736838,1848132.97874903,7042.0,5.0919183501584116e-11,7519.0,BID
852,1712698680.9265995,1848132.97874903,7042.0,0.0,7519.0,BID
853,1712698690.227476,1848585.35893221,7042.0,3.2438200682556314e-08,7519.0,BID
854,1712698710.90685,1848585.35893221,7042.0,0.0,7519.0,BID
855,1712698740.5590403,1848585.35893221,7042.0,0.0,7519.0,BID
856,1712698770.1952364,1848601.0220299,7038.0,-1.122875604057781e-09,7519.0,ASK
857,1712698770.2011309,1848604.12846448,7031.0,-2.2269794100952288e-10,7519.0,ASK
858,1712698770.2044106,1848753.85147686,7036.0,-1.0733529298866874e-08,7519.0,ASK
859,1712698770.2076545,1848854.71920157,7038.0,-7.231130747860865e-09,7519.0,ASK
860,1712698770.6012723,1848854.71920157,7038.0,-0.0,7519.0,ASK
861,1712698793.3866775,1849317.9140156,7032.0,-3.320157370378196e-08,7519.0,ASK
862,1712698800.5974967,1849317.9140156,7032.0,-0.0,7519.0,ASK
863,1712698821.535973,1849388.91657169,7042.0,5.100088557675768e-09,7519.0,BID
864,1712698830.6368878,1849388.91657169,7042.0,0.0,7519.0,BID
865,1712698860.9248946,1849388.91657169,7042.0,0.0,7519.0,BID
866,1712698865.0951068,1849389.62659725,7042.0,5.099905389803714e-11,7519.0,BID
867,1712698885.1445105,1849399.75366001,7030.0,-7.273972213573025e-10,7519.0,ASK
868,1712698890.9189825,1849399.75366001,7030.0,-0.0,7519.0,ASK
869,1712698905.3844774,1849435.20168613,7042.0,2.546113833903751e-09,7519.0,BID
870,1712698920.615414,1849435.20168613,7042.0,0.0,7519.0,BID
871,1712698921.8841417,1849436.0537168,7042.0,6.119743234996604e-11,7519.0,BID
872,1712698950.590068,1849436.0537168,7042.0,0.0,7519.0,BID
873,1712698980.9223564,1849436.0537168,7042.0,0.0,7519.0,BID
874,1712698990.9924006,1849436.76374236,7042.0,5.099783843942528e-11,7519.0,BID
875,1712699003.0320506,1849464.75534487,7027.0,-2.01050680801103e-09,7519.0,ASK
876,1712699007.292408,1849511.56556287,7028.0,-3.362160560104678e-09,7519.0,ASK
877,1712699010.9021733,1849511.56556287,7028.0,-0.0,7519.0,ASK
878,1712699040.5738168,1849511.56556287,7028.0,-0.0,7519.0,ASK
879,1712699070.6048572,1849511.56556287,7028.0,-0.0,7519.0,ASK
880,1712699074.0433178,1849525.22520999,7042.0,9.810716189439083e-10,7519.0,BID
881,1712699079.5308828,1849528.0657156,7041.0,2.0401254973095347e-10,7519.0,BID
882,1712699087.840882,1849530.90622121,7041.0,2.0401254973095347e-10,7519.0,BID
883,1712699092.76429,1849533.74672682,7041.0,2.0401254973095347e-10,7519.0,BID
884,1712699100.6142895,1849533.74672682,7041.0,0.0,7519.0,BID
885,1712699112.570673,1849536.58723243,7041.0,2.0404819287983663e-10,7519.0,BID
886,1712699116.0407543,1849539.42773804,7041.0,2.0404819287983663e-10,7519.0,BID
887,1712699120.9407666,1849542.26824365,7041.0,2.0404819287983663e-10,7519.0,BID
888,1712699127.6703322,1849570.67329975,7041.0,2.040481928815092e-09,7519.0,BID
889,1712699129.0400558,1849573.51380536,7041.0,2.0404819287983663e-10,7519.0,BID
890,1712699130.5917788,1849573.51380536,7041.0,0.0,7519.0,BID
891,1712699160.9097147,1849573.51380536,7041.0,0.0,7519.0,BID
892,1712699169.4196122,1849575.40210259,7030.0,-1.356434172372333e-10,7519.0,ASK
893,1712699190.949196,1849575.40210259,7030.0,-0.0,7519.0,ASK
894,1712699201.219443,1849635.05272039,7041.0,4.284921777446072e-09,7519.0,BID
895,1712699210.201315,1849648.84887596,7030.0,-9.910282512999058e-10,7519.0,ASK
896,1712699220.602871,1849648.84887596,7030.0,-0.0,7519.0,ASK
897,1712699250.5793047,1849648.84887596,7030.0,-0.0,7519.0,ASK
898,1712699280.918187,1849648.84887596,7030.0,-0.0,7519.0,ASK
899,1712699302.018124,1849649.55900236,7041.0,5.1009079042218754e-11,7519.0,BID
900,1712699310.9183457,1849649.55900236,7041.0,0.0,7519.0,BID
901,1712699340.5980225,1849649.55900236,7041.0,0.0,7519.0,BID
902,1712699368.277438,1849652.3991046,7042.0,2.0400726915254678e-10,7519.0,BID
903,1712699370.6078122,1849652.3991046,7042.0,0.0,7519.0,BID
904,1712699400.6471908,1849652.3991046,7042.0,0.0,7519.0,BID
905,1712699424.7289472,1851461.3991046,7033.0,-1.3002843262688573e-07,7519.0,ASK
906,1712699424.7364483,1851481.28708848,7030.0,-1.4295209353377118e-09,7519.0,ASK
907,1712699424.7417595,1851484.13122954,7032.0,-2.0443294870330047e-10,7519.0,ASK
908,1712699424.7451327,1851640.97758103,7030.0,-1.1273900081523522e-08,7519.0,ASK
909,1712699424.748458,1851654.75595919,7032.0,-9.903708768831735e-10,7519.0,ASK
910,1712699424.7518518,1851692.41235137,7030.0,-2.706689692407608e-09,7519.0,ASK
911,1712699424.7551918,1851706.25689695,7031.0,-9.951269000532972e-10,7519.0,ASK
912,1712699424.758531,1851708.25689695,7030.0,-1.4375725000208484e-10,7519.0,ASK
913,1712699430.5769818,1851708.25689695,7030.0,-0.0,7519.0,ASK
914,1712699460.9064353,1851708.25689695,7030.0,-0.0,7519.0,ASK
915,1712699490.9162762,1851708.25689695,7030.0,-0.0,7519.0,ASK
916,1712699491.012665,1851709.50738722,7030.0,-8.9790208293724e-11,7519.0,ASK
917,1712699491.3464155,1851851.73466642,7031.0,1.0212488119464998e-08,7519.0,BID
918,1712699520.6162407,1851851.73466642,7031.0,0.0,7519.0,BID
919,1712699550.5767574,1851851.73466642,7031.0,0.0,7519.0,BID
920,1712699578.8658752,1851860.82118652,7031.0,-6.524012684449097e-10,7519.0,ASK
921,1712699580.8856702,1851860.82118652,7031.0,-0.0,7519.0,ASK
922,1712699610.899586,1851860.82118652,7031.0,-0.0,7519.0,ASK
923,1712699611.2256415,1851861.53121208,7042.0,5.0978751617014354e-11,7519.0,BID
1124,1712699615.8454726,1851862.9512632,7042.0,1.0195750321731179e-10,7519.0,BID
924,1712699615.8454726,1851862.9512632,7042.0,1.019575032173118e-10,7519.0,BID
925,1712699640.5853975,1851862.9512632,7042.0,0.0,7519.0,BID
926,1712699663.9052143,1851921.06796969,7042.0,4.1726863378239085e-09,7519.0,BID
927,1712699663.915124,1852004.95637538,7042.0,6.023053016335142e-09,7519.0,BID
928,1712699670.5951357,1852004.95637538,7042.0,0.0,7519.0,BID
929,1712699672.4255416,1852140.14939958,7042.0,9.705945488816348e-09,7519.0,BID
930,1712699700.5850875,1852140.14939958,7042.0,0.0,7519.0,BID
931,1712699730.6258008,1852140.14939958,7042.0,0.0,7519.0,BID
932,1712699742.7247107,1852675.90957636,7031.0,-3.846766060121069e-08,7519.0,ASK
933,1712699754.9156473,1852689.96808246,7042.0,1.0094028348152074e-09,7519.0,BID
934,1712699760.6566906,1852689.96808246,7042.0,0.0,7519.0,BID
935,1712699790.5864797,1852689.96808246,7042.0,0.0,7519.0,BID
936,1712699820.894477,1852689.96808246,7042.0,0.0,7519.0,BID
937,1712699830.7946954,1852690.96808176,7042.0,7.178017454642548e-11,7519.0,BID
938,1712699830.8023643,1852759.78981046,7042.0,4.9400391573068495e-09,7519.0,BID
939,1712699850.8942702,1852759.78981046,7042.0,0.0,7519.0,BID
940,1712699880.606593,1852759.78981046,7042.0,0.0,7519.0,BID
1141,1712699883.1675253,1852759.78981116,7042.0,5.0236410636704135e-17,7519.0,BID
941,1712699883.1675253,1852759.78981116,7042.0,5.023641063670414e-17,7519.0,BID
942,1712699886.3843396,1852872.29250121,7043.0,8.075183383227745e-09,7519.0,BID
943,1712699886.3921533,1852873.71822121,7043.0,1.0233489037050972e-10,7519.0,BID
944,1712699892.2643056,1853111.21553116,7043.0,1.7047008653889612e-08,7519.0,BID
945,1712699892.2720325,1853125.99860621,7043.0,1.061095000887702e-09,7519.0,BID
946,1712699892.3657677,1853125.998607,7043.0,5.670397248514209e-17,7519.0,BID
947,1712699893.7439723,1853131.61514051,7050.0,4.0314180976899215e-10,7519.0,BID
948,1712699893.7537966,1853133.04086052,7050.0,1.0233489108912771e-10,7519.0,BID
949,1712699910.5769818,1853133.04086052,7050.0,0.0,7519.0,BID
950,1712699923.6640763,1853133.75008037,7050.0,5.0896559796040304e-11,7519.0,BID
951,1712699940.9139853,1853133.75008037,7050.0,0.0,7519.0,BID
952,1712699948.1740153,1853176.30327185,7050.0,3.0537925258672315e-09,7519.0,BID
953,1712699969.8937483,1853459.99121511,7050.0,2.03586168434202e-08,7519.0,BID
954,1712699970.9235282,1853459.99121511,7050.0,0.0,7519.0,BID
955,1712700000.675285,1853459.99121511,7050.0,0.0,7519.0,BID
956,1712700003.7840765,1853474.16669047,7058.0,1.0175313741513703e-09,7519.0,BID
957,1712700003.7935605,1853560.34980237,7050.0,6.186319545117533e-09,7519.0,BID
958,1712700003.7996252,1853743.42935414,7059.0,1.3141653677358918e-08,7519.0,BID
959,1712700013.253816,1853885.15271014,7056.0,1.017305998696415e-08,7519.0,BID
960,1712700030.6450183,1853885.15271014,7056.0,0.0,7519.0,BID
961,1712700059.3636224,1853906.2794707,7053.0,1.51617585223177e-09,7519.0,BID
962,1712700060.88672,1853906.2794707,7053.0,0.0,7519.0,BID
963,1712700063.5435002,1853933.97777001,7053.0,1.987765391881504e-09,7519.0,BID
964,1712700090.9077592,1853933.97777001,7053.0,0.0,7519.0,BID
965,1712700113.5140915,1853948.18029806,7041.0,-1.0192285681518002e-09,7519.0,ASK
966,1712700113.5208907,1853987.51015734,7041.0,-2.822463438808231e-09,7519.0,ASK
967,1712700113.5271466,1854145.10761835,7031.0,-1.1309805829279664e-08,7519.0,ASK
968,1712700113.5311162,1854159.32225943,7035.0,-1.0200978462302784e-09,7519.0,ASK
969,1712700113.5346496,1854259.32225943,7036.0,-7.176388348385317e-09,7519.0,ASK
970,1712700113.5382528,1854917.06051063,7035.0,-4.7201851221986256e-08,7519.0,ASK
971,1712700120.573077,1854917.06051063,7035.0,-0.0,7519.0,ASK
972,1712700150.5852058,1854917.06051063,7035.0,-0.0,7519.0,ASK
973,1712700180.8934386,1854917.06051063,7035.0,-0.0,7519.0,ASK
974,1712700210.9629512,1854917.06051063,7035.0,-0.0,7519.0,ASK
975,1712700212.153056,1854921.31401977,7053.0,3.0509691377399805e-10,7519.0,BID
976,1712700235.652833,1854922.02273699,7055.0,5.083507039695454e-11,7519.0,BID
977,1712700240.152902,1854950.4318279,7040.0,2.037735355625304e-09,7519.0,BID
978,1712700240.6026957,1854950.4318279,7040.0,0.0,7519.0,BID
979,1712700270.5858035,1854950.4318279,7040.0,0.0,7519.0,BID
980,1712700300.8926487,1854950.4318279,7040.0,0.0,7519.0,BID
981,1712700330.8927965,1854950.4318279,7040.0,0.0,7519.0,BID
982,1712700360.596432,1854950.4318279,7040.0,0.0,7519.0,BID
983,1712700375.5343242,1854951.85067012,7048.0,1.0177969629218244e-10,7519.0,BID
984,1712700390.59233,1854951.85067012,7048.0,0.0,7519.0,BID
985,1712700397.0424707,1855025.89055142,7048.0,-5.311197482269205e-09,7519.0,ASK
986,1712700420.8926334,1855025.89055142,7048.0,-0.0,7519.0,ASK
987,1712700450.9368005,1855025.89055142,7048.0,-0.0,7519.0,ASK
988,1712700480.580899,1855025.89055142,7048.0,-0.0,7519.0,ASK
989,1712700510.5962863,1855025.89055142,7048.0,-0.0,7519.0,ASK
990,1712700540.9318588,1855025.89055142,7048.0,-0.0,7519.0,ASK
991,1712700545.4219778,1855099.75477675,7049.0,-5.298398591315841e-09,7519.0,ASK
992,1712700545.7823722,1855170.64482648,7049.0,-5.0850562359402766e-09,7519.0,ASK
1193,1712700546.1256251,1855171.35374467,7053.0,5.0851831491851436e-11,7519.0,BID
993,1712700546.1256251,1855171.35374467,7053.0,5.085183149185144e-11,7519.0,BID
994,1712700570.941935,1855171.35374467,7053.0,0.0,7519.0,BID
995,1712700586.3724432,1855172.77258689,7048.0,-1.01768328248141e-10,7519.0,ASK
996,1712700586.3807104,1855192.23638424,7048.0,-1.3960665180178843e-09,7519.0,ASK
997,1712700594.2219057,1855220.60517856,7050.0,2.034789162387108e-09,7519.0,BID
998,1712700600.5820465,1855220.60517856,7050.0,0.0,7519.0,BID
999,1712700612.5120733,1855229.5182257,7048.0,-6.398219658723499e-10,7519.0,ASK
1000,1712700612.5209265,1855329.51822556,7048.0,-7.178487389635247e-09,7519.0,ASK
1201,1712700612.6743157,1855329.5182257,7048.0,-1.0044944768789678e-17,7519.0,ASK
1202,1712700613.392023,1855462.39665597,7046.0,-9.538661373833698e-09,7519.0,ASK
1203,1712700616.6046593,1855675.58572197,7046.0,-1.5303750240309473e-08,7519.0,ASK
1204,1712700627.4826035,1855804.78131179,7046.0,-9.27428913616568e-09,7519.0,ASK
1205,1712700627.8218057,1855868.58635036,7046.0,-4.580236654105718e-09,7519.0,ASK
1206,1712700628.3251095,1855893.35435036,7046.0,-1.7779677591640215e-09,7519.0,ASK
1207,1712700628.327293,1856249.8522808,7046.0,-2.5591159016747984e-08,7519.0,ASK
1208,1712700628.3331182,1856318.0396787,7046.0,-4.894823766423985e-09,7519.0,ASK
1209,1712700628.4819162,1856389.00192678,7046.0,-5.094016036948608e-09,7519.0,ASK
1210,1712700628.4919727,1856819.32269852,7046.0,-3.089052237756612e-08,7519.0,ASK
1211,1712700630.5794804,1856819.32269852,7046.0,-0.0,7519.0,ASK
1212,1712700632.7417946,1856820.74214493,7045.0,-1.0181245196612403e-10,7519.0,ASK
1213,1712700649.7824078,1856962.78759947,7040.0,-1.0188476237193388e-08,7519.0,ASK
1214,1712700649.785331,1856964.20805401,7040.0,-1.0188476198866395e-10,7519.0,ASK
1215,1712700658.2519112,1856965.65691764,7040.0,-1.039224571633064e-10,7519.0,ASK
1216,1712700660.895591,1856965.65691764,7040.0,-0.0,7519.0,ASK
1217,1712700690.901804,1856965.65691764,7040.0,-0.0,7519.0,ASK
1218,1712700693.0921028,1856978.51708735,7035.0,-9.223516004943112e-10,7519.0,ASK
1219,1712700693.094881,1856979.93855145,7035.0,-1.0194964119990752e-10,7519.0,ASK
1220,1712700695.1340487,1856981.36041978,7033.0,-1.0197863321753431e-10,7519.0,ASK
1221,1712700695.1418278,1856982.78208597,7034.0,-1.0196413541358055e-10,7519.0,ASK
1222,1712700695.1442423,1856984.2041565,7032.0,-1.0199313531312592e-10,7519.0,ASK
1223,1712700695.1463263,1857013.98791003,7035.0,-2.1361376526694662e-09,7519.0,ASK
1224,1712700695.2330463,1857201.44908997,7032.0,1.3445010699604377e-08,7519.0,BID
1225,1712700695.241672,1857271.39367696,7032.0,5.0165358009585415e-09,7519.0,BID
1226,1712700706.5825462,1857497.50756972,7031.0,-1.621724406333974e-08,7519.0,ASK
1227,1712700706.5854905,1857511.73029763,7031.0,-1.0200764178885996e-09,7519.0,ASK
1228,1712700709.792068,1857525.85060262,7030.0,-1.0127304849688156e-09,7519.0,ASK
1229,1712700720.603199,1857525.85060262,7030.0,-0.0,7519.0,ASK
1230,1712700738.6924057,1857811.52410502,7031.0,2.04831660077568e-08,7519.0,BID
1231,1712700738.7019248,1857982.82773599,7031.0,1.228269573975166e-08,7519.0,BID
1232,1712700750.577653,1857982.82773599,7031.0,0.0,7519.0,BID
1233,1712700776.4421768,1857986.22324096,7030.0,-2.434060989914669e-10,7519.0,ASK
1234,1712700776.4445865,1857988.6090969,7030.0,-1.710296089405106e-10,7519.0,ASK
1235,1712700776.4474895,1857991.45445185,7029.0,-2.039687041332092e-10,7519.0,ASK
1236,1712700776.4503598,1857997.93857308,7030.0,-4.648129418259628e-10,7519.0,ASK
1237,1712700776.4520965,1858012.16534787,7029.0,-1.019843523586869e-09,7519.0,ASK
1238,1712700780.921511,1858012.16534787,7029.0,-0.0,7519.0,ASK
1239,1712700784.9719784,1858017.48046246,7029.0,3.81007300599529e-10,7519.0,BID
1240,1712700810.921589,1858017.48046246,7029.0,0.0,7519.0,BID
1241,1712700836.9533277,1858062.41516211,7032.0,3.221078770075658e-09,7519.0,BID
1242,1712700836.9557607,1859123.07882937,7032.0,7.603213657638353e-08,7519.0,BID
1243,1712700840.612035,1859123.07882937,7032.0,0.0,7519.0,BID
1244,1712700863.5417073,1859123.78925846,7038.0,5.089771316544236e-11,7519.0,BID
1245,1712700870.5667734,1859123.78925846,7038.0,0.0,7519.0,BID
1246,1712700900.6318357,1859123.78925846,7038.0,0.0,7519.0,BID
1247,1712700930.5828238,1859123.78925846,7038.0,0.0,7519.0,BID
1248,1712700935.872337,1859130.89455901,7037.0,5.099099434257158e-10,7519.0,BID
1249,1712700960.892149,1859130.89455901,7037.0,0.0,7519.0,BID
1250,1712700964.3444068,1859162.25303455,7032.0,-2.2504243135960715e-09,7519.0,ASK
1251,1712700964.3474665,1859163.67510508,7032.0,-1.0205413500713428e-10,7519.0,ASK
1252,1712700964.4255705,1859227.52826473,7030.0,-4.582388030715467e-09,7519.0,ASK
1253,1712700964.6821334,1859317.07769403,7030.0,-6.426467151054823e-09,7519.0,ASK
1254,1712700990.922439,1859317.07769403,7030.0,-0.0,7519.0,ASK
1255,1712701000.21245,1859368.1644644,7030.0,-3.665870542974828e-09,7519.0,ASK
1256,1712701010.4922369,1859386.1644644,7030.0,-1.2916390935610975e-09,7519.0,ASK
1257,1712701020.612331,1859386.1644644,7030.0,-0.0,7519.0,ASK
1258,1712701025.1619737,1859459.35134561,7035.0,5.251541249603696e-09,7519.0,BID
1259,1712701025.212371,1859732.8995644,7035.0,1.9628514441071378e-08,7519.0,BID
1260,1712701050.5823765,1859732.8995644,7035.0,0.0,7519.0,BID
1261,1712701080.942366,1859732.8995644,7035.0,0.0,7519.0,BID
1262,1712701094.7430089,1859735.74249261,7047.0,2.0395925883403348e-10,7519.0,BID
1263,1712701110.9023497,1859735.74249261,7047.0,0.0,7519.0,BID
1264,1712701140.602561,1859735.74249261,7047.0,0.0,7519.0,BID
1265,1712701170.6146605,1859735.74249261,7047.0,0.0,7519.0,BID
1266,1712701171.04276,1859742.80241172,7047.0,-5.064967150858658e-10,7519.0,ASK
1267,1712701172.1729908,1859744.22145528,7047.0,-1.01805826741828e-10,7519.0,ASK
1268,1712701177.3128383,1859744.93067513,7050.0,5.0881252145805565e-11,7519.0,BID
1269,1712701200.63534,1859744.93067513,7050.0,0.0,7519.0,BID
1270,1712701230.6027615,1859744.93067513,7050.0,0.0,7519.0,BID
1271,1712701247.4331436,1859797.80677895,7050.0,3.7978888756862605e-09,7519.0,BID
1272,1712701247.53318,1860152.01802196,7050.0,-2.544164267578033e-08,7519.0,ASK
1273,1712701247.5529494,1860418.50632164,7050.0,-1.9140838218790083e-08,7519.0,ASK
1274,1712701247.6631386,1860491.69320285,7050.0,-5.256734553299497e-09,7519.0,ASK
1275,1712701247.6730115,1860686.14135133,7050.0,-1.3966468908660956e-08,7519.0,ASK
1276,1712701247.7429304,1860852.44812208,7050.0,-1.1945181073373748e-08,7519.0,ASK
1277,1712701260.9037046,1860852.44812208,7050.0,-0.0,7519.0,ASK
1278,1712701262.3329282,1861061.83364208,7050.0,1.5030933707022516e-08,7519.0,BID
1279,1712701290.9230652,1861061.83364208,7050.0,0.0,7519.0,BID
1280,1712701320.59392,1861061.83364208,7050.0,0.0,7519.0,BID
1281,1712701350.6032493,1861061.83364208,7050.0,0.0,7519.0,BID
1282,1712701380.9331934,1861061.83364208,7050.0,0.0,7519.0,BID
1283,1712701410.9332695,1861061.83364208,7050.0,0.0,7519.0,BID
1284,1712701417.083488,1861083.1132562,7049.0,1.527414974003506e-09,7519.0,BID
1285,1712701440.603327,1861083.1132562,7049.0,0.0,7519.0,BID
1286,1712701470.6032283,1861083.1132562,7049.0,0.0,7519.0,BID
1287,1712701489.8232388,1861083.82257667,7049.0,5.091328424780912e-11,7519.0,BID
1288,1712701500.9036753,1861083.82257667,7049.0,0.0,7519.0,BID
1289,1712701530.913309,1861083.82257667,7049.0,0.0,7519.0,BID
1290,1712701560.618087,1861083.82257667,7049.0,0.0,7519.0,BID
1291,1712701590.5868275,1861083.82257667,7049.0,0.0,7519.0,BID
1292,1712701591.483471,1861084.82257667,7049.0,7.1934805478633e-11,7519.0,BID
1293,1712701620.8933036,1861084.82257667,7049.0,0.0,7519.0,BID
1294,1712701650.9365911,1861084.82257667,7049.0,0.0,7519.0,BID
1295,1712701680.6001296,1861084.82257667,7049.0,0.0,7519.0,BID
1296,1712701705.79361,1861104.43824908,7049.0,1.4110488636475947e-09,7519.0,BID
1297,1712701705.8334212,1861393.64343952,7049.0,-2.0803908568702648e-08,7519.0,ASK
1298,1712701705.8935063,1861433.15716722,7049.0,-2.842410874545862e-09,7519.0,ASK
1299,1712701710.665086,1861433.15716722,7049.0,-0.0,7519.0,ASK
1300,1712701723.5835328,1861436.70326651,7050.0,2.5504278523706245e-10,7519.0,BID
1301,1712701740.9237547,1861436.70326651,7050.0,0.0,7519.0,BID
1302,1712701743.1184409,1861438.12170622,7050.0,1.0201693023442775e-10,7519.0,BID
1303,1712701745.203488,1861468.79222814,7049.0,-2.205883318683156e-09,7519.0,ASK
1304,1712701745.9837625,1861509.76824989,7049.0,-2.9470748192947713e-09,7519.0,ASK
1305,1712701746.0434089,1861563.12481902,7049.0,-3.8375077572385595e-09,7519.0,ASK
1306,1712701746.5034742,1861602.76439206,7049.0,-2.8509548405163353e-09,7519.0,ASK
1307,1712701753.051056,1861632.95805759,7049.0,-2.1715868838727113e-09,7519.0,ASK
1308,1712701753.2467914,1861655.50117355,7049.0,-1.621344546310223e-09,7519.0,ASK
1309,1712701753.733582,1861672.9833706,7049.0,-1.2573534596938792e-09,7519.0,ASK
1310,1712701756.0738833,1861708.7833706,7049.0,-2.5748053135624644e-09,7519.0,ASK
1311,1712701758.6470006,1861738.89982849,7049.0,-2.166033960916329e-09,7519.0,ASK
1312,1712701759.921172,1861761.39251243,7049.0,-1.617717377781548e-09,7519.0,ASK
1313,1712701759.923783,1861778.34187038,7049.0,-1.2190306399834246e-09,7519.0,ASK
1314,1712701767.7866623,1861780.9637709,7049.0,-1.8857216173353519e-10,7519.0,ASK
1315,1712701767.7886815,1861801.37500418,7049.0,-1.468015416364871e-09,7519.0,ASK
1316,1712701768.68741,1861818.60009988,7049.0,-1.238862232819612e-09,7519.0,ASK
1317,1712701770.9206302,1861818.60009988,7049.0,-0.0,7519.0,ASK
1318,1712701800.6534944,1861818.60009988,7049.0,-0.0,7519.0,ASK
1319,1712701803.4639502,1861819.30931973,7050.0,5.109173854998692e-11,7519.0,BID
1320,1712701812.1825912,1861870.3943706,7049.0,-3.680133971484727e-09,7519.0,ASK
1321,1712701814.5839145,1861883.09818728,7048.0,-9.151747240016267e-10,7519.0,ASK
1322,1712701830.5872056,1861883.09818728,7048.0,-0.0,7519.0,ASK
1323,1712701830.8536904,1861887.35350642,7050.0,3.065403945429499e-10,7519.0,BID
1324,1712701859.1838915,1861888.77194613,7050.0,1.0218013127391195e-10,7519.0,BID
1325,1712701860.957144,1861888.77194613,7050.0,0.0,7519.0,BID
1326,1712701890.8935325,1861888.77194613,7050.0,0.0,7519.0,BID
1327,1712701913.4237075,1862030.61591776,7049.0,1.021798372951238e-08,7519.0,BID
1328,1712701920.647539,1862030.61591776,7049.0,0.0,7519.0,BID
1329,1712701938.85386,1862032.0345587,7049.0,1.02186972625717e-10,7519.0,BID
1330,1712701949.9137206,1862096.3780826,7049.0,4.634766789886914e-09,7519.0,BID
1331,1712701950.6135173,1862096.3780826,7049.0,0.0,7519.0,BID
1332,1712701951.559064,1862282.52194613,7049.0,1.3407792084652645e-08,7519.0,BID
1333,1712701951.5672295,1862284.10307576,7049.0,1.1388748967629036e-10,7519.0,BID
1334,1712701955.9167233,1862296.8690332,7050.0,9.19521599429806e-10,7519.0,BID
1335,1712701956.475946,1862321.23255832,7049.0,-1.7548850285161911e-09,7519.0,ASK
1336,1712701964.763811,1862371.33255832,7049.0,-3.608662518872085e-09,7519.0,ASK
1337,1712701980.565823,1862371.33255832,7049.0,-0.0,7519.0,ASK
1338,1712701989.3836863,1862398.54561845,7050.0,1.959861127232692e-09,7519.0,BID
1339,1712702010.586229,1862398.54561845,7050.0,0.0,7519.0,BID
1340,1712702025.5338469,1862504.07329882,7050.0,7.599907545274673e-09,7519.0,BID
1341,1712702028.783673,1862805.30779536,7050.0,2.169434896250281e-08,7519.0,BID
1342,1712702028.8036406,1863001.1749874,7050.0,1.4105991389526586e-08,7519.0,BID
1343,1712702028.9639144,1864397.8889774,7050.0,1.0058874746390609e-07,7519.0,BID
1344,1712702029.0236766,1865022.36249538,7050.0,4.4973422939638375e-08,7519.0,BID
1345,1712702029.0435536,1865022.36249539,7050.0,7.210253124931687e-19,7519.0,BID
1346,1712702040.8935902,1865022.36249539,7050.0,0.0,7519.0,BID
1347,1712702065.9839344,1865059.41999695,7049.0,-2.6652618140756673e-09,7519.0,ASK
1348,1712702065.9937215,1865080.95966706,7049.0,-1.5491832372684591e-09,7519.0,ASK
1349,1712702070.9255211,1865080.95966706,7049.0,-0.0,7519.0,ASK
1350,1712702073.874173,1865311.11916492,7043.0,-1.6553115342499443e-08,7519.0,ASK
1351,1712702073.8781278,1865452.98325911,7049.0,-1.0202892932608534e-08,7519.0,ASK
1352,1712702073.881781,1865466.99683146,7049.0,-1.0078588180174092e-09,7519.0,ASK
1353,1712702073.8853407,1865616.71984385,7048.0,-1.0768107840712374e-08,7519.0,ASK
1354,1712702100.603766,1865616.71984385,7048.0,-0.0,7519.0,ASK
1355,1712702114.013984,1865617.42805914,7060.0,5.110048213344827e-11,7519.0,BID
1356,1712702126.053655,1865618.84448973,7060.0,1.0220096498928084e-10,7519.0,BID
1357,1712702130.5937667,1865618.84448973,7060.0,0.0,7519.0,BID
1358,1712702160.9335892,1865618.84448973,7060.0,0.0,7519.0,BID
1359,1712702190.8934772,1865618.84448973,7060.0,0.0,7519.0,BID
1360,1712702220.6110582,1865618.84448973,7060.0,0.0,7519.0,BID
1361,1712702250.5939095,1865618.84448973,7060.0,0.0,7519.0,BID
1362,1712702280.9036872,1865618.84448973,7060.0,0.0,7519.0,BID
1363,1712702310.9135494,1865618.84448973,7060.0,0.0,7519.0,BID
1364,1712702340.613491,1865618.84448973,7060.0,0.0,7519.0,BID
1365,1712702344.1839974,1865641.71984385,7060.0,1.650543804813099e-09,7519.0,BID
1366,1712702353.2137158,1865662.88891865,7060.0,-1.527429262147e-09,7519.0,ASK
1367,1712702354.8235078,1865702.0261774,7060.0,-2.823902075048185e-09,7519.0,ASK
1368,1712702355.0640378,1865913.06978528,7060.0,-1.5227599000374495e-08,7519.0,ASK
1369,1712702356.923687,1866070.79015808,7060.0,-1.1380124777600612e-08,7519.0,ASK
1370,1712702359.3537211,1866227.63991965,7060.0,-1.1317306866044345e-08,7519.0,ASK
1371,1712702362.6638997,1866327.05978718,7060.0,-7.173521579856402e-09,7519.0,ASK
1372,1712702362.6736631,1866371.17388304,7048.0,-3.182999801639844e-09,7519.0,ASK
1373,1712702362.6766443,1866385.36029245,7049.0,-1.0236033961043616e-09,7519.0,ASK
1374,1712702365.2140546,1866542.21005402,7048.0,-1.1317306866027545e-08,7519.0,ASK
1375,1712702370.59911,1866542.21005402,7048.0,-0.0,7519.0,ASK
1376,1712702400.6384468,1866542.21005402,7048.0,-0.0,7519.0,ASK
1377,1712702404.5937912,1866829.4468721,7060.0,2.0716715450601743e-08,7519.0,BID
1378,1712702404.617387,1866891.44120699,7060.0,4.4712895932035e-09,7519.0,BID
1379,1712702409.4140308,1866950.95251565,7064.0,4.2922034015122135e-09,7519.0,BID
1380,1712702409.433918,1866950.95251566,7064.0,7.220867703344448e-19,7519.0,BID
1381,1712702423.9937484,1866951.65972923,7070.0,5.1007187686852444e-11,7519.0,BID
1382,1712702430.554912,1866951.65972923,7070.0,0.0,7519.0,BID
1383,1712702447.7236986,1866958.73186501,7070.0,5.09965550784086e-10,7519.0,BID
1384,1712702457.833684,1866960.14629216,7070.0,1.0199310972701335e-10,7519.0,BID
1385,1712702460.9136314,1866960.14629216,7070.0,0.0,7519.0,BID
1386,1712702478.8041108,1866975.95251566,7070.0,1.1397680770301524e-09,7519.0,BID
1387,1712702478.808116,1866981.58355561,7070.0,4.0604762897845117e-10,7519.0,BID
1388,1712702483.6437004,1867108.68776306,7070.0,-9.165334028542402e-09,7519.0,ASK
1389,1712702490.9060652,1867108.68776306,7070.0,-0.0,7519.0,ASK
1390,1712702507.7957954,1867787.6402834,7072.0,4.895475576932173e-08,7519.0,BID
1391,1712702520.6093435,1867787.6402834,7072.0,0.0,7519.0,BID
1392,1712702550.5935917,1867787.6402834,7072.0,0.0,7519.0,BID
1393,1712702580.933459,1867787.6402834,7072.0,0.0,7519.0,BID
1394,1712702586.1935985,1869216.00967953,7071.0,1.0295458439150649e-07,7519.0,BID
1395,1712702590.4841597,1870643.77332104,7074.0,1.029109225661194e-07,7519.0,BID
1396,1712702596.006631,1870913.72332104,7075.0,1.9457564781058336e-08,7519.0,BID
1397,1712702596.008642,1872045.3400444,7075.0,8.156512577184856e-08,7519.0,BID
1398,1712702596.0103838,1872071.3351585,7075.0,1.8736862996500588e-09,7519.0,BID
1399,1712702599.693503,1872089.34724219,7070.0,-1.2982822198294368e-09,7519.0,ASK
1400,1712702601.2436514,1872097.44889239,7070.0,-5.83954004805108e-10,7519.0,ASK
1401,1712702610.913499,1872097.44889239,7070.0,-0.0,7519.0,ASK
1402,1712702613.394693,1872572.12889239,7077.0,3.4139162742529765e-08,7519.0,BID
1403,1712702613.3986497,1872803.96295202,7077.0,1.6673592085128932e-08,7519.0,BID
1404,1712702637.8437195,1872829.82295807,7070.0,-1.859861285629373e-09,7519.0,ASK
1405,1712702637.943575,1872848.99702817,7070.0,-1.3790062770175432e-09,7519.0,ASK
1406,1712702640.5736785,1872848.99702817,7070.0,-0.0,7519.0,ASK
1407,1712702648.6034777,1873131.79702817,7070.0,-2.0331304798666783e-08,7519.0,ASK
1408,1712702670.6166124,1873131.79702817,7070.0,-0.0,7519.0,ASK
1409,1712702700.6636884,1873131.79702817,7070.0,-0.0,7519.0,ASK
1410,1712702725.533836,1873194.79586597,7070.0,-4.5341464093429965e-09,7519.0,ASK
1411,1712702725.5381608,1873279.00171929,7070.0,-6.060455729174904e-09,7519.0,ASK
1412,1712702725.7560508,1873309.49639693,7070.0,-2.1947600615201787e-09,7519.0,ASK
1413,1712702730.656004,1873309.49639693,7070.0,-0.0,7519.0,ASK
1414,1712702737.0194163,1873310.20291098,7077.0,5.08445651330236e-11,7519.0,BID
1415,1712702750.723845,1873313.21850082,7077.0,2.1701812445292183e-10,7519.0,BID
1416,1712702753.4936616,1873317.47883274,7077.0,3.065964842376424e-10,7519.0,BID
1417,1712702753.4969702,1873429.72658844,7077.0,8.077954466090171e-09,7519.0,BID
1418,1712702760.91346,1873429.72658844,7077.0,0.0,7519.0,BID
1419,1712702770.8637412,1873492.86759167,7070.0,-4.543689232814413e-09,7519.0,ASK
1420,1712702770.8678274,1873523.32658844,7070.0,-2.1918596250626323e-09,7519.0,ASK
1421,1712702777.328868,1873543.9583411,7080.0,1.484681389584876e-09,7519.0,BID
1422,1712702777.3329594,1873605.740289,7080.0,4.445890262984598e-09,7519.0,BID
1423,1712702790.914084,1873605.740289,7080.0,0.0,7519.0,BID
1424,1712702820.5686452,1873605.740289,7080.0,0.0,7519.0,BID
1425,1712702821.5903,1873651.140289,7070.0,-3.2667363117806503e-09,7519.0,ASK
1426,1712702826.1636772,1873651.84650368,7080.0,5.081535549364912e-11,7519.0,BID
1427,1712702841.623632,1873654.90969179,7070.0,-2.2041030458265867e-10,7519.0,ASK
1428,1712702850.5755484,1873654.90969179,7070.0,-0.0,7519.0,ASK
1429,1712702869.608397,1873684.74821615,7070.0,-2.146963719361956e-09,7519.0,ASK
1430,1712702869.6135278,1873693.10969179,7070.0,-6.01631120314299e-10,7519.0,ASK
1431,1712702880.913492,1873693.10969179,7070.0,-0.0,7519.0,ASK
1432,1712702891.7174933,1873695.8972618,7070.0,-2.005694151054252e-10,7519.0,ASK
1433,1712702910.9203558,1873695.8972618,7070.0,-0.0,7519.0,ASK
1434,1712702940.6159172,1873695.8972618,7070.0,-0.0,7519.0,ASK
1435,1712702945.095399,1873698.89248772,7070.0,-2.1551023179234007e-10,7519.0,ASK
1436,1712702945.1002038,1873725.6002321,7070.0,-1.921655439690827e-09,7519.0,ASK
1437,1712702947.6451435,1873736.81329522,7070.0,-8.06793843508782e-10,7519.0,ASK
1438,1712702947.6493657,1873763.2047438,7070.0,-1.898897563305711e-09,7519.0,ASK
1439,1712702947.9451554,1873792.18735995,7070.0,-2.085335294075064e-09,7519.0,ASK
1440,1712702948.124979,1873816.52618753,7070.0,-1.75120892835094e-09,7519.0,ASK
1441,1712702948.1851108,1873828.88007224,7070.0,-8.8887737640095e-10,7519.0,ASK
1442,1712702948.18841,1873840.75993596,7070.0,-8.54770976356764e-10,7519.0,ASK
1443,1712702949.1956592,1873858.96438118,7070.0,-1.3098324847526443e-09,7519.0,ASK
1444,1712702970.627066,1873858.96438118,7070.0,-0.0,7519.0,ASK
1445,1712702972.3156517,1873861.66203219,7070.0,-1.9408324727296623e-10,7519.0,ASK
1446,1712702972.3200445,1873866.46438118,7070.0,-3.455063249688671e-10,7519.0,ASK
1447,1712702986.755949,1873933.76673017,7070.0,-4.842086093650811e-09,7519.0,ASK
1448,1712702986.8759637,1873956.42194837,7070.0,1.629935933015408e-09,7519.0,BID
1449,1712703000.6461797,1873956.42194837,7070.0,0.0,7519.0,BID
1450,1712703002.6860366,1873959.42194837,7079.0,2.1608094640974767e-10,7519.0,BID
1451,1712703002.6958315,1873976.42194837,7079.0,1.2244586963219041e-09,7519.0,BID
1452,1712703030.6126351,1873976.42194837,7079.0,0.0,7519.0,BID
1453,1712703048.9869618,1873977.12806332,7081.0,5.0858810245404885e-11,7519.0,BID
1454,1712703060.8669977,1873977.12806332,7081.0,0.0,7519.0,BID
1455,1712703065.7076466,1874109.8510757,7081.0,9.559537114943908e-09,7519.0,BID
1456,1712703065.7119925,1874227.26165785,7081.0,8.456640620352376e-09,7519.0,BID
1457,1712703065.870123,1874279.13066488,7081.0,-3.735928599925138e-09,7519.0,ASK
1458,1712703065.9070904,1874295.29139666,7081.0,-1.163996450097254e-09,7519.0,ASK
1459,1712703065.9476752,1874313.33271511,7081.0,-1.299448002508924e-09,7519.0,ASK
1460,1712703065.9672668,1874336.27531308,7081.0,-1.652468647868517e-09,7519.0,ASK
1461,1712703065.9713967,1874354.25704815,7081.0,-1.2951564367792908e-09,7519.0,ASK
1462,1712703065.9871926,1874375.93328462,7081.0,-1.5612574137019446e-09,7519.0,ASK
1463,1712703065.991336,1874408.16745112,7081.0,-2.321705222775637e-09,7519.0,ASK
1464,1712703090.9075744,1874408.16745112,7081.0,-0.0,7519.0,ASK
1465,1712703093.0719583,1874415.66745112,7070.0,-5.400779332876016e-10,7519.0,ASK
1466,1712703102.8280084,1874417.08407112,7088.0,1.020113602495396e-10,7519.0,BID
1467,1712703102.8310714,1874626.05426786,7088.0,1.5048025596539263e-08,7519.0,BID
1468,1712703102.8335705,1874632.9406722,7075.0,4.958926698250885e-10,7519.0,BID
1469,1712703120.6180017,1874632.9406722,7075.0,0.0,7519.0,BID
1470,1712703130.980666,1875740.45811915,7071.0,-7.97436170999625e-08,7519.0,ASK
1471,1712703143.7885003,1875747.95811915,7072.0,-5.400159879166921e-10,7519.0,ASK
1472,1712703146.9184525,1875761.88002795,7072.0,-1.0024071112441783e-09,7519.0,ASK
1473,1712703150.589225,1875761.88002795,7072.0,-0.0,7519.0,ASK
1474,1712703176.7913823,1875789.98015921,7072.0,-2.0221070955201243e-09,7519.0,ASK
1475,1712703180.8889043,1875789.98015921,7072.0,-0.0,7519.0,ASK
1476,1712703188.7538528,1875806.44486179,7072.0,-1.1847957400739588e-09,7519.0,ASK
1477,1712703195.7993946,1875813.94486179,7072.0,-5.39698060589768e-10,7519.0,ASK
1478,1712703210.9291844,1875813.94486179,7072.0,-0.0,7519.0,ASK
1479,1712703214.4296348,1875855.54713213,7072.0,-2.993652106379105e-09,7519.0,ASK
1480,1712703234.3699334,1875914.45945596,7071.0,-4.2392638883293084e-09,7519.0,ASK
1481,1712703234.3745687,1875917.28751027,7072.0,-2.035035749982932e-10,7519.0,ASK
1482,1712703240.5960052,1875917.28751027,7072.0,-0.0,7519.0,ASK
1483,1712703241.5899582,1876134.84797925,7071.0,-1.5654580948224935e-08,7519.0,ASK
1484,1712703242.9798558,1876144.84797925,7072.0,-7.195507999053261e-10,7519.0,ASK
1485,1712703243.8397148,1876184.22638326,7071.0,-2.8334762104453382e-09,7519.0,ASK
1486,1712703243.8997223,1876566.26400483,7070.0,-2.7489547619465963e-08,7519.0,ASK
1487,1712703243.902368,1876571.46738817,7070.0,-3.7440986445359677e-10,7519.0,ASK
1488,1712703243.919838,1876642.23879652,7070.0,-5.092362348865033e-09,7519.0,ASK
1489,1712703243.9235492,1876655.59141035,7070.0,-9.607883962208898e-10,7519.0,ASK
1490,1712703245.0531826,1876784.12449848,7069.0,-9.248608637820378e-09,7519.0,ASK
1491,1712703245.0578322,1876798.27077093,7069.0,-1.017896165706683e-09,7519.0,ASK
1492,1712703270.6204116,1876798.27077093,7069.0,-0.0,7519.0,ASK
1493,1712703291.4203758,1876805.77077093,7065.0,-5.394213390562393e-10,7519.0,ASK
1494,1712703300.910429,1876805.77077093,7065.0,-0.0,7519.0,ASK
1495,1712703301.3005168,1876834.06331584,7069.0,-2.040263625978591e-09,7519.0,ASK
1496,1712703306.0634024,1876846.56331584,7065.0,-9.014139733937863e-10,7519.0,ASK
1497,1712703306.066062,1876876.70249975,7065.0,-2.173430521859796e-09,7519.0,ASK
1498,1712703312.900655,1876898.03902006,7065.0,-1.5386430040845963e-09,7519.0,ASK
1499,1712703327.4008555,1876920.82758788,7065.0,-1.643354677316693e-09,7519.0,ASK
1500,1712703328.960677,1876937.67277151,7065.0,-1.214758712677896e-09,7519.0,ASK
1501,1712703330.9506762,1876937.67277151,7065.0,-0.0,7519.0,ASK
1502,1712703335.5117474,1876988.10613254,7065.0,-3.6366624903999756e-09,7519.0,ASK
1503,1712703336.671269,1876990.93738961,7064.0,-2.0415705353635915e-10,7519.0,ASK
1504,1712703336.6753469,1877026.95799271,7064.0,-2.5973834283416408e-09,7519.0,ASK
1505,1712703360.4210773,1877027.6655065,7067.0,5.101759647573295e-11,7519.0,BID
1506,1712703360.6329665,1877027.6655065,7067.0,0.0,7519.0,BID
1507,1712703383.5012362,1877030.6655065,7064.0,2.1631489787224924e-10,7519.0,BID
1508,1712703390.611253,1877030.6655065,7064.0,0.0,7519.0,BID
1509,1712703420.5906572,1877030.6655065,7064.0,0.0,7519.0,BID
1510,1712703442.7318316,1877031.37302029,7067.0,5.101517977997356e-11,7519.0,BID
1511,1712703448.8919268,1877035.6199059,7064.0,-3.062210744167641e-10,7519.0,ASK
1512,1712703450.585713,1877035.6199059,7064.0,-0.0,7519.0,ASK
1513,1712703480.942117,1877035.6199059,7064.0,-0.0,7519.0,ASK
1514,1712703510.9258058,1877035.6199059,7064.0,-0.0,7519.0,ASK
1515,1712703532.5377398,1877037.65805443,7061.0,1.4696003493492327e-10,7519.0,BID
1516,1712703532.540146,1877047.65805443,7060.0,7.21046738093059e-10,7519.0,BID
1517,1712703540.6246245,1877047.65805443,7060.0,0.0,7519.0,BID
1518,1712703570.5458326,1877047.65805443,7060.0,0.0,7519.0,BID
1519,1712703600.795056,1877047.65805443,7060.0,0.0,7519.0,BID
1520,1712703608.9338045,1877075.15181463,7058.0,1.984955975083301e-09,7519.0,BID
1521,1712703618.5831969,1877095.15181463,7052.0,-1.443931976306695e-09,7519.0,ASK
1522,1712703618.5854373,1877096.56924907,7055.0,-1.02333945611314e-10,7519.0,ASK
