,time,acc_trade_volume,trade_price,dev,high,ask_bid
0,1712689619.1525974,644993574794.7975,0.1048,0.0,0.1106,BID
1,1712689620.5118496,644993574794.7975,0.1048,0.0,0.1106,BID
2,1712689629.832107,645003116779.5304,0.1048,0.0001160287848754,0.1106,BID
3,1712689634.4521708,645021745647.5546,0.1048,0.000226523619661,0.1106,BID
4,1712689641.8419316,645026834329.1525,0.1048,-6.187743524529638e-05,0.1106,ASK
5,1712689650.5222042,645026834329.1525,0.1048,-0.0,0.1106,ASK
6,1712689655.7220623,645027025073.475,0.1048,2.3193176871350648e-06,0.1106,BID
7,1712689658.011789,645030025073.475,0.1048,3.64779038760064e-05,0.1106,BID
8,1712689672.8121295,645085154022.2869,0.1047,-0.0006703294985151,0.1106,ASK
9,1712689672.8218112,645090025073.475,0.1047,-5.922857900499872e-05,0.1106,ASK
10,1712689680.5319965,645090025073.475,0.1047,-0.0,0.1106,ASK
11,1712689684.6223164,645090120493.3223,0.1048,1.1601453379556191e-06,0.1106,BID
12,1712689695.792291,645092092320.7487,0.1048,2.397411503948244e-05,0.1106,BID
13,1712689696.1964743,645092187831.7324,0.1047,-1.1612534046643656e-06,0.1106,ASK
14,1712689696.1989837,645100961325.2047,0.1047,-0.000106670968761,0.1106,ASK
15,1712689696.200224,645102092320.7487,0.1047,-1.3751009300700344e-05,0.1106,ASK
16,1712689706.7617984,645107119781.4838,0.1048,6.112549222449523e-05,0.1106,BID
17,1712689710.513389,645107119781.4838,0.1048,0.0,0.1106,BID
18,1712689740.81244,645107119781.4838,0.1048,0.0,0.1106,BID
19,1712689742.6926978,645107310621.1783,0.1048,2.320240164778437e-06,0.1106,BID
20,1712689749.7121916,645107534735.472,0.1047,-2.7247946864021714e-06,0.1106,ASK
21,1712689749.722077,645112035357.1783,0.1047,-5.4718821848912696e-05,0.1106,ASK
22,1712689770.782161,645112035357.1783,0.1047,-0.0,0.1106,ASK
23,1712689771.772574,645113877014.158,0.1048,2.23908331259024e-05,0.1106,BID
24,1712689800.514021,645114354113.3945,0.1047,-5.80056411635491e-06,0.1106,ASK
25,1712689800.5218415,645114354113.3945,0.1047,-0.0,0.1106,ASK
26,1712689801.4321487,645114666345.0533,0.1047,-3.798466684840781e-06,0.1106,ASK
27,1712689801.4335537,645141414390.5079,0.1047,-0.0003254044126401,0.1106,ASK
28,1712689806.1121564,645142368588.9812,0.1048,1.1608339542513688e-05,0.1106,BID
29,1712689806.712241,645143441590.6554,0.1047,-1.3053644616609418e-05,0.1106,ASK
30,1712689809.2621672,645143584311.8733,0.1047,-1.736280662429063e-06,0.1106,ASK
31,1712689809.4222658,645143727033.0912,0.1047,-1.736280662429063e-06,0.1106,ASK
32,1712689830.5220234,645143727033.0912,0.1047,-0.0,0.1106,ASK
33,1712689849.0321825,645144957431.9169,0.1048,1.4967905918815811e-05,0.1106,BID
34,1712689860.782759,645144957431.9169,0.1048,0.0,0.1106,BID
35,1712689866.8724358,645146129819.5814,0.1048,1.426217285841492e-05,0.1106,BID
36,1712689867.0322244,645147382581.7725,0.1048,1.5239934246447156e-05,0.1106,BID
37,1712689875.33202,645149359155.6018,0.1048,2.4045150314976287e-05,0.1106,BID
38,1712689875.572013,645152221751.0216,0.1048,3.482366109382009e-05,0.1106,BID
39,1712689875.7319589,645153518774.6526,0.1048,1.5778377567282134e-05,0.1106,BID
40,1712689875.8318489,645155078637.4576,0.1048,1.8975833364480428e-05,0.1106,BID
41,1712689876.5721836,645156846371.0682,0.1048,2.1504595352089547e-05,0.1106,BID
42,1712689878.9424646,645158833770.5688,0.1048,2.4176845316171943e-05,0.1106,BID
43,1712689879.8219943,645160319217.0957,0.1048,1.8070554457822965e-05,0.1106,BID
44,1712689880.0753136,645161429487.7703,0.1048,1.3506515599751586e-05,0.1106,BID
45,1712689890.7725146,645161429487.7703,0.1048,0.0,0.1106,BID
46,1712689894.0746214,645162555407.2671,0.1048,1.3696596917966337e-05,0.1106,BID
47,1712689920.502344,645162555407.2671,0.1048,0.0,0.1106,BID
48,1712689922.3323607,645171306854.2069,0.1048,0.0001064595377086,0.1106,BID
49,1712689922.333859,645172555407.2671,0.1048,1.518838913217067e-05,0.1106,BID
50,1712689933.9020128,645173867348.3497,0.1048,1.5959491284061742e-05,0.1106,BID
51,1712689946.5919974,645175204728.2188,0.1048,1.626894884647196e-05,0.1106,BID
52,1712689950.5320077,645175204728.2188,0.1048,0.0,0.1106,BID
53,1712689953.5423777,645175295690.9187,0.1048,1.1065245428061753e-06,0.1106,BID
54,1712689955.7521665,645177117688.1311,0.1048,2.2163860940032e-05,0.1106,BID
55,1712689955.8721485,645178789664.395,0.1048,2.0338916632922696e-05,0.1106,BID
56,1712689956.122079,645180387413.8954,0.1048,1.943597800373712e-05,0.1106,BID
57,1712689956.1421566,645181988594.1544,0.1048,1.9477711798660862e-05,0.1106,BID
58,1712689956.3019462,645183141026.0892,0.1048,1.401886949783058e-05,0.1106,BID
59,1712689956.322385,645184295932.577,0.1048,1.404897143636881e-05,0.1106,BID
60,1712689958.532239,645185485988.5836,0.1048,1.4476551150247228e-05,0.1106,BID
61,1712689958.912155,645186966026.3903,0.1048,1.8004062744487316e-05,0.1106,BID
62,1712689959.4750185,645202608996.8896,0.1048,0.0001902904244185,0.1106,BID
63,1712689977.792447,645257180026.9525,0.1047,-0.0006638345621137,0.1106,ASK
64,1712689977.8721604,645258909558.4236,0.1048,2.103905250527069e-05,0.1106,BID
65,1712689980.7719696,645258909558.4236,0.1048,0.0,0.1106,BID
66,1712689988.5521634,645259005069.4073,0.1047,-1.1617286880299457e-06,0.1106,ASK
67,1712690002.6721034,645313576099.4701,0.1047,-0.0006637637752266,0.1106,ASK
68,1712690005.4532068,645313767121.4376,0.1047,-2.3234573760598914e-06,0.1106,ASK
69,1712690008.8221889,645314722231.2753,0.1047,-1.1617286880299458e-05,0.1106,ASK
70,1712690010.8322368,645314722231.2753,0.1047,-0.0,0.1106,ASK
71,1712690018.8527162,645314969695.1217,0.1047,-3.009762920023417e-06,0.1106,ASK
72,1712690018.8550243,645330577126.5825,0.1047,-0.00018982436895,0.1106,ASK
73,1712690018.8570056,645332537799.2059,0.1047,-2.384655312383471e-05,0.1106,ASK
74,1712690022.1854987,645333937032.8838,0.1047,1.7018088503514754e-05,0.1106,BID
75,1712690022.242106,645334975946.5819,0.1047,1.263572021022773e-05,0.1106,BID
76,1712690035.9225712,645335275946.5819,0.1046,-3.6487304671480457e-06,0.1106,ASK
77,1712690035.924615,645338650436.3,0.1046,-4.104201148551319e-05,0.1106,ASK
78,1712690035.9265728,645339847149.9712,0.1046,-1.455495210783504e-05,0.1106,ASK
79,1712690040.102327,645341464985.7236,0.1047,1.967682200258114e-05,0.1106,BID
80,1712690040.4625833,645343046393.664,0.1047,1.92337711093008e-05,0.1106,BID
81,1712690040.50237,645343046393.664,0.1047,0.0,0.1106,BID
82,1712690042.112148,645344409388.281,0.1047,1.6576735491603014e-05,0.1106,BID
83,1712690042.1346433,645346554080.7704,0.1047,2.6083742123518065e-05,0.1106,BID
84,1712690042.192252,645347805346.5869,0.1047,1.521789023270877e-05,0.1106,BID
85,1712690042.3946822,645349289334.0707,0.1047,1.804825028889693e-05,0.1106,BID
86,1712690042.4320226,645350761147.028,0.1047,1.7900183742763055e-05,0.1106,BID
87,1712690047.9523282,645352433123.2919,0.1047,2.033456913780602e-05,0.1106,BID
88,1712690050.8922431,645408652272.552,0.1047,0.0006837370853706,0.1106,BID
89,1712690051.272201,645516360712.2064,0.1047,0.0013099496447085,0.1106,BID
90,1712690051.274341,645535791233.2506,0.1047,0.000236313925074,0.1106,BID
91,1712690051.392177,645537127423.3606,0.1048,1.625073917563376e-05,0.1106,BID
92,1712690070.5023935,645537127423.3606,0.1048,0.0,0.1106,BID
93,1712690084.6824586,645587127423.3606,0.1047,-0.0006079495683347,0.1106,ASK
94,1712690088.1822262,645591366040.4031,0.1047,-5.153730802624621e-05,0.1106,ASK
95,1712690097.9422529,645592119798.7631,0.1047,-9.164941391636052e-06,0.1106,ASK
96,1712690100.5431924,645592119798.7631,0.1047,-0.0,0.1106,ASK
97,1712690130.4876823,645592119798.7631,0.1047,-0.0,0.1106,ASK
98,1712690160.7821178,645592119798.7631,0.1047,-0.0,0.1106,ASK
99,1712690162.7723596,645592941902.5873,0.1047,-1.000361801750387e-05,0.1106,ASK
100,1712690162.7744272,645593030190.5616,0.1048,-1.0743158529012898e-06,0.1106,ASK
101,1712690183.7426136,645613030190.5616,0.1049,0.0002433662932296,0.1106,BID
102,1712690183.745015,645640668285.7998,0.105,0.000336309039502,0.1106,BID
103,1712690190.8421743,645640668285.7998,0.105,0.0,0.1106,BID
104,1712690190.8723536,645643536354.6334,0.1047,-3.4897400345686054e-05,0.1106,ASK
105,1712690202.7824266,645644124564.9138,0.1047,-7.157084028738174e-06,0.1106,ASK
106,1712690208.8620632,645644410279.1995,0.105,3.4764457860101485e-06,0.1106,BID
107,1712690220.522289,645644410279.1995,0.105,0.0,0.1106,BID
108,1712690230.3960123,645644600755.39,0.105,2.317619474778054e-06,0.1106,BID
109,1712690250.5722592,645644600755.39,0.105,0.0,0.1106,BID
110,1712690280.7619357,645644600755.39,0.105,0.0,0.1106,BID
111,1712690285.5123608,645649403829.3573,0.1049,5.844139902334029e-05,0.1106,BID
112,1712690310.7823803,645649403829.3573,0.1049,0.0,0.1106,BID
113,1712690311.9120376,645657826087.4332,0.1049,-0.0001024771908111,0.1106,ASK
114,1712690311.922037,645664599812.1056,0.1049,-8.24187847836087e-05,0.1106,ASK
115,1712690340.5022695,645664599812.1056,0.1049,-0.0,0.1106,ASK
116,1712690370.5241196,645664599812.1056,0.1049,-0.0,0.1106,ASK
117,1712690381.6324513,645669368889.2755,0.1048,-5.80262618254932e-05,0.1106,ASK
118,1712690400.573273,645669368889.2755,0.1048,-0.0,0.1106,ASK
119,1712690430.5226495,645669368889.2755,0.1048,-0.0,0.1106,ASK
120,1712690446.2122004,645699413731.675,0.1048,-0.0003660887481651,0.1106,ASK
121,1712690460.7831004,645699413731.675,0.1048,-0.0,0.1106,ASK
122,1712690468.9321067,645700367020.5215,0.1049,-1.1615136035108482e-05,0.1106,ASK
123,1712690484.7725115,645700844575.4403,0.1048,-5.818661748857645e-06,0.1106,ASK
124,1712690490.8024824,645700844575.4403,0.1048,-0.0,0.1106,ASK
125,1712690510.822672,645701131108.3916,0.1048,-3.4911906666376925e-06,0.1106,ASK
126,1712690520.5120564,645701131108.3916,0.1048,-0.0,0.1106,ASK
127,1712690532.8227286,645702085306.8649,0.1048,-1.1626193671980327e-05,0.1106,ASK
128,1712690532.8248658,645705800440.4526,0.1048,-4.526612001464429e-05,0.1106,ASK
129,1712690532.826936,645710658712.5834,0.1048,-5.9194406913869695e-05,0.1106,ASK
130,1712690533.182801,645710673093.1244,0.1048,1.752161207962864e-07,0.1106,BID
131,1712690533.4223735,645712792401.6456,0.1048,-2.582218690233951e-05,0.1106,ASK
132,1712690550.5122151,645712792401.6456,0.1048,-0.0,0.1106,ASK
133,1712690556.0124707,645713322327.8798,0.105,6.456658089083524e-06,0.1106,BID
134,1712690556.1122034,645713851327.8798,0.1051,6.44537278802043e-06,0.1106,BID
135,1712690580.782724,645713851327.8798,0.1051,0.0,0.1106,BID
136,1712690600.9990156,645818150829.9854,0.1051,0.0012707906645341,0.1106,BID
137,1712690601.0002346,645829588327.8798,0.1051,0.0001393550808625,0.1106,BID
138,1712690601.0125427,645832915327.8798,0.1051,4.053634442688628e-05,0.1106,BID
139,1712690601.0149865,645838762327.8798,0.1051,7.12401580595143e-05,0.1106,BID
140,1712690601.1121168,645838762775.7855,0.1051,5.457307552695553e-09,0.1106,BID
141,1712690607.9843743,645842812463.5962,0.1051,-4.9341611035359e-05,0.1106,ASK
142,1712690610.8112972,645842812463.5962,0.1051,-0.0,0.1106,ASK
143,1712690615.6825354,645842907520.6304,0.1052,1.1579887144822772e-06,0.1106,BID
144,1712690616.452119,645843002668.109,0.1052,1.159090512603419e-06,0.1106,BID
145,1712690635.1426687,645843953238.4512,0.1052,1.1579887149283968e-05,0.1106,BID
146,1712690639.7329144,645864798172.0582,0.1052,0.0002539338417131,0.1106,BID
147,1712690639.738649,645867281650.2909,0.1052,3.025383435226268e-05,0.1106,BID
148,1712690639.8621016,645869815685.755,0.1052,3.086972463281227e-05,0.1106,BID
149,1712690640.5223963,645869815685.755,0.1052,0.0,0.1106,BID
150,1712690661.612423,645879321389.1771,0.1052,0.0001157948643017,0.1106,BID
151,1712690661.6152513,645894523534.3389,0.1052,0.0001851867513564,0.1106,BID
152,1712690670.5118637,645894523534.3389,0.1052,0.0,0.1106,BID
153,1712690677.1421704,645901393671.1613,0.1052,-8.368674442971036e-05,0.1106,ASK
154,1712690700.7821045,645901393671.1613,0.1052,-0.0,0.1106,ASK
155,1712690710.102566,645902834169.5953,0.1052,-1.755741119903333e-05,0.1106,ASK
156,1712690710.1060247,645904529059.2432,0.1052,-2.065804014764477e-05,0.1106,ASK
157,1712690730.814463,645904529059.2432,0.1052,-0.0,0.1106,ASK
158,1712690735.0520997,645906393671.1613,0.1052,-2.272659642247448e-05,0.1106,ASK
159,1712690760.4737723,645906393671.1613,0.1052,-0.0,0.1106,ASK
160,1712690790.5043623,645906393671.1613,0.1052,-0.0,0.1106,ASK
161,1712690800.1727147,645906489189.8612,0.1053,1.1642153165888174e-06,0.1106,BID
162,1712690800.1770444,645944607954.34,0.1053,0.000464604831078,0.1106,BID
163,1712690820.7716732,645944607954.34,0.1053,0.0,0.1106,BID
164,1712690839.39193,645945914415.1832,0.1054,1.5922820666783656e-05,0.1106,BID
165,1712690839.57173,645949045415.1832,0.1054,3.815985129966308e-05,0.1106,BID
166,1712690840.0518768,645952176415.1832,0.1054,3.815985129966308e-05,0.1106,BID
167,1712690843.103248,645953785457.2179,0.1054,1.9610605166987228e-05,0.1106,BID
168,1712690843.1060212,645965813474.3132,0.1054,0.000146594488594,0.1106,BID
169,1712690843.4626646,645965934697.062,0.1055,1.4774327906593366e-06,0.1106,BID
170,1712690843.4658997,645965982099.9056,0.1055,5.7773409901724e-07,0.1106,BID
171,1712690843.467532,645967813474.3132,0.1055,2.232033697468821e-05,0.1106,BID
172,1712690850.801781,645967813474.3132,0.1055,0.0,0.1106,BID
173,1712690880.5017624,645967813474.3132,0.1055,0.0,0.1106,BID
174,1712690890.982139,645973561665.0728,0.1055,-7.00554345436822e-05,0.1106,ASK
175,1712690910.4833033,645973561665.0728,0.1055,-0.0,0.1106,ASK
176,1712690918.002532,645974744780.6031,0.1056,1.4418982161268618e-05,0.1106,BID
177,1712690937.731805,645979576639.5552,0.1055,-5.888730749037153e-05,0.1106,ASK
178,1712690937.8716748,645979576639.5552,0.1055,-0.0,0.1106,ASK
179,1712690940.7817729,645979576639.5552,0.1055,-0.0,0.1106,ASK
180,1712690969.7219338,645979876639.5552,0.1055,3.656161276862147e-06,0.1106,BID
181,1712690970.701697,645980176639.5552,0.1056,3.656161276862147e-06,0.1106,BID
182,1712690970.7917397,645980176639.5552,0.1056,0.0,0.1106,BID
183,1712690975.6825562,645984002341.8052,0.1055,4.662457875860194e-05,0.1106,BID
184,1712690975.685258,645984002341.8052,0.1055,0.0,0.1106,BID
185,1712690975.701923,645985150052.4802,0.1056,1.3987373628175662e-05,0.1106,BID
186,1712690975.721934,645986297763.1553,0.1056,1.3987373628175662e-05,0.1106,BID
187,1712690976.022046,645988588168.7148,0.1056,2.7913618839868105e-05,0.1106,BID
188,1712690976.0246618,645990122763.1553,0.1056,1.870240146115047e-05,0.1106,BID
189,1712690981.92233,645990171578.6633,0.1056,5.949241083850706e-07,0.1106,BID
190,1712690981.9256878,646001675793.4583,0.1056,0.0001402041073012,0.1106,BID
191,1712690986.4418974,646006763793.4583,0.1056,6.200844739649216e-05,0.1106,BID
192,1712691000.6041229,646006763793.4583,0.1056,0.0,0.1106,BID
193,1712691003.5221305,646006764129.6559,0.1056,4.10000576531945e-09,0.1106,BID
194,1712691005.13227,646009035368.5923,0.1056,-2.7698269862316783e-05,0.1106,ASK
195,1712691009.6321657,646009035368.5923,0.1056,-0.0,0.1106,ASK
196,1712691009.634809,646015483801.8517,0.1054,-7.864009450761741e-05,0.1106,ASK
197,1712691009.6370893,646025483801.8517,0.1056,-0.0001219522500182,0.1106,ASK
198,1712691009.6391113,646028571944.6873,0.1054,-3.766059671756085e-05,0.1106,ASK
199,1712691019.302,646028713990.1418,0.1056,1.7322762792094356e-06,0.1106,BID
200,1712691019.401667,646028856035.5964,0.1056,1.7322762792094356e-06,0.1106,BID
201,1712691025.8215916,646033067035.5964,0.1056,5.135409248267841e-05,0.1106,BID
202,1712691027.2516446,646033067714.6594,0.1056,8.281325932500424e-09,0.1106,BID
203,1712691030.504201,646033067714.6594,0.1056,0.0,0.1106,BID
204,1712691044.9928305,646033540751.5564,0.1057,5.768596118013513e-06,0.1106,BID
205,1712691044.9961028,646038749532.8413,0.1057,6.352010951370313e-05,0.1106,BID
206,1712691060.7714038,646038749532.8413,0.1057,0.0,0.1106,BID
207,1712691067.1118357,646038844140.2207,0.1057,1.1537107740370627e-06,0.1106,BID
208,1712691069.221841,646039318523.5223,0.1054,-5.784972901934816e-06,0.1106,ASK
209,1712691069.2249649,646039414862.3954,0.1054,-1.174825859294368e-06,0.1106,ASK
210,1712691090.8016157,646039414862.3954,0.1054,-0.0,0.1106,ASK
211,1712691104.482174,646040835549.9281,0.1057,1.732487593768813e-05,0.1106,BID
212,1712691105.3420093,646043870978.3534,0.1057,3.701617679817292e-05,0.1106,BID
213,1712691106.6419234,646053224337.166,0.1057,0.0001140615211282,0.1106,BID
214,1712691106.6514037,646068354034.1718,0.1057,0.0001845023043866,0.1106,BID
215,1712691110.1019554,646073324401.3296,0.1057,6.061219824300946e-05,0.1106,BID
216,1712691120.5314913,646073324401.3296,0.1057,0.0,0.1106,BID
217,1712691124.9918618,646078156260.2816,0.1057,5.892055515756966e-05,0.1106,BID
218,1712691124.9946406,646094210816.2755,0.1057,0.0001957721368443,0.1106,BID
219,1712691141.1819448,646129371047.4806,0.1057,-0.0004287501689598,0.1106,ASK
220,1712691141.641654,646131109208.4524,0.1058,2.1195446810141386e-05,0.1106,BID
221,1712691141.651422,646138831785.4182,0.1058,9.417048936876948e-05,0.1106,BID
222,1712691150.495967,646138831785.4182,0.1058,0.0,0.1106,BID
223,1712691152.4820626,646138918979.4182,0.1057,-1.06316950329994e-06,0.1106,ASK
224,1712691152.4855278,646141188204.3138,0.1057,-2.7668999072902733e-05,0.1106,ASK
225,1712691152.4915175,646143727979.6335,0.1057,-3.096786092094846e-05,0.1106,ASK
226,1712691152.4930556,646179748937.5383,0.1057,-0.0004392089355232,0.1106,ASK
227,1712691160.8516314,646182587158.9196,0.1058,3.4606858455087235e-05,0.1106,BID
228,1712691163.3421535,646206207825.0868,0.1058,0.000288010320855,0.1106,BID
229,1712691163.3459697,646216823317.9081,0.1058,0.0001294362941268,0.1106,BID
230,1712691163.4616077,646216823317.9081,0.1058,-0.0,0.1106,ASK
231,1712691163.4642067,646218187721.3015,0.1058,-1.6636374958099276e-05,0.1106,ASK
232,1712691169.721755,646218281143.3995,0.1058,-1.139109635431086e-06,0.1106,ASK
233,1712691180.7514217,646218281143.3995,0.1058,-0.0,0.1106,ASK
234,1712691204.4719274,646218375750.7788,0.1057,-1.1534437855037133e-06,0.1106,ASK
235,1712691204.4750285,646218469350.5896,0.1057,-1.1411596105024635e-06,0.1106,ASK
236,1712691210.7818804,646218469350.5896,0.1057,-0.0,0.1106,ASK
237,1712691220.511736,646218517676.8673,0.1058,5.891890422310325e-07,0.1106,BID
238,1712691220.5135508,646222907958.2328,0.1058,5.352586202429302e-05,0.1106,BID
239,1712691240.4818938,646222907958.2328,0.1058,0.0,0.1106,BID
240,1712691241.5217705,646237085651.9946,0.1058,0.0001728520047208,0.1106,BID
241,1712691244.3719115,646241568423.9956,0.1057,-5.465318549628846e-05,0.1106,ASK
242,1712691257.111865,646242359777.9653,0.1057,-9.648051538482917e-06,0.1106,ASK
243,1712691257.1155567,646242877005.9644,0.1057,-6.305954835165358e-06,0.1106,ASK
244,1712691258.00493,646246794901.3242,0.1056,-4.776630660917151e-05,0.1106,ASK
245,1712691258.006484,646247877005.9644,0.1055,-1.3192833722282316e-05,0.1106,ASK
246,1712691265.8824463,646248350042.8613,0.1057,5.767184516902324e-06,0.1106,BID
247,1712691270.5016649,646248350042.8613,0.1057,0.0,0.1106,BID
248,1712691300.751251,646248350042.8613,0.1057,0.0,0.1106,BID
249,1712691304.682441,646248707081.5054,0.1057,4.354839914774679e-06,0.1106,BID
250,1712691304.6861618,646253673455.8604,0.1057,6.05754184697706e-05,0.1106,BID
251,1712691304.6897051,646268871969.6744,0.1057,0.0001853779575604,0.1106,BID
252,1712691304.7818923,646277165250.9976,0.1057,-0.0001011540715072,0.1106,ASK
253,1712691330.821385,646277165250.9976,0.1057,-0.0,0.1106,ASK
254,1712691331.1116064,646286625988.935,0.1057,0.0001153893825659,0.1106,BID
255,1712691331.212098,646306558898.962,0.1057,0.0002431148813074,0.1106,BID
256,1712691331.2152846,646312757885.813,0.1057,7.560692093907903e-05,0.1106,BID
257,1712691360.5215592,646312757885.813,0.1057,0.0,0.1106,BID
258,1712691390.513334,646312757885.813,0.1057,0.0,0.1106,BID
259,1712691411.6818748,646322281695.3368,0.1057,0.000116153315358,0.1106,BID
260,1712691411.6915245,646327137971.0779,0.1057,5.92276154001678e-05,0.1106,BID
261,1712691416.1215975,646329137971.0779,0.1057,2.4392196225203583e-05,0.1106,BID
262,1712691419.2316198,646330084044.8716,0.1057,1.1538408809740878e-05,0.1106,BID
263,1712691420.771287,646330084044.8716,0.1057,0.0,0.1106,BID
264,1712691450.7817736,646330084044.8716,0.1057,0.0,0.1106,BID
265,1712691480.4918833,646330084044.8716,0.1057,0.0,0.1106,BID
266,1712691490.7617328,646330178652.251,0.1057,1.1538151100852262e-06,0.1106,BID
267,1712691510.4850776,646330178652.251,0.1057,0.0,0.1106,BID
268,1712691513.871931,646333932726.6777,0.1055,-4.578403183171778e-05,0.1106,ASK
269,1712691513.8755436,646341471240.5968,0.1055,-9.19383906654483e-05,0.1106,ASK
270,1712691513.878698,646349127052.1151,0.1054,-9.336893156768908e-05,0.1106,ASK
271,1712691521.6819177,646351746181.004,0.1054,-3.1942435548638246e-05,0.1106,ASK
272,1712691540.7616189,646351746181.004,0.1054,-0.0,0.1106,ASK
273,1712691570.771375,646351746181.004,0.1054,-0.0,0.1106,ASK
274,1712691600.5046306,646351746181.004,0.1054,-0.0,0.1106,ASK
275,1712691630.504549,646351746181.004,0.1054,-0.0,0.1106,ASK
276,1712691632.6217492,646356746181.004,0.1054,-6.100107964931524e-05,0.1106,ASK
277,1712691632.6312177,646365028913.4518,0.1054,-0.0001010511243518,0.1106,ASK
278,1712691643.8824036,646365408420.0933,0.1054,-4.630062972866925e-06,0.1106,ASK
279,1712691649.581991,646365498754.3298,0.1056,1.1020971920409722e-06,0.1106,BID
280,1712691660.7816868,646365498754.3298,0.1056,0.0,0.1106,BID
281,1712691671.6818264,646365972239.1783,0.1056,5.776515235454451e-06,0.1106,BID
282,1712691690.7815175,646365972239.1783,0.1056,0.0,0.1106,BID
283,1712691701.9215047,646366892589.0863,0.1054,-1.1228262190404977e-05,0.1106,ASK
284,1712691720.5212295,646366892589.0863,0.1054,-0.0,0.1106,ASK
285,1712691728.9916642,646366940991.7969,0.1054,-5.905120184588277e-07,0.1106,ASK
286,1712691744.611785,646368176337.3899,0.1054,-1.5071189423423233e-05,0.1106,ASK
287,1712691746.4913716,646377060962.9823,0.1055,-0.0001083922393994,0.1106,ASK
288,1712691750.503635,646377060962.9823,0.1055,-0.0,0.1106,ASK
289,1712691779.091467,646377155570.3617,0.1055,1.154192871385089e-06,0.1106,BID
290,1712691779.351513,646385849042.8761,0.1055,-0.0001060587880979,0.1106,ASK
291,1712691780.781407,646385849042.8761,0.1055,-0.0,0.1106,ASK
292,1712691785.7514317,646385906825.8145,0.1055,-7.049333953989044e-07,0.1106,ASK
293,1712691810.8214395,646385906825.8145,0.1055,-0.0,0.1106,ASK
294,1712691832.291646,646386363880.7386,0.1056,5.575923703599423e-06,0.1106,BID
295,1712691840.485052,646386363880.7386,0.1056,0.0,0.1106,BID
296,1712691848.84188,646393647448.5613,0.1054,-8.88571425571396e-05,0.1106,ASK
297,1712691848.8455043,646395563512.7534,0.1054,-2.337535576183821e-05,0.1106,ASK
298,1712691869.191662,646414502906.6927,0.1056,0.0002310544046811,0.1106,BID
299,1712691870.5111094,646414502906.6927,0.1056,0.0,0.1106,BID
300,1712691890.0318582,646416919222.9807,0.1056,2.947719961280249e-05,0.1106,BID
301,1712691894.8014212,646417014009.7106,0.1055,-1.1563251758879745e-06,0.1106,ASK
302,1712691894.8111844,646469206582.4834,0.1055,-0.0006367092311523,0.1106,ASK
303,1712691894.991407,646472038921.4834,0.1055,3.4552356614074964e-05,0.1106,BID
304,1712691900.5413942,646472038921.4834,0.1055,0.0,0.1106,BID
305,1712691903.661303,646474052453.7993,0.1055,2.457840325972997e-05,0.1106,BID
306,1712691930.5041091,646474052453.7993,0.1055,0.0,0.1106,BID
307,1712691933.1215308,646475984134.3065,0.1056,2.3579209029555823e-05,0.1106,BID
308,1712691933.1249998,646480682376.3771,0.1055,5.734945889864752e-05,0.1106,BID
309,1712691960.7716792,646480682376.3771,0.1055,0.0,0.1106,BID
310,1712691970.731352,646491108916.6614,0.1055,0.0001272712916462,0.1106,BID
311,1712691975.4335086,646511014129.9315,0.1055,0.0002429724658714,0.1106,BID
312,1712691990.7715747,646511014129.9315,0.1055,0.0,0.1106,BID
313,1712692013.0818462,646540793984.3225,0.1056,0.0003634928165044,0.1106,BID
314,1712692020.486303,646540793984.3225,0.1056,0.0,0.1106,BID
315,1712692021.131447,646550727227.928,0.1056,0.0001212404889015,0.1106,BID
316,1712692050.5213208,646550727227.928,0.1056,0.0,0.1106,BID
317,1712692052.9514978,646551200712.7765,0.1056,5.779058870148418e-06,0.1106,BID
318,1712692064.0113754,646551295409.7462,0.1056,1.1558117743276664e-06,0.1106,BID
319,1712692065.8915608,646552242379.4431,0.1056,1.1558117738806924e-05,0.1106,BID
320,1712692080.211403,646552549010.125,0.1056,3.742541641151608e-06,0.1106,BID
321,1712692080.7510638,646552549010.125,0.1056,0.0,0.1106,BID
322,1712692083.581406,646552797353.875,0.1056,3.031120818054989e-06,0.1106,BID
323,1712692110.781473,646552797353.875,0.1056,0.0,0.1106,BID
324,1712692116.181562,646560137213.1167,0.1055,-8.958547588908011e-05,0.1106,ASK
325,1712692116.1848817,646561274653.875,0.1055,-1.3882850920233948e-05,0.1106,ASK
326,1712692116.2665231,646561550868.093,0.1055,-3.3712883794630247e-06,0.1106,ASK
327,1712692116.268419,646563231040.074,0.1055,-2.050706989507445e-05,0.1106,ASK
328,1712692116.581761,646572175127.8086,0.1055,0.0001091656297095,0.1106,BID
329,1712692116.5863895,646601432526.8164,0.1055,0.0003570964955977,0.1106,BID
330,1712692140.521186,646601432526.8164,0.1055,0.0,0.1106,BID
331,1712692147.471809,646606432526.8164,0.1053,-6.102287723428648e-05,0.1106,ASK
332,1712692147.4762757,646607381245.2397,0.1053,-1.1578705575474623e-05,0.1106,ASK
333,1712692162.561746,646608442992.7891,0.1052,-1.295817807114792e-05,0.1106,ASK
334,1712692170.494101,646608442992.7891,0.1052,-0.0,0.1106,ASK
335,1712692172.3316388,646609393563.1313,0.1052,-1.1601202954622527e-05,0.1106,ASK
336,1712692172.3353872,646619245431.0021,0.1052,-0.0001202367816101,0.1106,ASK
337,1712692172.341118,646648900680.6864,0.1052,-0.0003619264718808,0.1106,ASK
338,1712692182.3515048,646648957606.6826,0.1054,6.94751357281135e-07,0.1106,BID
339,1712692184.2616007,646821036180.8732,0.1052,-0.0021001270232432,0.1106,ASK
340,1712692195.2917972,646821112268.2489,0.1052,-9.28605752662594e-07,0.1106,ASK
341,1712692200.5613663,646821112268.2489,0.1052,-0.0,0.1106,ASK
342,1712692209.711466,646821169194.2451,0.1054,6.950543080281614e-07,0.1106,BID
343,1712692230.5011945,646821169194.2451,0.1054,0.0,0.1106,BID
344,1712692243.4112933,646821245354.154,0.1052,-9.29896223968107e-07,0.1106,ASK
345,1712692243.83129,646823235771.6113,0.1054,2.4302572094813863e-05,0.1106,BID
346,1712692260.7711494,646823235771.6113,0.1054,0.0,0.1106,BID
347,1712692282.0114057,646825228181.4785,0.1054,2.4326834301612605e-05,0.1106,BID
348,1712692290.7711077,646825228181.4785,0.1054,0.0,0.1106,BID
349,1712692297.2419517,646834653875.7421,0.1052,-0.0001150851129455,0.1106,ASK
350,1712692297.2469654,646835888527.0288,0.1052,-1.5074749807314462e-05,0.1106,ASK
351,1712692311.6714664,646835945453.025,0.1054,6.950506266018536e-07,0.1106,BID
352,1712692320.5179129,646835945453.025,0.1054,0.0,0.1106,BID
353,1712692350.521304,646835945453.025,0.1054,0.0,0.1106,BID
354,1712692380.7711306,646835945453.025,0.1054,0.0,0.1106,BID
355,1712692403.9315226,646836893622.2042,0.1053,1.157672335776426e-05,0.1106,BID
356,1712692410.7913036,646836893622.2042,0.1053,0.0,0.1106,BID
357,1712692420.3917527,646840043980.7782,0.1053,3.846442811031111e-05,0.1106,BID
358,1712692426.6312876,646846414495.7578,0.1053,7.778105561802233e-05,0.1106,BID
359,1712692427.01128,646854254691.3578,0.1053,9.572517951363492e-05,0.1106,BID
360,1712692432.071447,646855467899.5752,0.1053,1.4812713907174128e-05,0.1106,BID
361,1712692433.5611253,646857142319.2102,0.1053,2.0443893025189828e-05,0.1106,BID
362,1712692433.60124,646858640393.5103,0.1053,1.82907976552758e-05,0.1106,BID
363,1712692436.834813,646920596900.7479,0.1053,0.0007564604354236,0.1106,BID
364,1712692436.9115276,646954898602.9115,0.1053,0.0004188079946936,0.1106,BID
365,1712692436.9158258,646960418085.157,0.1053,6.739033765597179e-05,0.1106,BID
366,1712692436.9713347,646960418085.157,0.1053,0.0,0.1106,BID
367,1712692440.4714456,646960418085.157,0.1053,0.0,0.1106,BID
368,1712692442.7117596,646960719417.7443,0.1054,3.678547996413385e-06,0.1106,BID
369,1712692442.7158737,646964954513.7896,0.1054,5.170036275407047e-05,0.1106,BID
370,1712692461.8922052,646966729371.4746,0.1053,2.1666754466282044e-05,0.1106,BID
371,1712692461.9752035,646982708382.4579,0.1053,0.0001950653905962,0.1106,BID
372,1712692461.977127,646984483240.1428,0.1053,2.166675446479186e-05,0.1106,BID
373,1712692461.9914913,646989947887.337,0.1053,-6.671023259984935e-05,0.1106,ASK
374,1712692461.9944506,647018087559.5665,0.1053,-0.000343517891091,0.1106,ASK
375,1712692469.8816512,647043910517.9888,0.1053,0.0003152363732809,0.1106,BID
376,1712692470.5111964,647043910517.9888,0.1053,0.0,0.1106,BID
377,1712692494.4317565,647052985754.3423,0.1053,0.0001107749747904,0.1106,BID
378,1712692494.451273,647056651368.4921,0.1053,4.474355258814948e-05,0.1106,BID
379,1712692500.7761798,647056651368.4921,0.1053,0.0,0.1106,BID
380,1712692503.4816806,647083242061.7495,0.1053,0.0003248330153014,0.1106,BID
381,1712692506.721449,647129596879.3228,0.1053,0.0005662723803504,0.1106,BID
382,1712692506.7261913,647146789241.0742,0.1053,0.0002100226065492,0.1106,BID
383,1712692506.7311437,647196517284.3962,0.1053,0.0006074798464612,0.1106,BID
384,1712692506.8915536,647211257520.4192,0.1054,0.000180067336614,0.1106,BID
385,1712692506.901925,647247518284.3962,0.1054,0.0004429630015945,0.1106,BID
386,1712692506.911109,647250953284.3962,0.1054,4.196210293418754e-05,0.1106,BID
387,1712692507.1612844,647266112284.3962,0.1054,0.0001851829747829,0.1106,BID
388,1712692507.5014546,647266434343.4404,0.1053,-3.934286685054988e-06,0.1106,ASK
389,1712692507.921353,647275921343.4404,0.1054,0.0001158935867646,0.1106,BID
390,1712692507.9676125,647313549343.4404,0.1054,0.0004596652137431,0.1106,BID
391,1712692517.6020615,647313685343.4404,0.1053,1.6613816591119377e-06,0.1106,BID
392,1712692526.56002,647313685453.4285,0.1053,1.3436184380532263e-09,0.1106,BID
393,1712692530.5863686,647317860026.4835,0.1054,5.099675814918473e-05,0.1106,BID
394,1712692530.791121,647317860026.4835,0.1054,0.0,0.1106,BID
395,1712692536.0023224,647317954903.1438,0.1054,1.158627753437694e-06,0.1106,BID
396,1712692539.3715632,647367878131.3639,0.1054,0.0006096592943651,0.1106,BID
397,1712692541.6819432,647390240111.2509,0.1054,0.0002730830790506,0.1106,BID
398,1712692541.6867726,647409425638.5192,0.1054,0.0002342924412831,0.1106,BID
399,1712692541.6916828,647409853969.2206,0.1054,5.230747339274029e-06,0.1106,BID
400,1712692541.7011073,647409853969.2206,0.1054,0.0,0.1106,BID
401,1712692543.2517557,647410243332.9432,0.1054,-4.754885067918361e-06,0.1106,ASK
402,1712692543.255206,647411191941.3785,0.1053,-1.1584346003144445e-05,0.1106,ASK
403,1712692543.2580492,647415911317.9506,0.1053,-5.76327271557344e-05,0.1106,ASK
404,1712692553.9212923,647444401346.4406,0.1053,-0.0003479184196397,0.1106,ASK
405,1712692560.521268,647444401346.4406,0.1053,-0.0,0.1106,ASK
406,1712692590.4849453,647444401346.4406,0.1053,-0.0,0.1106,ASK
407,1712692595.7912834,647448189225.2284,0.1056,4.624980427701424e-05,0.1106,BID
408,1712692595.8912294,647448283922.1981,0.1056,1.156245107297974e-06,0.1106,BID
409,1712692620.7814937,647448283922.1981,0.1056,0.0,0.1106,BID
410,1712692622.8515732,647448578748.2374,0.1054,-3.599792685205906e-06,0.1106,ASK
411,1712692650.7913008,647448578748.2374,0.1054,-0.0,0.1106,ASK
412,1712692654.211051,647458283922.1981,0.1054,-0.00011849903441,0.1106,ASK
413,1712692654.220723,647462951430.9471,0.1054,-5.698973373375689e-05,0.1106,ASK
414,1712692654.3910968,647462951430.9471,0.1054,0.0,0.1106,BID
415,1712692654.4012518,647467544665.6704,0.1054,5.608285660104624e-05,0.1106,BID
416,1712692680.55026,647467544665.6704,0.1054,0.0,0.1106,BID
417,1712692700.809669,647468646665.6704,0.1054,1.3454962191384576e-05,0.1106,BID
418,1712692700.989835,647468646809.8721,0.1054,1.760642364189865e-09,0.1106,BID
419,1712692708.4804654,647483338388.1022,0.1056,0.0001793780668038,0.1106,BID
420,1712692708.4858878,647488709454.9391,0.1056,6.557849475324705e-05,0.1106,BID
421,1712692708.563165,647488709454.9391,0.1056,-0.0,0.1106,ASK
422,1712692708.565326,647496409414.0388,0.1056,-9.401330178048477e-05,0.1106,ASK
423,1712692710.529736,647496409414.0388,0.1056,-0.0,0.1106,ASK
424,1712692727.6094449,647498306947.2456,0.1056,-2.3167230019446863e-05,0.1106,ASK
425,1712692739.733121,647508147352.9686,0.1056,0.0001201427948952,0.1106,BID
426,1712692740.7491844,647508147352.9686,0.1056,0.0,0.1106,BID
427,1712692742.379384,647508442179.0079,0.1054,-3.59951503289856e-06,0.1106,ASK
428,1712692742.8994834,647518282724.5012,0.1056,0.0001201426831846,0.1106,BID
429,1712692745.3291037,647528123269.9946,0.1056,0.0001201426831861,0.1106,BID
430,1712692747.799184,647537964207.1556,0.1056,0.0001201474650345,0.1106,BID
431,1712692748.2589908,647547805144.3167,0.1056,0.0001201474650345,0.1106,BID
432,1712692770.7751424,647547805144.3167,0.1056,0.0,0.1106,BID
433,1712692771.8987582,647548478516.8568,0.1055,-8.220748298472629e-06,0.1106,ASK
434,1712692777.3584328,647548543163.7762,0.1055,-7.892303609648858e-07,0.1106,ASK
435,1712692793.7380812,647549491031.0748,0.1055,1.1571868493698196e-05,0.1106,BID
436,1712692800.6480415,647549491031.0748,0.1055,0.0,0.1106,BID
437,1712692828.5676217,647558963413.3671,0.1055,0.0001156845351194,0.1106,BID
438,1712692830.4879584,647558963413.3671,0.1055,0.0,0.1106,BID
439,1712692847.1774254,647559252145.5946,0.1055,3.526192760294089e-06,0.1106,BID
440,1712692848.279269,647569252145.5946,0.1055,0.000122126746652,0.1106,BID
441,1712692852.8975084,647569725605.3102,0.1055,5.782209473411583e-06,0.1106,BID
442,1712692860.7775197,647569725605.3102,0.1055,0.0,0.1106,BID
443,1712692870.657325,647569942119.5282,0.1055,2.644181039745958e-06,0.1106,BID
444,1712692884.627629,647570104477.3481,0.1055,1.9827957401005963e-06,0.1106,BID
445,1712692890.7663803,647570104477.3481,0.1055,0.0,0.1106,BID
446,1712692891.0063725,647572000211.9453,0.1054,-2.315165755490184e-05,0.1106,ASK
447,1712692902.026352,647572243709.5756,0.1055,2.9737146536108743e-06,0.1106,BID
448,1712692920.4960504,647572243709.5756,0.1055,0.0,0.1106,BID
449,1712692933.9769182,647574141574.8507,0.1054,-2.317761462924927e-05,0.1106,ASK
450,1712692933.981327,647574202476.1791,0.1054,-7.437553855029877e-07,0.1106,ASK
451,1712692933.9854743,647576385762.5035,0.1053,-2.666330941209997e-05,0.1106,ASK
452,1712692933.9896858,647586387561.1133,0.1054,-0.0001221466227406,0.1106,ASK
453,1712692933.992027,647586763327.0471,0.1053,-4.589028588777139e-06,0.1106,ASK
454,1712692935.2766962,647591500863.4922,0.1055,5.785700147095153e-05,0.1106,BID
455,1712692942.7456932,647615849267.4893,0.1055,0.0002973540493477,0.1106,BID
456,1712692950.5056558,647615849267.4893,0.1055,0.0,0.1106,BID
457,1712692950.7756834,647615940518.6741,0.1055,1.1143393845527377e-06,0.1106,BID
458,1712692964.9855447,647616031676.8865,0.1055,1.113204025919302e-06,0.1106,BID
459,1712692967.145389,647616126463.6163,0.1055,1.1575146824553298e-06,0.1106,BID
460,1712692980.77941,647616126463.6163,0.1055,0.0,0.1106,BID
461,1712692981.9251726,647616401345.1329,0.1055,3.356791380480007e-06,0.1106,BID
462,1712692983.5495093,647624081543.6984,0.1055,9.37888609737929e-05,0.1106,BID
463,1712692983.605199,647690472329.3838,0.1055,0.0008107493726293,0.1106,BID
464,1712692995.9552512,647692752986.6271,0.1056,2.7850874335756152e-05,0.1106,BID
465,1712692995.960444,647693985214.1152,0.1055,1.5047685498035238e-05,0.1106,BID
466,1712693010.7646215,647693985214.1152,0.1055,0.0,0.1106,BID
467,1712693040.4787426,647693985214.1152,0.1055,0.0,0.1106,BID
468,1712693070.5085838,647693985214.1152,0.1055,0.0,0.1106,BID
469,1712693073.8540344,647712942560.0868,0.1055,0.0002314796337432,0.1106,BID
470,1712693073.858177,647785960335.5593,0.1055,0.0008915872479453,0.1106,BID
471,1712693100.7634337,647785960335.5593,0.1055,0.0,0.1106,BID
472,1712693101.6538713,647786272835.5593,0.1056,3.822013931300914e-06,0.1106,BID
473,1712693130.793213,647786272835.5593,0.1056,0.0,0.1106,BID
474,1712693144.1636925,647786462040.1993,0.1056,2.314055930045052e-06,0.1106,BID
475,1712693160.5032716,647786462040.1993,0.1056,0.0,0.1106,BID
476,1712693190.482977,647786462040.1993,0.1056,0.0,0.1106,BID
477,1712693220.7924912,647786462040.1993,0.1056,0.0,0.1106,BID
478,1712693240.9647262,647886453892.6144,0.1055,0.001222944017,0.1106,BID
479,1712693241.9028847,647895037754.0945,0.1054,-0.0001049843740895,0.1106,ASK
480,1712693241.908455,647920864948.1173,0.1054,-0.0003158778604782,0.1106,ASK
481,1712693241.912617,647920918402.3927,0.1054,-6.537691291156274e-07,0.1106,ASK
482,1712693250.772268,647920918402.3927,0.1054,-0.0,0.1106,ASK
483,1712693259.8221269,647929473536.1621,0.1054,0.0001046148763627,0.1106,BID
484,1712693259.831915,647930846935.7563,0.1055,1.6794363784432325e-05,0.1106,BID
485,1712693264.6437922,647932076157.7677,0.1054,-1.5031314787839132e-05,0.1106,ASK
486,1712693280.4917507,647932076157.7677,0.1054,-0.0,0.1106,ASK
487,1712693280.8217769,647932714567.2157,0.1054,-7.806559981214176e-06,0.1106,ASK
488,1712693293.6823275,647933283827.1777,0.1054,-6.960990399616346e-06,0.1106,ASK
489,1712693310.5117128,647933283827.1777,0.1054,-0.0,0.1106,ASK
490,1712693315.8215966,647933378613.9076,0.1055,1.1590635800268536e-06,0.1106,BID
491,1712693323.631618,647946716437.8866,0.1055,0.0001630965224137,0.1106,BID
492,1712693340.771634,647946716437.8866,0.1055,0.0,0.1106,BID
493,1712693365.7411575,647946911727.7654,0.1053,-2.3879868414382937e-06,0.1106,ASK
494,1712693370.7733548,647946911727.7654,0.1053,-0.0,0.1106,ASK
495,1712693375.650941,647947006514.4952,0.1055,1.1590432035562554e-06,0.1106,BID
496,1712693397.2513807,647947195050.3967,0.1053,-2.3053992428468004e-06,0.1106,ASK
497,1712693397.260771,647963472574.0084,0.1053,-0.0001990400253394,0.1106,ASK
498,1712693400.540968,647963472574.0084,0.1053,-0.0,0.1106,ASK
499,1712693430.5006168,647963472574.0084,0.1053,-0.0,0.1106,ASK
500,1712693437.7407582,647963529771.3392,0.1053,-6.998287804651174e-07,0.1106,ASK
501,1712693460.7748384,647963529771.3392,0.1053,-0.0,0.1106,ASK
502,1712693475.5111952,647963622363.9319,0.1053,-1.132901754362956e-06,0.1106,ASK
503,1712693490.7702775,647963622363.9319,0.1053,-0.0,0.1106,ASK
504,1712693496.960146,647963717150.6617,0.1055,1.1597476284188526e-06,0.1106,BID
505,1712693497.8017237,647964330566.6508,0.1053,-7.505351641053346e-06,0.1106,ASK
506,1712693497.8100345,647966039789.571,0.1053,-2.091291925783868e-05,0.1106,ASK
507,1712693497.814257,647978700474.4441,0.1053,-0.0001549077521464,0.1106,ASK
508,1712693520.4898996,647978700474.4441,0.1053,-0.0,0.1106,ASK
509,1712693550.5201664,647978700474.4441,0.1053,-0.0,0.1106,ASK
510,1712693555.72006,647978795261.174,0.1055,1.1597250989222635e-06,0.1106,BID
511,1712693569.970087,648017838536.0255,0.1053,-0.000477698364076,0.1106,ASK
512,1712693576.4805856,648017945563.8969,0.1053,-1.3094966865108784e-06,0.1106,ASK
513,1712693580.7394166,648017945563.8969,0.1053,-0.0,0.1106,ASK
514,1712693597.8300223,648018040350.6267,0.1054,-1.1596664640071358e-06,0.1106,ASK
515,1712693597.8364658,648019036341.21,0.1053,-1.2185428061392908e-05,0.1106,ASK
516,1712693610.7891655,648019036341.21,0.1053,-0.0,0.1106,ASK
517,1712693611.7597866,648026809489.9072,0.1053,-9.510030791455634e-05,0.1106,ASK
518,1712693615.739576,648026904276.6371,0.1055,1.1596648342670354e-06,0.1106,BID
519,1712693640.5612926,648026904276.6371,0.1055,0.0,0.1106,BID
520,1712693670.4791567,648026904276.6371,0.1055,0.0,0.1106,BID
521,1712693676.9288294,648026999063.367,0.1055,1.1596530795513683e-06,0.1106,BID
522,1712693700.5186217,648026999063.367,0.1055,0.0,0.1106,BID
523,1712693717.1887617,648027351433.0352,0.1055,4.3140060761067305e-06,0.1106,BID
524,1712693730.489388,648027351433.0352,0.1055,0.0,0.1106,BID
525,1712693760.7423372,648027351433.0352,0.1055,0.0,0.1106,BID
526,1712693790.7684586,648027351433.0352,0.1055,0.0,0.1106,BID
527,1712693791.8082309,648050882973.3196,0.1055,0.0002880927920943,0.1106,BID
528,1712693807.4585187,648051237168.0399,0.1055,4.3363479268065565e-06,0.1106,BID
529,1712693807.4683902,648051737168.0399,0.1055,6.12141807574344e-06,0.1106,BID
530,1712693807.4721932,648062642859.5754,0.1055,0.000133516594588,0.1106,BID
531,1712693820.4882772,648062642859.5754,0.1055,0.0,0.1106,BID
532,1712693850.50273,648062642859.5754,0.1055,0.0,0.1106,BID
533,1712693860.7479396,648068943524.6569,0.1053,-7.713449420905507e-05,0.1106,ASK
534,1712693867.6597664,648075006765.5798,0.1054,7.422788163114758e-05,0.1106,BID
535,1712693867.6777394,648079608062.8862,0.1054,5.633036129486517e-05,0.1106,BID
536,1712693880.7477612,648079608062.8862,0.1054,0.0,0.1106,BID
537,1712693898.6578925,648108186660.919,0.1054,0.0003498594891195,0.1106,BID
538,1712693898.7376163,648204799879.076,0.1054,0.0011827400038288,0.1106,BID
539,1712693898.8182926,648205938399.0001,0.1054,1.3937772543367117e-05,0.1106,BID
540,1712693898.821088,648205987734.8635,0.1054,6.039701438746733e-07,0.1106,BID
541,1712693900.567566,648209322251.3408,0.1054,4.082118478560454e-05,0.1106,BID
542,1712693903.477989,648209478332.8298,0.1053,-1.9107511832744446e-06,0.1106,ASK
543,1712693910.777907,648209478332.8298,0.1053,-0.0,0.1106,ASK
544,1712693915.6175773,648209573209.4901,0.1054,1.161286444928877e-06,0.1106,BID
545,1712693933.5028827,648211684320.4901,0.1054,2.58399123751666e-05,0.1106,BID
546,1712693933.5089006,648224394596.83,0.1054,0.0001555732630286,0.1106,BID
547,1712693933.5117154,648256861420.6381,0.1054,0.0003973925967423,0.1106,BID
548,1712693940.4978108,648256861420.6381,0.1054,0.0,0.1106,BID
549,1712693942.4726715,648264718659.0018,0.1054,-9.616639799742312e-05,0.1106,ASK
550,1712693942.476694,648264888227.5029,0.1054,-2.075384659280513e-06,0.1106,ASK
551,1712693954.1476667,648264983104.1633,0.1054,1.1612154630310949e-06,0.1106,BID
552,1712693970.4776754,648264983104.1633,0.1054,0.0,0.1106,BID
553,1712693973.628362,648265077980.8236,0.1054,1.16120329552187e-06,0.1106,BID
554,1712693975.8371952,648266034003.7682,0.1053,-1.1700843922881836e-05,0.1106,ASK
555,1712693975.9773517,648266128880.4286,0.1054,1.1612032970158986e-06,0.1106,BID
556,1712693991.3115616,648271973961.5851,0.1054,7.153843191363588e-05,0.1106,BID
557,1712693991.3169837,648276992253.2961,0.1054,6.141928747995789e-05,0.1106,BID
558,1712694000.5422268,648276992253.2961,0.1054,0.0,0.1106,BID
559,1712694002.5473778,648278848967.9048,0.1054,2.273594091338488e-05,0.1106,BID
560,1712694011.6773877,648280758892.8816,0.1054,-2.3387515356180933e-05,0.1106,ASK
561,1712694023.5672195,648281482301.0558,0.1054,-8.858316419865157e-06,0.1106,ASK
562,1712694030.2871976,648401456438.9869,0.1054,-0.0014691137229383,0.1106,ASK
563,1712694030.4768467,648401456438.9869,0.1054,-0.0,0.1106,ASK
564,1712694032.6570227,648402404306.2854,0.1055,1.1605011054096672e-05,0.1106,BID
565,1712694036.1069512,648402499093.0153,0.1055,1.1605011055591214e-06,0.1106,BID
566,1712694060.7568927,648402499093.0153,0.1055,0.0,0.1106,BID
567,1712694066.0870938,648403499093.0153,0.1055,1.2243270174808694e-05,0.1106,BID
568,1712694066.1670654,648407796927.5104,0.1055,-5.261954889033224e-05,0.1106,ASK
569,1712694090.756418,648407796927.5104,0.1055,-0.0,0.1106,ASK
570,1712694097.6489377,648409692662.1075,0.1055,2.320983202734279e-05,0.1106,BID
571,1712694106.4567285,648410381508.0791,0.1055,8.433669626776058e-06,0.1106,BID
572,1712694119.246782,648419344942.9329,0.1055,0.0001097410036481,0.1106,BID
573,1712694119.253709,648419963920.6643,0.1055,7.578259740036009e-06,0.1106,BID
574,1712694120.4720223,648419963920.6643,0.1055,0.0,0.1106,BID
575,1712694124.0265095,648420447332.9866,0.1055,5.918414155560875e-06,0.1106,BID
576,1712694127.456824,648420631882.7496,0.1055,2.259441639777982e-06,0.1106,BID
577,1712694136.6564755,648422526669.9531,0.1055,2.319786834220592e-05,0.1106,BID
578,1712694150.5188744,648422526669.9531,0.1055,0.0,0.1106,BID
579,1712694151.2769997,648426064361.7477,0.1055,4.3311796006552704e-05,0.1106,BID
580,1712694151.2831776,648429337274.1298,0.1055,4.007011398170072e-05,0.1106,BID
581,1712694151.289018,648430095567.9686,0.1055,9.28375618039572e-06,0.1106,BID
582,1712694167.4161687,648432253163.3477,0.1054,-2.64153398170438e-05,0.1106,ASK
583,1712694170.646399,648432305817.3761,0.1055,6.446408198502056e-07,0.1106,BID
584,1712694176.4264357,648433041234.4377,0.1055,9.003676861491347e-06,0.1106,BID
585,1712694180.7562478,648433041234.4377,0.1055,0.0,0.1106,BID
586,1712694199.456824,648447421319.7025,0.1054,-0.0001760523241963,0.1106,ASK
587,1712694210.4161158,648456653936.7743,0.1054,-0.000113032966354,0.1106,ASK
588,1712694210.7862887,648456653936.7743,0.1054,-0.0,0.1106,ASK
589,1712694220.7562728,648458898858.8265,0.1054,-2.7483265622032857e-05,0.1106,ASK
590,1712694220.7626648,648461373200.4033,0.1054,-3.02919144681692e-05,0.1106,ASK
591,1712694221.0761027,648465144161.2228,0.1054,4.6165664303466886e-05,0.1106,BID
592,1712694233.1590085,648465196815.2512,0.1053,-6.446124257651707e-07,0.1106,ASK
593,1712694240.4859765,648465196815.2512,0.1053,-0.0,0.1106,ASK
594,1712694270.4714382,648465196815.2512,0.1053,-0.0,0.1106,ASK
595,1712694288.668994,648466146482.8676,0.1053,-1.1626096159154703e-05,0.1106,ASK
596,1712694288.6754286,648468044868.9072,0.1053,-2.3240572032619628e-05,0.1106,ASK
597,1712694288.6806085,648530601618.0232,0.1053,-0.0007658371920005,0.1106,ASK
598,1712694288.6863618,648535345451.0403,0.1052,-5.807532853717944e-05,0.1106,ASK
599,1712694288.689196,648545200656.3911,0.1053,-0.0001206501760262,0.1106,ASK
600,1712694288.692057,648546203722.6333,0.1052,-1.2279817048731036e-05,0.1106,ASK
601,1712694288.6948738,648547545198.1443,0.1053,-1.6422717820051842e-05,0.1106,ASK
602,1712694288.697724,648626520558.3729,0.1052,-0.000966838414231,0.1106,ASK
603,1712694288.7005734,648654588030.8448,0.1052,-0.0003436098360003,0.1106,ASK
604,1712694296.5962985,648654688030.8448,0.1051,-1.2242279255606342e-06,0.1106,ASK
605,1712694296.6013625,648679252438.5518,0.1051,-0.0003007243388965,0.1106,ASK
606,1712694296.6055844,648693375033.9907,0.1051,-0.0001728927571777,0.1106,ASK
607,1712694297.335852,648708437361.1553,0.1053,-0.0001843972153877,0.1106,ASK
608,1712694297.3757043,648738651541.0364,0.1053,-0.0003698904275835,0.1106,ASK
609,1712694300.7559445,648738651541.0364,0.1053,-0.0,0.1106,ASK
610,1712694324.756107,648747884158.1082,0.1053,-0.0001130613357054,0.1106,ASK
611,1712694324.8356712,648765235665.878,0.1053,-0.0002124841342077,0.1106,ASK
612,1712694330.7556396,648765235665.878,0.1053,-0.0,0.1106,ASK
613,1712694335.975638,648765330542.5383,0.1054,1.1618064683833557e-06,0.1106,BID
614,1712694360.500711,648765330542.5383,0.1054,0.0,0.1106,BID
615,1712694362.79558,648765393637.8894,0.1054,7.726302529140371e-07,0.1106,BID
616,1712694390.4965222,648765393637.8894,0.1054,0.0,0.1106,BID
617,1712694394.8257692,648771797101.3982,0.1054,7.841321338556663e-05,0.1106,BID
618,1712694394.8301263,648773611576.8981,0.1054,2.2219046670528565e-05,0.1106,BID
619,1712694394.8345747,648784368969.9578,0.1054,0.0001317289863999,0.1106,BID
620,1712694395.8254066,648784463846.618,0.1054,1.161806231503101e-06,0.1106,BID
621,1712694418.545747,648784558566.4662,0.1053,-1.159885998290033e-06,0.1106,ASK
622,1712694418.550254,648786457901.6989,0.1053,-2.325819124062274e-05,0.1106,ASK
623,1712694420.7806363,648786457901.6989,0.1053,-0.0,0.1106,ASK
624,1712694429.305144,648786552868.4604,0.1053,1.1628779492651184e-06,0.1106,BID
625,1712694442.225393,648795052868.7335,0.1051,-0.000104083394233,0.1106,ASK
626,1712694443.5450664,648796479828.5679,0.1053,1.747327273199678e-05,0.1106,BID
627,1712694450.785536,648796479828.5679,0.1053,0.0,0.1106,BID
628,1712694455.695116,648796574795.3296,0.1053,1.162862948023786e-06,0.1106,BID
629,1712694473.1850414,648805660869.5764,0.1053,0.0001112584960611,0.1106,BID
630,1712694475.7551455,648808817083.7263,0.1053,3.864767445497916e-05,0.1106,BID
631,1712694475.8749409,648810104088.6761,0.1053,1.5759307182778108e-05,0.1106,BID
632,1712694475.8970668,648810519276.5782,0.1053,5.083953786370276e-06,0.1106,BID
633,1712694475.957647,648810825986.4775,0.1053,3.7556464095831777e-06,0.1106,BID
634,1712694475.9647927,648845452719.9783,0.1053,0.0004240025106715,0.1106,BID
635,1712694476.0750668,648846095677.6953,0.1053,7.872983060191473e-06,0.1106,BID
636,1712694476.0849097,648846190464.4252,0.1053,1.160658467465771e-06,0.1106,BID
637,1712694480.4716425,648846190464.4252,0.1053,0.0,0.1106,BID
638,1712694484.3796756,648850938802.5068,0.1053,5.813942081310355e-05,0.1106,BID
639,1712694484.4774988,648875630160.5315,0.1053,0.0003023249882281,0.1106,BID
640,1712694486.7451415,648902278463.3458,0.1052,-0.0003262861373034,0.1106,ASK
641,1712694500.465564,648906835374.378,0.1052,-5.5795557004144994e-05,0.1106,ASK
642,1712694508.3548882,648910362433.2958,0.1052,-4.318588085419024e-05,0.1106,ASK
643,1712694510.4584315,648910362433.2958,0.1052,-0.0,0.1106,ASK
644,1712694515.2650757,648950362433.2958,0.1052,-0.000489725983015,0.1106,ASK
645,1712694515.5046556,648950457220.0256,0.1055,1.160488111417066e-06,0.1106,BID
646,1712694524.9450536,648957601643.9147,0.1055,8.747025030337793e-05,0.1106,BID
647,1712694524.9516542,648958544150.9835,0.1055,1.153925501975042e-05,0.1106,BID
648,1712694524.9553738,648959935893.0114,0.1055,1.703930581708372e-05,0.1106,BID
649,1712694540.494687,648959935893.0114,0.1055,0.0,0.1106,BID
650,1712694547.6552143,648978562036.2135,0.1055,0.0002280280897177,0.1106,BID
651,1712694547.660674,648982541361.0226,0.1055,4.871635661411148e-05,0.1106,BID
652,1712694548.096037,649055068468.9036,0.1055,-0.0008879035065587,0.1106,ASK
653,1712694548.114462,649055068468.9036,0.1055,-0.0,0.1106,ASK
654,1712694548.915439,649081614428.1514,0.1055,0.0003249853880809,0.1106,BID
655,1712694559.004584,649086346909.212,0.1056,5.793677221193237e-05,0.1106,BID
656,1712694570.5245018,649086346909.212,0.1056,0.0,0.1106,BID
657,1712694600.8556745,649086346909.212,0.1056,0.0,0.1106,BID
658,1712694630.7540576,649086346909.212,0.1056,0.0,0.1106,BID
659,1712694654.0342813,649086844229.2877,0.1056,6.0911351210259775e-06,0.1106,BID
660,1712694660.4699335,649086844229.2877,0.1056,0.0,0.1106,BID
661,1712694668.07468,649090634002.015,0.1056,4.641679280696765e-05,0.1106,BID
662,1712694690.5242517,649090634002.015,0.1056,0.0,0.1106,BID
663,1712694705.5944507,649092326809.5331,0.1055,2.0733251395622e-05,0.1106,BID
664,1712694706.0345178,649093807405.7279,0.1055,1.8134119086236023e-05,0.1106,BID
665,1712694711.426494,649093862190.088,0.1055,6.709905872540582e-07,0.1106,BID
666,1712694720.76461,649093862190.088,0.1055,0.0,0.1106,BID
667,1712694746.535149,649098634002.015,0.1055,5.844418963939528e-05,0.1106,BID
668,1712694746.5414064,649099156002.015,0.1055,6.393350672337144e-06,0.1106,BID
669,1712694746.5473013,649103989174.2395,0.1056,5.919571818189103e-05,0.1106,BID
670,1712694749.565272,649110951043.918,0.1055,-8.526757507576489e-05,0.1106,ASK
671,1712694750.7445734,649110951043.918,0.1055,-0.0,0.1106,ASK
672,1712694773.4050477,649111045830.6478,0.1055,1.1609031004615326e-06,0.1106,BID
673,1712694776.4951007,649113889432.5436,0.1055,3.482709301384598e-05,0.1106,BID
674,1712694780.5209002,649113889432.5436,0.1055,0.0,0.1106,BID
675,1712694784.4757133,649139037619.7043,0.1054,-0.0003080019497012,0.1106,ASK
676,1712694785.3751523,649142107610.209,0.1054,-3.759965101850988e-05,0.1106,ASK
677,1712694793.9954326,649144107610.209,0.1054,-2.4494962418742228e-05,0.1106,ASK
678,1712694802.1655102,649153117275.1381,0.1054,-0.0001103457019216,0.1106,ASK
679,1712694810.1655488,649155014808.345,0.1054,-2.3240002295777888e-05,0.1106,ASK
680,1712694810.4552922,649155014808.345,0.1054,-0.0,0.1106,ASK
681,1712694816.5455785,649156147890.1973,0.1055,1.387666200888872e-05,0.1106,BID
682,1712694827.735615,649156620402.7561,0.1055,5.786781476261704e-06,0.1106,BID
683,1712694840.8155534,649156620402.7561,0.1055,0.0,0.1106,BID
684,1712694847.4958692,649160240008.0656,0.1055,4.432860272675539e-05,0.1106,BID
685,1712694847.5001075,649180557269.4883,0.1055,0.0002488215518285,0.1106,BID
686,1712694854.6662722,649220028063.8545,0.1055,-0.0004833911471513,0.1106,ASK
687,1712694868.746145,649227625404.7852,0.1054,-9.304315777635506e-05,0.1106,ASK
688,1712694870.74563,649227625404.7852,0.1054,-0.0,0.1106,ASK
689,1712694879.786198,649233293604.7852,0.1054,-6.941097654413401e-05,0.1106,ASK
690,1712694899.2565496,649235191137.992,0.1054,-2.323658884796152e-05,0.1106,ASK
691,1712694899.263906,649246462907.308,0.1054,-0.0001380305062641,0.1106,ASK
692,1712694900.507584,649246462907.308,0.1054,-0.0,0.1106,ASK
693,1712694906.0575411,649249103807.308,0.1054,3.2362371250863025e-05,0.1106,BID
694,1712694906.1562045,649257542607.3135,0.1054,0.00010341155617,0.1106,BID
695,1712694906.2563758,649275669272.2036,0.1054,-0.0002221295235391,0.1106,ASK
696,1712694920.380552,649279648922.5029,0.1054,4.8767814167551095e-05,0.1106,BID
697,1712694920.786089,649282625601.1582,0.1054,3.647710240314995e-05,0.1106,BID
698,1712694922.0530052,649285930070.703,0.1054,4.049394910673696e-05,0.1106,BID
699,1712694922.1662042,649287843918.6486,0.1054,2.345285990829092e-05,0.1106,BID
700,1712694930.491016,649287843918.6486,0.1054,0.0,0.1106,BID
701,1712694932.6463711,649289108442.9728,0.1054,1.549502764477907e-05,0.1106,BID
702,1712694960.7465367,649289108442.9728,0.1054,0.0,0.1106,BID
703,1712694971.3766158,649290629895.4872,0.1054,1.864330311202409e-05,0.1106,BID
704,1712694974.2065432,649290839610.364,0.1054,2.569766705727894e-06,0.1106,BID
705,1712694975.026628,649290934487.0244,0.1054,1.1625826776418388e-06,0.1106,BID
706,1712694986.577549,649292832020.2312,0.1054,2.325165353787874e-05,0.1106,BID
707,1712694990.7665937,649292832020.2312,0.1054,0.0,0.1106,BID
708,1712694992.7569246,649292926849.4769,0.1054,1.161996088014844e-06,0.1106,BID
709,1712694995.446558,649293021726.1373,0.1054,1.1625770866713797e-06,0.1106,BID
710,1712695014.4068413,649293496109.439,0.1054,5.81288542886951e-06,0.1106,BID
711,1712695020.4770527,649293496109.439,0.1054,0.0,0.1106,BID
712,1712695050.5023465,649293496109.439,0.1054,0.0,0.1106,BID
713,1712695056.3569243,649293590986.0994,0.1054,1.1625760895436597e-06,0.1106,BID
714,1712695067.187448,649294690986.0994,0.1054,1.3478907173810686e-05,0.1106,BID
715,1712695067.194889,649308178796.2964,0.1054,0.0001652735832942,0.1106,BID
716,1712695067.200997,649331503718.5377,0.1054,0.0002858131470247,0.1106,BID
717,1712695079.7868545,649332203718.5377,0.1053,-8.577486383334073e-06,0.1106,ASK
718,1712695080.7786324,649332203718.5377,0.1053,-0.0,0.1106,ASK
719,1712695110.757118,649332203718.5377,0.1053,-0.0,0.1106,ASK
720,1712695116.937137,649332298595.198,0.1054,1.162517972654875e-06,0.1106,BID
721,1712695125.807595,649332378004.247,0.1054,9.729942677706898e-07,0.1106,BID
722,1712695125.8154397,649338058054.401,0.1054,6.959731055348121e-05,0.1106,BID
723,1712695140.491062,649338058054.401,0.1054,0.0,0.1106,BID
724,1712695140.88736,649339006821.0044,0.1054,1.162509184089852e-05,0.1106,BID
725,1712695160.3777382,649340127109.015,0.1053,-1.3726717366667414e-05,0.1106,ASK
726,1712695160.3836768,649340374403.6488,0.1053,-3.0300632624256937e-06,0.1106,ASK
727,1712695160.7972867,649340516718.6393,0.1054,1.743763775760851e-06,0.1106,BID
728,1712695160.9172454,649342414251.8462,0.1054,2.325018368329276e-05,0.1106,BID
729,1712695170.481361,649342414251.8462,0.1054,0.0,0.1106,BID
730,1712695174.567585,649343414251.8462,0.1054,1.2252777889305156e-05,0.1106,BID
731,1712695175.8878434,649343509128.5065,0.1054,1.16250264526932e-06,0.1106,BID
732,1712695200.5742528,649343509128.5065,0.1054,0.0,0.1106,BID
733,1712695217.0110557,649372294290.0055,0.1054,0.0003530373429767,0.1106,BID
734,1712695219.09746,649373673230.5162,0.1054,1.6912098757963182e-05,0.1106,BID
735,1712695227.0504308,649375474995.2222,0.1054,2.209785150843394e-05,0.1106,BID
736,1712695228.127505,649378794018.8223,0.1054,4.0706364391782434e-05,0.1106,BID
737,1712695230.4905255,649378794018.8223,0.1054,0.0,0.1106,BID
738,1712695235.7574224,649378888895.4827,0.1054,1.1635674299434834e-06,0.1106,BID
739,1712695244.6077936,649388888895.4827,0.1054,0.0001226400070399,0.1106,BID
740,1712695248.2277212,649428357652.5652,0.1054,0.0004840448646459,0.1106,BID
741,1712695248.2677977,649434003368.6066,0.1054,6.92390655060864e-05,0.1106,BID
742,1712695251.677598,649435003368.6066,0.1054,1.2264000703999196e-05,0.1106,BID
743,1712695254.9080234,649436551961.9266,0.1054,1.899194956752681e-05,0.1106,BID
744,1712695254.9146104,649440385901.1322,0.1054,4.701943311615653e-05,0.1106,BID
745,1712695254.9210308,649441000199.9847,0.1054,7.533761560004961e-06,0.1106,BID
746,1712695260.7473807,649441000199.9847,0.1054,0.0,0.1106,BID
747,1712695269.2180474,649441500199.9847,0.1054,-6.131507321745821e-06,0.1106,ASK
748,1712695290.7677171,649441500199.9847,0.1054,-0.0,0.1106,ASK
749,1712695295.987934,649441594986.7146,0.1055,1.16237030506778e-06,0.1106,BID
750,1712695320.481381,649441594986.7146,0.1055,0.0,0.1106,BID
751,1712695345.6683023,649443732063.6306,0.1054,-2.620698536505191e-05,0.1106,ASK
752,1712695350.4686944,649443732063.6306,0.1054,-0.0,0.1106,ASK
753,1712695355.7449734,649443826850.3605,0.1055,1.162366951817357e-06,0.1106,BID
754,1712695365.1798787,649452942921.3427,0.1055,0.0001117901172024,0.1106,BID
755,1712695365.1847043,649453253347.8829,0.1055,3.8067517671644216e-06,0.1106,BID
756,1712695365.2781124,649484029156.7902,0.1055,-0.0003774028626438,0.1106,ASK
757,1712695365.2977304,649484029156.7902,0.1055,-0.0,0.1106,ASK
758,1712695380.7478473,649484029156.7902,0.1055,-0.0,0.1106,ASK
759,1712695410.757928,649484029156.7902,0.1055,-0.0,0.1106,ASK
760,1712695440.4823935,649484029156.7902,0.1055,-0.0,0.1106,ASK
761,1712695470.4932196,649484029156.7902,0.1055,-0.0,0.1106,ASK
762,1712695473.7685566,649485093004.0135,0.1055,1.3045247909976869e-05,0.1106,BID
763,1712695500.508608,649485093004.0135,0.1055,0.0,0.1106,BID
764,1712695510.238992,649485566937.6628,0.1055,5.819407808168469e-06,0.1106,BID
765,1712695518.038021,649485966567.9945,0.1055,4.907041050886989e-06,0.1106,BID
766,1712695530.5044394,649485966567.9945,0.1055,0.0,0.1106,BID
767,1712695536.748162,649488197639.292,0.1055,2.73951829668802e-05,0.1106,BID
768,1712695541.5687647,649506196958.2212,0.1055,0.0002210124956115,0.1106,BID
769,1712695541.5755112,649516328546.9432,0.1055,0.0001244051353708,0.1106,BID
770,1712695546.2483037,649521571635.5991,0.1055,-6.437955308797271e-05,0.1106,ASK
771,1712695549.2784948,649531050308.585,0.1055,-0.0001163880244539,0.1106,ASK
772,1712695560.769883,649531050308.585,0.1055,-0.0,0.1106,ASK
773,1712695576.628188,649535591004.221,0.1055,-5.575165769345936e-05,0.1106,ASK
774,1712695576.6335726,649535875364.4105,0.1055,-3.491436824172822e-06,0.1106,ASK
775,1712695590.7596574,649535875364.4105,0.1055,-0.0,0.1106,ASK
776,1712695594.7279854,649535875364.4105,0.1055,-0.0,0.1106,ASK
777,1712695594.7378502,649543959019.2655,0.1055,-9.92522683164604e-05,0.1106,ASK
778,1712695594.9978957,649543959019.2655,0.1055,-0.0,0.1106,ASK
779,1712695595.849554,649545229235.3754,0.1055,1.5595894730508696e-05,0.1106,BID
780,1712695603.4582376,649561050708.525,0.1055,-0.0001942583059745,0.1106,ASK
781,1712695603.4678905,649561050708.525,0.1055,-0.0,0.1106,ASK
782,1712695620.532313,649561050708.525,0.1055,-0.0,0.1106,ASK
783,1712695646.5383058,649587649251.1791,0.1055,-0.0003265700541745,0.1106,ASK
784,1712695646.5463288,649587649251.1791,0.1055,-0.0,0.1106,ASK
785,1712695650.4784985,649587649251.1791,0.1055,-0.0,0.1106,ASK
786,1712695669.4984255,649587701383.8805,0.1055,-6.400498254105111e-07,0.1106,ASK
787,1712695669.506086,649587971837.9089,0.1055,-3.3204504847112614e-06,0.1106,ASK
788,1712695672.2881694,649616274843.5961,0.1055,0.0003474850402261,0.1106,BID
789,1712695672.348084,649620370719.4255,0.1055,-5.028637569793407e-05,0.1106,ASK
790,1712695680.793331,649620370719.4255,0.1055,-0.0,0.1106,ASK
791,1712695680.948097,649620370719.4255,0.1055,-0.0,0.1106,ASK
792,1712695710.7479086,649620370719.4255,0.1055,-0.0,0.1106,ASK
793,1712695739.7984328,649620960197.5405,0.1054,-7.236904365402677e-06,0.1106,ASK
794,1712695739.8063538,649621175855.0991,0.1054,-2.6475845116744467e-06,0.1106,ASK
795,1712695739.8127975,649621319486.0289,0.1054,-1.7633280634395476e-06,0.1106,ASK
796,1712695740.4932666,649621319486.0289,0.1054,-0.0,0.1106,ASK
797,1712695746.108494,649621862841.753,0.1054,-6.670660851302607e-06,0.1106,ASK
798,1712695746.1156974,649621982993.138,0.1054,-1.4750725976000183e-06,0.1106,ASK
799,1712695759.5890045,649622267623.1189,0.1054,-3.494340791473712e-06,0.1106,ASK
800,1712695765.1280982,649622647129.7603,0.1054,-4.65912105629737e-06,0.1106,ASK
801,1712695770.352203,649623026636.4016,0.1054,-4.65912105629737e-06,0.1106,ASK
802,1712695770.5093057,649623026636.4016,0.1054,-0.0,0.1106,ASK
803,1712695771.2684188,649623985409.1725,0.1054,-1.177062019602811e-05,0.1106,ASK
804,1712695775.9081702,649624364915.8138,0.1054,-4.659110764291204e-06,0.1106,ASK
805,1712695776.3882666,649624459702.5437,0.1055,1.1636736364234117e-06,0.1106,BID
806,1712695778.1179774,649624782283.189,0.1054,-3.960244150996288e-06,0.1106,ASK
807,1712695797.9782453,649624877069.9188,0.1055,1.1636736364234117e-06,0.1106,BID
808,1712695800.5955515,649624877069.9188,0.1055,0.0,0.1106,BID
809,1712695807.7382812,649624971856.6487,0.1055,1.1662903180513302e-06,0.1106,BID
810,1712695828.7082982,649625256216.8383,0.1055,3.4988709541539905e-06,0.1106,BID
811,1712695828.7157032,649627651199.6694,0.1055,2.946873778717164e-05,0.1106,BID
812,1712695829.188115,649628532824.9796,0.1055,-1.0847837718937872e-05,0.1106,ASK
813,1712695830.4781182,649628532824.9796,0.1055,-0.0,0.1106,ASK
814,1712695837.0584936,649628532824.9796,0.1055,-0.0,0.1106,ASK
815,1712695837.065211,649635564446.6096,0.1055,-8.651921341396019e-05,0.1106,ASK
816,1712695860.7580142,649635564446.6096,0.1055,-0.0,0.1106,ASK
817,1712695874.1084726,649635754020.0693,0.1055,2.332548275742429e-06,0.1106,BID
818,1712695874.1692772,649635754020.0693,0.1055,-0.0,0.1106,ASK
819,1712695874.178516,649637460181.2067,0.1055,-2.0992934480179888e-05,0.1106,ASK
820,1712695877.6207778,649638177841.334,0.1055,-8.8302281081358e-06,0.1106,ASK
821,1712695877.628765,649641021149.5377,0.1054,-3.498461049312994e-05,0.1106,ASK
822,1712695890.7708669,649641021149.5377,0.1054,-0.0,0.1106,ASK
823,1712695917.3182344,649641210722.9974,0.1055,-2.332531761871368e-06,0.1106,ASK
824,1712695920.4687564,649641210722.9974,0.1055,-0.0,0.1106,ASK
825,1712695922.758,649641400296.4572,0.1055,-2.3325311878771927e-06,0.1106,ASK
826,1712695927.3785064,649648130154.2771,0.1055,-8.280485716964034e-05,0.1106,ASK
827,1712695927.385746,649652869490.7699,0.1055,-5.8313279695427845e-05,0.1106,ASK
828,1712695950.487269,649652869490.7699,0.1055,-0.0,0.1106,ASK
829,1712695962.181729,649653059064.2296,0.1055,2.332495887778346e-06,0.1106,BID
830,1712695962.1882148,649653248637.6893,0.1055,2.332495887778346e-06,0.1106,BID
831,1712695962.1944716,649653816819.5076,0.1056,6.990861255202972e-06,0.1106,BID
832,1712695967.5581443,649660196218.5597,0.1055,-7.849158884268623e-05,0.1106,ASK
833,1712695967.577949,649660196218.5597,0.1055,-0.0,0.1106,ASK
834,1712695967.701969,649664965966.3872,0.1055,5.868657569491973e-05,0.1106,BID
835,1712695980.7883062,649664965966.3872,0.1055,0.0,0.1106,BID
836,1712695993.339849,649666883973.0223,0.1055,-2.3598621595971747e-05,0.1106,ASK
837,1712695993.3478773,649666883973.0223,0.1055,-0.0,0.1106,ASK
838,1712695994.4279697,649686133362.5455,0.1055,-0.0002368391490366,0.1106,ASK
839,1712695994.4477134,649686133362.5455,0.1055,-0.0,0.1106,ASK
840,1712696000.3481748,649690257991.2441,0.1055,-5.074828736223561e-05,0.1106,ASK
841,1712696000.35532,649694065428.8962,0.1055,-4.684565671274535e-05,0.1106,ASK
842,1712696010.7582858,649694065428.8962,0.1055,-0.0,0.1106,ASK
843,1712696040.5181673,649694065428.8962,0.1055,-0.0,0.1106,ASK
844,1712696070.5087752,649694065428.8962,0.1055,-0.0,0.1106,ASK
845,1712696077.91783,649705357550.1084,0.1056,0.0001389298793252,0.1106,BID
846,1712696094.478274,649705414422.1462,0.1055,-6.997113479293105e-07,0.1106,ASK
847,1712696094.4866483,649714964367.5527,0.1055,-0.0001174954411096,0.1106,ASK
848,1712696094.4920015,649726180016.8418,0.1055,-0.0001379890255345,0.1106,ASK
849,1712696096.807838,649726230016.8418,0.1055,6.151628941763299e-07,0.1106,BID
850,1712696100.7713394,649726230016.8418,0.1055,0.0,0.1106,BID
851,1712696125.438217,649729547192.3773,0.1055,4.084315890967847e-05,0.1106,BID
852,1712696126.648126,649729642069.0376,0.1054,-1.1681813250671663e-06,0.1106,ASK
853,1712696130.737882,649729642069.0376,0.1054,-0.0,0.1106,ASK
854,1712696139.3178585,649733817695.178,0.1054,-5.1412716723501066e-05,0.1106,ASK
855,1712696151.6780531,649733912571.8384,0.1054,-1.1681761491205206e-06,0.1106,ASK
856,1712696156.4578404,649734007448.4987,0.1054,-1.1681761476175203e-06,0.1106,ASK
857,1712696160.458227,649734007448.4987,0.1054,-0.0,0.1106,ASK
858,1712696176.6078851,649735221619.1149,0.1055,1.4949484031440968e-05,0.1106,BID
859,1712696185.058216,649739654814.8392,0.1055,5.458375273194446e-05,0.1106,BID
860,1712696188.5476336,649741208462.2327,0.1055,1.9129294177034924e-05,0.1106,BID
861,1712696190.4877627,649741208462.2327,0.1055,0.0,0.1106,BID
862,1712696195.3877926,649752589871.0543,0.1055,0.0001401323633169,0.1106,BID
863,1712696196.6378732,649752684657.7842,0.1055,1.1670513443701535e-06,0.1106,BID
864,1712696212.0882015,649754118197.0654,0.1055,1.7650297123759263e-05,0.1106,BID
865,1712696220.7475524,649754118197.0654,0.1055,0.0,0.1106,BID
866,1712696224.2078626,649754411887.8236,0.1054,-3.615975011393717e-06,0.1106,ASK
867,1712696249.5380275,649754696517.8047,0.1054,-3.5044170455279355e-06,0.1106,ASK
868,1712696250.457733,649759541943.9976,0.1054,-5.965778474484024e-05,0.1106,ASK
869,1712696250.6580496,649762697295.5273,0.1055,3.884927246135294e-05,0.1106,BID
870,1712696250.66511,649762790182.3043,0.1055,1.143639202413382e-06,0.1106,BID
871,1712696250.699015,649766194610.9011,0.1055,4.1915955443917953e-05,0.1106,BID
872,1712696250.704134,649766291297.5839,0.1055,1.1904243459610893e-06,0.1106,BID
873,1712696250.777795,649766291297.5839,0.1055,0.0,0.1106,BID
874,1712696250.7828915,649774744408.037,0.1055,0.0001040746166232,0.1106,BID
875,1712696260.537812,649775028768.2266,0.1055,3.501039987241506e-06,0.1106,BID
876,1712696266.2977405,649775218341.6863,0.1055,2.334026658161004e-06,0.1106,BID
877,1712696271.4275718,649775318312.3024,0.1055,1.230837287734118e-06,0.1106,BID
878,1712696280.493751,649775318312.3024,0.1055,0.0,0.1106,BID
879,1712696282.0877244,649775507885.7621,0.1055,2.3339992912609536e-06,0.1106,BID
880,1712696282.0953152,649775597488.6057,0.1055,1.1031764353247387e-06,0.1106,BID
881,1712696283.7177205,649782047359.6958,0.1055,-7.940982126653573e-05,0.1106,ASK
882,1712696283.7252486,649785597488.6057,0.1054,-4.370864134672812e-05,0.1106,ASK
883,1712696288.4393148,649793635496.1171,0.1056,9.896271272715916e-05,0.1106,BID
884,1712696295.2175858,649793824890.0565,0.1056,2.331789065373833e-06,0.1106,BID
885,1712696310.2879448,649808022336.7877,0.1056,0.0001747967814579,0.1106,BID
886,1712696310.464671,649808022336.7877,0.1056,0.0,0.1106,BID
887,1712696340.7839134,649808022336.7877,0.1056,0.0,0.1106,BID
888,1712696341.437439,649811330127.9808,0.1056,4.0723285793218365e-05,0.1106,BID
889,1712696342.6676962,649811424914.7107,0.1055,-1.1669500473495188e-06,0.1106,ASK
890,1712696343.9274943,649811718605.469,0.1055,-3.6157217873979262e-06,0.1106,ASK
891,1712696344.0676425,649816325875.6975,0.1056,5.672159192906226e-05,0.1106,BID
892,1712696350.9277203,649816420662.4274,0.1055,-1.1669500473495188e-06,0.1106,ASK
893,1712696357.477822,649816515449.1572,0.1055,-1.1669500473495188e-06,0.1106,ASK
894,1712696360.9154856,649816610235.8871,0.1055,-1.1669500473495188e-06,0.1106,ASK
895,1712696370.7780192,649816610235.8871,0.1055,-0.0,0.1106,ASK
896,1712696388.4376516,649821571097.6295,0.1056,6.107408943008005e-05,0.1106,BID
897,1712696400.6536577,649821571097.6295,0.1056,0.0,0.1106,BID
898,1712696430.4973722,649821571097.6295,0.1056,0.0,0.1106,BID
899,1712696442.0273466,649831571097.6295,0.1056,0.0001233717842759,0.1106,BID
900,1712696444.697054,649832571097.6295,0.1056,1.2337178427590368e-05,0.1106,BID
901,1712696452.6078794,649838251887.203,0.1055,-7.008491457769582e-05,0.1106,ASK
902,1712696452.6166315,649840256462.0406,0.1055,-2.4730797443502672e-05,0.1106,ASK
903,1712696452.7083075,649848531793.1348,0.1055,-0.0001020942362554,0.1106,ASK
904,1712696453.9685397,649851013333.4191,0.1055,-3.061520526268412e-05,0.1106,ASK
905,1712696453.9777422,649851108120.1489,0.1055,-1.1694007988308691e-06,0.1106,ASK
906,1712696453.983707,649851294905.0424,0.1055,-2.3043985578566507e-06,0.1106,ASK
907,1712696454.067664,649851294905.0424,0.1055,-0.0,0.1106,ASK
908,1712696458.407133,649851405386.5975,0.1054,-1.3630306591612834e-06,0.1106,ASK
909,1712696460.7675412,649851405386.5975,0.1054,-0.0,0.1106,ASK
910,1712696476.8324451,649853882102.7848,0.1056,3.05545026294842e-05,0.1106,BID
911,1712696486.8590708,649891796794.728,0.1055,-0.0004677421501247,0.1106,ASK
912,1712696486.8680654,649891796794.728,0.1055,-0.0,0.1106,ASK
913,1712696490.7518058,649891796794.728,0.1055,-0.0,0.1106,ASK
914,1712696496.0775306,649891891581.4579,0.1055,1.1692939016152872e-06,0.1106,BID
915,1712696497.7594695,649894102404.0513,0.1055,2.7272819516601454e-05,0.1106,BID
916,1712696497.7667246,649894737881.2681,0.1055,7.839279140931394e-06,0.1106,BID
917,1712696501.3472717,649894832667.9979,0.1055,1.1692939016152872e-06,0.1106,BID
918,1712696504.587396,649895470602.8461,0.1055,7.869596605744517e-06,0.1106,BID
919,1712696515.237522,649896479786.7886,0.1055,1.2449344241982803e-05,0.1106,BID
920,1712696515.2474911,649896669360.2483,0.1055,2.3385878032305745e-06,0.1106,BID
921,1712696515.252777,649906003778.0887,0.1055,0.0001151498513798,0.1106,BID
922,1712696515.256855,649912772803.6764,0.1055,8.350304258135113e-05,0.1106,BID
923,1712696515.3373013,649912772803.6764,0.1055,-0.0,0.1106,ASK
924,1712696515.3452744,649942840282.9349,0.1055,-0.000370913947411,0.1106,ASK
925,1712696520.4734733,649942840282.9349,0.1055,-0.0,0.1106,ASK
926,1712696535.8974469,649943326930.6836,0.1055,6.002912504176737e-06,0.1106,BID
927,1712696535.9044764,649943788150.2335,0.1055,5.689249793234377e-06,0.1106,BID
928,1712696550.5007937,649943788150.2335,0.1055,0.0,0.1106,BID
929,1712696555.3973122,649946172458.2709,0.1055,2.9410954670173668e-05,0.1106,BID
930,1712696555.407471,649946362031.7306,0.1055,2.338429574975272e-06,0.1106,BID
931,1712696555.4586804,649946362031.7306,0.1055,-0.0,0.1106,ASK
932,1712696555.4673123,649957828239.1937,0.1055,-0.0001414381458493,0.1106,ASK
933,1712696566.3375316,649959829410.0369,0.1054,-2.468487461887749e-05,0.1106,ASK
934,1712696570.27731,649959893169.6263,0.1055,7.86488308781701e-07,0.1106,BID
935,1712696577.557291,649959987956.3562,0.1055,1.169214787487636e-06,0.1106,BID
936,1712696580.7394314,649959987956.3562,0.1055,0.0,0.1106,BID
937,1712696580.8784306,649960053243.358,0.1054,-8.053122945980053e-07,0.1106,ASK
938,1712696580.8905368,649960662308.823,0.1054,-7.512795708114723e-06,0.1106,ASK
939,1712696580.8946052,649962739609.8309,0.1054,-2.5623416520174937e-05,0.1106,ASK
940,1712696580.8987532,650055168788.7864,0.1054,-0.0011401098550219,0.1106,ASK
941,1712696580.9541528,650064646971.896,0.1054,-0.0001169129715648,0.1106,ASK
942,1712696580.964177,650096724192.4009,0.1054,-0.0003956711033531,0.1106,ASK
943,1712696580.9683092,650160520534.939,0.1054,-0.0007869250778164,0.1106,ASK
944,1712696595.5246866,650162032418.3756,0.1053,-1.864901565981504e-05,0.1106,ASK
945,1712696598.5571232,650205003546.8798,0.1053,-0.0005300469791321,0.1106,ASK
946,1712696599.4170496,650205193300.2004,0.1054,2.3405988603795446e-06,0.1106,BID
947,1712696606.497187,650344258986.6199,0.1053,-0.0017153691223267,0.1106,ASK
948,1712696606.5995712,650351609150.3552,0.1053,-9.066394622783047e-05,0.1106,ASK
949,1712696606.63708,650446575911.9553,0.1053,-0.001171410825276,0.1106,ASK
950,1712696606.6449697,650470683452.4552,0.1053,-0.0002973654512012,0.1106,ASK
951,1712696606.7170465,650476031066.0199,0.1053,-6.596257799605873e-05,0.1106,ASK
952,1712696606.7599282,650477242369.2002,0.1053,-1.494137142495529e-05,0.1106,ASK
953,1712696606.7673695,650486806344.5935,0.1053,-0.0001179712156088,0.1106,ASK
954,1712696606.771623,650488031450.851,0.1053,-1.5111631774169765e-05,0.1106,ASK
955,1712696606.7752929,650507432213.5393,0.1053,-0.0002393075540203,0.1106,ASK
956,1712696610.7972777,650507432213.5393,0.1053,-0.0,0.1106,ASK
957,1712696625.0570743,650507530625.8717,0.1053,1.2130489392518028e-06,0.1106,BID
958,1712696640.4529824,650507530625.8717,0.1053,0.0,0.1106,BID
959,1712696647.1873708,650509429011.9113,0.1053,2.339986078285944e-05,0.1106,BID
960,1712696649.5773702,650509911915.9949,0.1053,5.952365900674905e-06,0.1106,BID
961,1712696653.0336375,650510861583.6112,0.1053,1.1705780357213756e-05,0.1106,BID
962,1712696670.4670622,650510861583.6112,0.1053,0.0,0.1106,BID
963,1712696673.1971133,650525210504.7306,0.1052,-0.000176866716226,0.1106,ASK
964,1712696700.7675035,650525210504.7306,0.1052,-0.0,0.1106,ASK
965,1712696705.067877,650529522177.2688,0.1052,-5.324246308358965e-05,0.1106,ASK
966,1712696705.0761502,650534698170.7648,0.1052,-6.391548527586196e-05,0.1106,ASK
967,1712696730.776867,650534698170.7648,0.1052,-0.0,0.1106,ASK
968,1712696748.2776945,650536281724.421,0.1053,1.955418858900581e-05,0.1106,BID
969,1712696748.9577198,650537232294.7632,0.1053,1.173792353950922e-05,0.1106,BID
970,1712696752.597707,650538005610.0336,0.1053,9.549125522964625e-06,0.1106,BID
971,1712696752.605981,650572247792.0563,0.1053,0.0004228325843764,0.1106,BID
972,1712696752.917424,650588298424.2682,0.1053,-0.0001981979505435,0.1106,ASK
973,1712696755.6878445,650589722925.6927,0.1053,-1.7590164621972764e-05,0.1106,ASK
974,1712696757.7026312,650590530012.5339,0.1053,-9.966146860877018e-06,0.1106,ASK
975,1712696757.7065322,650594091994.7667,0.1053,-4.398440940458423e-05,0.1106,ASK
976,1712696760.4895988,650594091994.7667,0.1053,-0.0,0.1106,ASK
977,1712696762.7176492,650604570477.5237,0.1053,-0.0001293814102354,0.1106,ASK
978,1712696768.498006,650604620478.0768,0.1053,6.173739292941525e-07,0.1106,BID
979,1712696787.2505493,650612700778.0768,0.1052,-9.977022755808436e-05,0.1106,ASK
980,1712696790.4992976,650612700778.0768,0.1052,-0.0,0.1106,ASK
981,1712696796.809737,650614875792.3353,0.1052,-2.685499542390962e-05,0.1106,ASK
982,1712696796.818363,650629539970.092,0.1052,-0.0001810592390393,0.1106,ASK
983,1712696796.822719,650639539970.092,0.1052,-0.000123470433899,0.1106,ASK
984,1712696796.8264005,650698262410.5541,0.1052,-0.0007250485203456,0.1106,ASK
985,1712696811.1299157,650699212078.1704,0.1053,1.1725587264848428e-05,0.1106,BID
986,1712696811.138674,650721897260.0575,0.1052,0.0002800949250676,0.1106,BID
987,1712696811.1451046,650869978351.4443,0.1053,0.0018283636605773,0.1106,BID
988,1712696811.1487942,650878699257.6575,0.1052,0.0001076774074128,0.1106,BID
989,1712696820.7592285,650878699257.6575,0.1052,0.0,0.1106,BID
990,1712696822.3600848,650879174542.8286,0.1052,5.866338685385566e-06,0.1106,BID
991,1712696827.243769,650879528411.3489,0.1051,-4.367720088915172e-06,0.1106,ASK
992,1712696830.3946216,650880001448.2458,0.1051,-5.838588739586375e-06,0.1106,ASK
993,1712696830.860973,650880477185.6388,0.1051,-5.871920358055153e-06,0.1106,ASK
994,1712696830.8692424,650890073058.6168,0.1051,-0.0001184397163827,0.1106,ASK
995,1712696830.8742723,650890125575.9169,0.1051,-6.482093017710019e-07,0.1106,ASK
996,1712696830.8780327,650903055448.2458,0.1051,-0.0001595905255327,0.1106,ASK
997,1712696830.9840689,650903056419.2445,0.1051,-1.1984819498264653e-08,0.1106,ASK
998,1712696830.989888,650903556419.2445,0.105,-6.171388296507315e-06,0.1106,ASK
999,1712696830.9936512,650906705448.2458,0.105,-3.886776144849782e-05,0.1106,ASK
1000,1712696831.045739,650907705448.2458,0.105,-1.234277659301463e-05,0.1106,ASK
1201,1712696831.0603771,650910270704.9587,0.105,-3.166239051094006e-05,0.1106,ASK
1202,1712696831.061581,650911972494.6938,0.105,-2.100481050871645e-05,0.1106,ASK
1203,1712696831.062785,650926109448.2458,0.105,-0.0001744892593981,0.1106,ASK
1204,1712696831.859665,650931109448.2458,0.105,-6.171388296507315e-05,0.1106,ASK
1205,1712696841.7103612,650935101843.6831,0.1051,4.927724495302003e-05,0.1106,BID
1206,1712696850.739973,650935101843.6831,0.1051,0.0,0.1106,BID
1207,1712696852.0251658,650935158932.1702,0.1051,7.045789139558816e-07,0.1106,BID
1208,1712696857.3608563,650935212386.4457,0.105,-6.59725932955431e-07,0.1106,ASK
1209,1712696859.84085,650936212386.4457,0.105,-1.2341873996566411e-05,0.1106,ASK
1210,1712696859.8437312,650943652789.4033,0.105,-9.18285157868927e-05,0.1106,ASK
1211,1712696859.8464026,650950628006.4258,0.105,-8.608724958991805e-05,0.1106,ASK
1212,1712696862.59036,650977212386.4457,0.105,0.0003281010684824,0.1106,BID
1213,1712696880.4807017,650977212386.4457,0.105,0.0,0.1106,BID
1214,1712696880.5722558,650977307173.1755,0.105,-1.1697820402986626e-06,0.1106,ASK
1215,1712696885.371277,650980069529.3027,0.105,-3.40907908874126e-05,0.1106,ASK
1216,1712696885.373644,650980395316.0111,0.105,-4.020599096448138e-06,0.1106,ASK
1217,1712696893.4611845,650999406722.8552,0.1052,0.000234623584127,0.1106,BID
1218,1712696893.4640152,651001344603.7246,0.1052,2.3915776402785163e-05,0.1106,BID
1219,1712696910.516729,651001344603.7246,0.1052,0.0,0.1106,BID
1220,1712696911.961994,651001457328.3147,0.105,-1.3911131967324253e-06,0.1106,ASK
1221,1712696911.9648309,651006044603.7246,0.105,-5.661071248783722e-05,0.1106,ASK
1222,1712696913.0515854,651006092186.9786,0.1051,5.872160863096237e-07,0.1106,BID
1223,1712696918.5836425,651006567448.8721,0.1051,5.865118616467485e-06,0.1106,BID
1224,1712696924.7919798,651006934878.1824,0.105,-4.534376767570393e-06,0.1106,ASK
1225,1712696925.9118075,651007408363.0309,0.1049,-5.843188435660624e-06,0.1106,ASK
1226,1712696940.7519708,651007408363.0309,0.1049,-0.0,0.1106,ASK
1227,1712696941.5219164,651007484553.5071,0.105,9.402451055641534e-07,0.1106,BID
1228,1712696941.602161,651018176843.5659,0.1049,-0.0001319505258005,0.1106,ASK
1229,1712696945.2723553,651045230251.5735,0.1049,-0.0003338584523663,0.1106,ASK
1230,1712696945.275411,651095645472.3633,0.1049,-0.0006221599727427,0.1106,ASK
1231,1712696958.038772,651100445472.3633,0.1049,5.923544164602236e-05,0.1106,BID
1232,1712696962.0625205,651101398761.2098,0.1049,1.1764267883764104e-05,0.1106,BID
1233,1712696970.5629818,651101480393.326,0.1048,-1.00739884505298e-06,0.1106,ASK
1234,1712696970.789672,651101480393.326,0.1048,-0.0,0.1106,ASK
1235,1712696970.8231091,651101698761.2098,0.1048,-2.694488122753694e-06,0.1106,ASK
1236,1712696970.825355,651111001474.7188,0.1048,-0.0001147881759176,0.1106,ASK
1237,1712696970.82769,651130066369.7522,0.1048,-0.0002352458261618,0.1106,ASK
1238,1712696978.4526303,651134457905.0692,0.1048,-5.41880955524802e-05,0.1106,ASK
1239,1712696980.5427463,651138716234.0117,0.1048,-5.254443354610376e-05,0.1106,ASK
1240,1712696983.5556436,651138811562.8964,0.1049,1.1762835402825874e-06,0.1106,BID
1241,1712696995.0634089,651143476725.1101,0.1048,-5.75644364800368e-05,0.1106,ASK
1242,1712696995.0664425,651159551680.7385,0.1048,-0.0001983523229835,0.1106,ASK
1243,1712696995.0732958,651216204583.975,0.1048,-0.0006990523159421,0.1106,ASK
1244,1712696995.07565,651219996673.6697,0.1048,-4.679140753436839e-05,0.1106,ASK
1245,1712696996.3931673,651220473318.0929,0.1049,5.881417701412938e-06,0.1106,BID
1246,1712697000.533346,651220473318.0929,0.1049,0.0,0.1106,BID
1247,1712697008.2634578,651220549581.2007,0.1049,9.421920935404344e-07,0.1106,BID
1248,1712697021.4738946,651230027987.2335,0.1048,-0.0001171009087161,0.1106,ASK
1249,1712697027.1840632,651232167885.8717,0.1048,-2.643736449184545e-05,0.1106,ASK
1250,1712697027.1871898,651282953203.1367,0.1048,-0.0006274268880832,0.1106,ASK
1251,1712697027.1901717,651285815798.5565,0.1048,-3.536591741101047e-05,0.1106,ASK
1252,1712697028.5939822,651285882592.4497,0.1048,8.252047403292217e-07,0.1106,BID
1253,1712697028.833501,651290916820.3135,0.1048,6.219533701019201e-05,0.1106,BID
1254,1712697030.5198846,651290916820.3135,0.1048,0.0,0.1106,BID
1255,1712697042.0039418,651293942560.2952,0.1048,-3.73780767539781e-05,0.1106,ASK
1256,1712697043.5540493,651294037889.1798,0.1049,1.1776327075826112e-06,0.1106,BID
1257,1712697046.2443087,651294992087.6531,0.1048,-1.1787564029997454e-05,0.1106,ASK
1258,1712697046.2474751,651300312330.2036,0.1048,-6.572290930720376e-05,0.1106,ASK
1259,1712697046.2498298,651301382758.7299,0.1048,-1.3223396542916864e-05,0.1106,ASK
1260,1712697046.2576392,651305898348.5582,0.1048,-5.578273883931765e-05,0.1106,ASK
1261,1712697046.4839213,651316015709.9504,0.1048,0.0001249834793982,0.1106,BID
1262,1712697052.9758866,651317924106.897,0.1048,2.3575128059994907e-05,0.1106,BID
1263,1712697055.524065,651318411135.7819,0.1047,-6.016446605095304e-06,0.1106,ASK
1264,1712697059.244093,651319984528.5481,0.1047,-1.943669843952073e-05,0.1106,ASK
1265,1712697060.7848291,651319984528.5481,0.1047,-0.0,0.1106,ASK
1266,1712697061.2354603,651321849312.1245,0.1047,-2.303548927245344e-05,0.1106,ASK
1267,1712697061.241403,651324564439.6615,0.1047,-3.35397051124934e-05,0.1106,ASK
1268,1712697061.242854,651325519549.4991,0.1047,-1.1798378480684355e-05,0.1106,ASK
1269,1712697069.3045895,651330259285.9805,0.1048,5.854950153498146e-05,0.1106,BID
1270,1712697070.1846883,651339764989.4026,0.1048,-0.0001174230253723,0.1106,ASK
1271,1712697076.394497,651340762334.8557,0.1048,-1.2320110910964924e-05,0.1106,ASK
1272,1712697078.3246026,651340838597.9634,0.1049,9.420707157346544e-07,0.1106,BID
1273,1712697090.65497,651341704342.4028,0.1049,1.0694456450564326e-05,0.1106,BID
1274,1712697090.7750947,651341704342.4028,0.1049,0.0,0.1106,BID
1275,1712697097.4447277,651346470786.6355,0.1049,5.887776457874311e-05,0.1106,BID
1276,1712697100.775166,651347684957.2516,0.1048,-1.4998109324888212e-05,0.1106,ASK
1277,1712697109.755079,651353250774.6096,0.1048,-6.875206508211035e-05,0.1106,ASK
1278,1712697110.6548653,651392766074.6096,0.1049,0.0004881149169256,0.1106,BID
1279,1712697110.675212,651394760044.7676,0.1049,2.4630626061407343e-05,0.1106,BID
1280,1712697110.68488,651420261044.7676,0.1049,0.0003150025052706,0.1106,BID
1281,1712697110.6970017,651429388044.7676,0.1049,0.0001127417695621,0.1106,BID
1282,1712697110.7063203,651436686537.1713,0.1049,9.015502889533344e-05,0.1106,BID
1283,1712697110.7089145,651549277929.3676,0.1049,0.0013907913655832,0.1106,BID
1284,1712697110.714851,651550178830.2684,0.1049,1.1128427935273937e-05,0.1106,BID
1285,1712697110.7166045,651555568517.2317,0.1049,6.657640469198632e-05,0.1106,BID
1286,1712697110.9118044,651560320517.2317,0.105,5.8699341400181225e-05,0.1106,BID
1287,1712697111.744962,651575709543.8058,0.105,0.0001900937972831,0.1106,BID
1288,1712697120.5189693,651575709543.8058,0.105,0.0,0.1106,BID
1289,1712697136.4859295,651575776337.6989,0.1051,8.248251212727561e-07,0.1106,BID
1290,1712697136.4877288,651610157237.6454,0.1051,0.0004245632147788,0.1106,BID
1291,1712697136.6054084,651616693381.09,0.1051,8.071359613628159e-05,0.1106,BID
1292,1712697150.4860446,651616693381.09,0.1051,0.0,0.1106,BID
1293,1712697170.946016,651617246250.0571,0.1051,-6.8269109187171335e-06,0.1106,ASK
1294,1712697180.7941692,651617246250.0571,0.1051,-0.0,0.1106,ASK
1295,1712697210.7967002,651617246250.0571,0.1051,-0.0,0.1106,ASK
1296,1712697217.117021,651623799157.5356,0.1052,-8.091624991263483e-05,0.1106,ASK
1297,1712697217.3968525,651626694868.2579,0.1052,-3.575665507985982e-05,0.1106,ASK
1298,1712697217.4008317,651633313905.3948,0.1052,-8.173282850423288e-05,0.1106,ASK
1299,1712697233.5466857,651634263573.0111,0.1053,1.1726633166892292e-05,0.1106,BID
1300,1712697240.4703448,651634263573.0111,0.1053,0.0,0.1106,BID
1301,1712697240.6770666,651634717847.2985,0.1053,5.609320639176727e-06,0.1106,BID
1302,1712697245.577672,651635667514.9148,0.1053,1.1726373930798884e-05,0.1106,BID
1303,1712697245.9971688,651636266354.6927,0.1053,7.3943967764653955e-06,0.1106,BID
1304,1712697246.0006015,651647253346.857,0.1053,0.0001356659701537,0.1106,BID
1305,1712697246.0774007,651647374804.6698,0.1053,-1.4997454946966582e-06,0.1106,ASK
1306,1712697250.8973398,651647849638.4779,0.1053,-5.863186964645788e-06,0.1106,ASK
1307,1712697250.9008057,651648324472.2861,0.1053,-5.8631869661530965e-06,0.1106,ASK
1308,1712697270.506929,651648324472.2861,0.1053,-0.0,0.1106,ASK
1309,1712697271.4874203,651659507973.2349,0.1054,0.0001380899108042,0.1106,BID
1310,1712697295.6079528,651664315774.8472,0.1053,-5.9365032367887415e-05,0.1106,ASK
1311,1712697300.4993317,651664315774.8472,0.1053,-0.0,0.1106,ASK
1312,1712697326.647824,651665855774.8472,0.1053,-1.90343150135416e-05,0.1106,ASK
1313,1712697330.4998782,651665855774.8472,0.1053,-0.0,0.1106,ASK
1314,1712697335.6281002,651666330608.6553,0.1053,-5.868907900868807e-06,0.1106,ASK
1315,1712697335.632174,651670078097.8641,0.1053,-4.631866697543028e-05,0.1106,ASK
1316,1712697341.4079604,651673773722.788,0.1052,-4.567762855943274e-05,0.1106,ASK
1317,1712697341.4115176,651733663517.9451,0.1052,-0.0007402330794038,0.1106,ASK
1318,1712697360.7912974,651733663517.9451,0.1052,-0.0,0.1106,ASK
1319,1712697363.898226,651734924535.159,0.1051,-1.5584697783002056e-05,0.1106,ASK
1320,1712697369.3382783,651744924535.159,0.1051,-0.0001235883032373,0.1106,ASK
1321,1712697371.5681517,651754439283.0183,0.1051,-0.0001175911543656,0.1106,ASK
1322,1712697390.7691145,651754439283.0183,0.1051,-0.0,0.1106,ASK
1323,1712697395.7644117,651754486821.041,0.1052,5.874985023546002e-07,0.1106,BID
1324,1712697400.1786728,651781083952.0721,0.1051,-0.0003287005592272,0.1106,ASK
1325,1712697406.0584152,651790589655.4943,0.1052,0.000117476205499,0.1106,BID
1326,1712697407.118701,651793917747.1018,0.1051,-4.113020954323616e-05,0.1106,ASK
1327,1712697407.1223562,651794094815.3112,0.1051,-2.1882969019022243e-06,0.1106,ASK
1328,1712697420.51855,651794094815.3112,0.1051,-0.0,0.1106,ASK
1329,1712697437.008772,651796463199.3416,0.1052,2.9268158623377262e-05,0.1106,BID
1330,1712697450.49886,651796463199.3416,0.1052,0.0,0.1106,BID
1331,1712697469.2591536,651801212022.6486,0.1052,5.8685113601465736e-05,0.1106,BID
1332,1712697475.615491,651804502622.829,0.1051,-4.0664651624333176e-05,0.1106,ASK
1333,1712697475.618098,651810692048.0327,0.1051,-7.648781555486529e-05,0.1106,ASK
1334,1712697475.6197278,651815743680.1615,0.1051,-6.242717115060837e-05,0.1106,ASK
1335,1712697475.6213522,651823095554.5668,0.1051,-9.0853155985102e-05,0.1106,ASK
1336,1712697475.6990175,651843560612.5278,0.1051,-0.0002529035455021,0.1106,ASK
1337,1712697480.77059,651843560612.5278,0.1051,-0.0,0.1106,ASK
1338,1712697489.549258,651844545070.9387,0.1051,1.216501769330496e-05,0.1106,BID
1339,1712697489.552994,651856515384.5609,0.1051,0.0001479179571201,0.1106,BID
1340,1712697496.4991038,651866830046.6216,0.1051,-0.0001274589612731,0.1106,ASK
1341,1712697510.7698336,651866830046.6216,0.1051,-0.0,0.1106,ASK
1342,1712697519.6393726,651872846185.3412,0.1051,-7.433957746166962e-05,0.1106,ASK
1343,1712697540.4999554,651872846185.3412,0.1051,-0.0,0.1106,ASK
1344,1712697543.22967,651879800461.721,0.1052,8.593118486028696e-05,0.1106,BID
1345,1712697543.2340934,651882628580.7784,0.1052,3.494592510642704e-05,0.1106,BID
1346,1712697545.5509732,651882723637.8126,0.1052,1.1745813842167676e-06,0.1106,BID
1347,1712697552.1996872,651889524046.8772,0.1051,-8.402990858319713e-05,0.1106,ASK
1348,1712697570.521648,651889524046.8772,0.1051,-0.0,0.1106,ASK
1349,1712697586.740558,651892474713.4631,0.1052,3.645940530101152e-05,0.1106,BID
1350,1712697586.744747,651895221775.014,0.1052,3.3943594626563785e-05,0.1106,BID
1351,1712697591.9599628,651909621533.3098,0.1052,0.0001779281422185,0.1106,BID
1352,1712697600.5482855,651909621533.3098,0.1052,0.0,0.1106,BID
1353,1712697605.1601608,651909716590.344,0.1052,1.1759869447042506e-06,0.1106,BID
1354,1712697630.5033178,651909716590.344,0.1052,0.0,0.1106,BID
1355,1712697632.586315,651910002032.7798,0.1051,-3.531317164729265e-06,0.1106,ASK
1356,1712697632.5916767,651919536097.3447,0.1051,-0.0001179495464804,0.1106,ASK
1357,1712697632.6806767,651924440543.7795,0.1051,-6.067477609193192e-05,0.1106,ASK
1358,1712697632.6844437,651928955697.7253,0.1051,-5.585869033809311e-05,0.1106,ASK
1359,1712697632.780561,651933565999.1498,0.1051,-5.7035796060172925e-05,0.1106,ASK
1360,1712697632.7843337,651934599786.0194,0.1051,-1.278937137456699e-05,0.1106,ASK
1361,1712697633.4601977,651944599786.0194,0.1051,-0.0001237138113309,0.1106,ASK
1362,1712697635.5142658,651947570057.448,0.105,-3.6746359911811424e-05,0.1106,ASK
1363,1712697635.5161085,651948922748.8866,0.105,-1.6734661342376427e-05,0.1106,ASK
1364,1712697660.5506856,651948922748.8866,0.105,-0.0,0.1106,ASK
1365,1712697675.0205984,651951247657.448,0.105,-2.8760863920835863e-05,0.1106,ASK
1366,1712697675.0229514,651962086411.2914,0.105,-0.0001340835203312,0.1106,ASK
1367,1712697676.350661,651965538494.9224,0.1052,4.270486556002749e-05,0.1106,BID
1368,1712697676.35459,651983927676.9703,0.1052,0.0002274879843783,0.1106,BID
1369,1712697690.5038643,651983927676.9703,0.1052,0.0,0.1106,BID
1370,1712697697.7105894,651989573393.0118,0.105,-6.983856570459788e-05,0.1106,ASK
1371,1712697701.4407885,651991477203.0116,0.105,-2.3550486560001047e-05,0.1106,ASK
1372,1712697701.4439025,652024542634.0433,0.105,-0.0004090255798706,0.1106,ASK
1373,1712697701.446916,652024691659.7577,0.105,-1.843476020964849e-06,0.1106,ASK
1374,1712697711.070832,652025244528.7249,0.1051,6.839092757305412e-06,0.1106,BID
1375,1712697711.0749722,652068415753.9427,0.1051,0.0005340361482517,0.1106,BID
1376,1712697720.775542,652068415753.9427,0.1051,0.0,0.1106,BID
1377,1712697737.8606236,652071339948.5753,0.1049,-3.616886464430604e-05,0.1106,ASK
1378,1712697740.2908845,652096339948.5753,0.105,-0.0003092207358692,0.1106,ASK
1379,1712697740.3908162,652099911377.1467,0.105,-4.417439083824624e-05,0.1106,ASK
1380,1712697743.360767,652102761412.9009,0.1049,-3.525160612608039e-05,0.1106,ASK
1381,1712697750.0528135,652104683328.971,0.1049,-2.3771852058617737e-05,0.1106,ASK
1382,1712697750.7707975,652104683328.971,0.1049,-0.0,0.1106,ASK
1383,1712697756.1013603,652116641472.4155,0.1049,-0.0001479012716317,0.1106,ASK
1384,1712697756.118209,652121970472.4155,0.1049,-6.591038819514358e-05,0.1106,ASK
1385,1712697756.1255438,652127407182.5142,0.1049,-6.724257329805704e-05,0.1106,ASK
1386,1712697756.1273885,652131084472.4155,0.1049,-4.548162974389051e-05,0.1106,ASK
1387,1712697756.1605928,652131084609.7681,0.1049,-1.69881012745318e-09,0.1106,ASK
1388,1712697756.261079,652133865865.3192,0.1048,-3.439925559129802e-05,0.1106,ASK
1389,1712697757.1109414,652142757802.342,0.1048,-0.0001099776732935,0.1106,ASK
1390,1712697767.5914211,652147528794.7085,0.1048,-5.900881196267984e-05,0.1106,ASK
1391,1712697767.5955284,652147578191.4084,0.1048,-6.109505853519924e-07,0.1106,ASK
1392,1712697767.5987115,652193323903.8859,0.1048,-0.0005657942705291,0.1106,ASK
1393,1712697773.3311296,652199981200.4889,0.1048,8.233908865373294e-05,0.1106,BID
1394,1712697773.3352692,652200698424.8212,0.1048,8.87080768685938e-06,0.1106,BID
1395,1712697776.5211682,652204727514.7012,0.1047,-4.983277876979664e-05,0.1106,ASK
1396,1712697776.5239277,652209401645.0127,0.1048,-5.7810798143591126e-05,0.1106,ASK
1397,1712697780.5146327,652209401645.0127,0.1048,-0.0,0.1106,ASK
1398,1712697783.221091,652239002332.4904,0.1049,0.0003660589165537,0.1106,BID
1399,1712697783.2252676,652243279882.2914,0.1049,5.289861077887497e-05,0.1106,BID
1400,1712697783.2410803,652262115873.0038,0.1049,-0.0002329365612741,0.1106,ASK
1401,1712697800.3988354,652262421074.5782,0.1049,-3.774296045072848e-06,0.1106,ASK
1402,1712697806.0116258,652263401293.5782,0.105,1.2121944985100658e-05,0.1106,BID
1403,1712697810.5013835,652263401293.5782,0.105,0.0,0.1106,BID
1404,1712697817.091364,652266484777.7974,0.105,3.812944642256332e-05,0.1106,BID
1405,1712697817.0947385,652298071312.8237,0.105,0.0003905896736865,0.1106,BID
1406,1712697820.1511428,652329049897.8475,0.105,-0.0003830719452329,0.1106,ASK
1407,1712697832.7015693,652330002278.7999,0.105,1.177685887704361e-05,0.1106,BID
1408,1712697840.7802534,652330002278.7999,0.105,0.0,0.1106,BID
1409,1712697852.6513703,652339933979.6162,0.105,0.0001228018316238,0.1106,BID
1410,1712697868.0112722,652341677088.8271,0.105,2.155290496392073e-05,0.1106,BID
1411,1712697870.7714183,652341677088.8271,0.105,0.0,0.1106,BID
1412,1712697880.0316398,652342446298.8168,0.105,9.510854750719995e-06,0.1106,BID
1413,1712697880.0357676,652346840522.8134,0.105,5.433214172640637e-05,0.1106,BID
1414,1712697900.484363,652346840522.8134,0.105,0.0,0.1106,BID
1415,1712697904.071838,652356360130.2788,0.1051,-0.0001179153096801,0.1106,ASK
1416,1712697912.291654,652359519556.3939,0.105,-3.913446117678165e-05,0.1106,ASK
1417,1712697912.7315795,652364709336.0591,0.1051,6.42835829743972e-05,0.1106,BID
1418,1712697912.7349665,652378815122.6926,0.1051,0.0001747223512327,0.1106,BID
1419,1712697930.516614,652378815122.6926,0.1051,0.0,0.1106,BID
1420,1712697939.20209,652392729134.1777,0.1051,0.0001723397413742,0.1106,BID
1421,1712697939.206373,652398129984.7668,0.1051,6.689524402970853e-05,0.1106,BID
1422,1712697960.7616322,652398129984.7668,0.1051,0.0,0.1106,BID
1423,1712697969.1436794,652399412629.8667,0.1051,1.588651605970793e-05,0.1106,BID
1424,1712697971.7770846,652407212841.4052,0.1051,9.661143670130672e-05,0.1106,BID
1425,1712697971.7813582,652408166130.2517,0.1051,1.180719325408689e-05,0.1106,BID
1426,1712697971.785522,652437237029.3185,0.1051,0.0003600647637816,0.1106,BID
1427,1712697981.7449725,652464998771.1443,0.1051,-0.0003438498750835,0.1106,ASK
1428,1712697981.746993,652525543252.001,0.105,-0.0007498885448253,0.1106,ASK
1429,1712697981.7489765,652526960144.858,0.105,-1.7549274644304143e-05,0.1106,ASK
1430,1712697981.9108202,652528968179.5505,0.105,2.487100710443809e-05,0.1106,BID
1431,1712697990.7830968,652528968179.5505,0.105,0.0,0.1106,BID
1432,1712698020.5344925,652528968179.5505,0.105,0.0,0.1106,BID
1433,1712698050.4779904,652528968179.5505,0.105,0.0,0.1106,BID
1434,1712698051.622377,652529432225.5911,0.1049,-5.746577973946525e-06,0.1106,ASK
1435,1712698051.6266365,652561828057.8893,0.1049,-0.0004011782454194,0.1106,ASK
1436,1712698057.6625872,652568378106.3282,0.105,8.111342582486758e-05,0.1106,BID
1437,1712698057.6672025,652627476662.1586,0.105,0.0007318550953276,0.1106,BID
1438,1712698070.622608,652635768667.0726,0.1049,-0.0001026851834461,0.1106,ASK
1439,1712698070.6320689,652645301555.5378,0.1049,-0.0001180518355894,0.1106,ASK
1440,1712698076.6423202,652692918414.4105,0.1049,0.0005896699217071,0.1106,BID
1441,1712698079.7222974,652846070236.974,0.1049,0.0018965766612573,0.1106,BID
1442,1712698080.8022635,652846070236.974,0.1049,0.0,0.1106,BID
1443,1712698110.7626834,652846070236.974,0.1049,0.0,0.1106,BID
1444,1712698114.862469,652848377517.2013,0.1048,-2.8560754732552592e-05,0.1106,ASK
1445,1712698119.323078,652849921360.4755,0.1049,1.9110521807211747e-05,0.1106,BID
1446,1712698120.342537,652859660086.497,0.1049,0.0001205511849045,0.1106,BID
1447,1712698120.4622924,652887308857.8953,0.1049,0.000342251352576,0.1106,BID
1448,1712698123.7523654,652887404186.7799,0.1049,-1.1800321699217451e-06,0.1106,ASK
1449,1712698140.512319,652887404186.7799,0.1049,-0.0,0.1106,ASK
1450,1712698170.4929376,652888739711.1765,0.105,-1.653095156682722e-05,0.1106,ASK
1451,1712698170.4983602,652889243053.4465,0.1049,-6.23030676816734e-06,0.1106,ASK
1452,1712698170.5086017,652889243053.4465,0.1049,-0.0,0.1106,ASK
1453,1712698200.6422982,652889243053.4465,0.1049,-0.0,0.1106,ASK
1454,1712698204.983104,652891296280.5392,0.105,-2.547689249159488e-05,0.1106,ASK
1455,1712698204.9877322,652899449217.97,0.1049,-0.0001011634373802,0.1106,ASK
1456,1712698206.9729905,652904602662.3087,0.1051,6.394506864317953e-05,0.1106,BID
1457,1712698207.0525832,652905981602.8195,0.1049,-1.7110196563361254e-05,0.1106,ASK
1458,1712698209.9833126,652906123648.274,0.1049,-1.762531182477265e-06,0.1106,ASK
1459,1712698210.1226258,652906265693.7285,0.1049,-1.76253118096259e-06,0.1106,ASK
1460,1712698230.4952104,652906265693.7285,0.1049,-0.0,0.1106,ASK
1461,1712698234.7729895,652908538961.4376,0.1049,-2.820657935695388e-05,0.1106,ASK
1462,1712698234.7760303,652909820562.9406,0.1049,-1.5902040200354115e-05,0.1106,ASK
1463,1712698245.292974,652921873476.7614,0.1049,-0.0001495518846315,0.1106,ASK
1464,1712698259.5429783,652921972096.0907,0.1049,-1.223663155982872e-06,0.1106,ASK
1465,1712698260.7527702,652921972096.0907,0.1049,-0.0,0.1106,ASK
1466,1712698264.8428802,652922923570.8767,0.1051,1.18056049034361e-05,0.1106,BID
1467,1712698270.2628615,652926729470.0204,0.1051,4.7222419609200565e-05,0.1106,BID
1468,1712698274.192943,652931256359.763,0.1051,5.61682479953844e-05,0.1106,BID
1469,1712698290.7627563,652931256359.763,0.1051,0.0,0.1106,BID
1470,1712698319.2630863,652940815652.4286,0.1051,0.0001186073112122,0.1106,BID
1471,1712698320.5132537,652940815652.4286,0.1051,0.0,0.1106,BID
1472,1712698350.5073571,652940815652.4286,0.1051,0.0,0.1106,BID
1473,1712698366.85305,652940910799.9072,0.1051,1.180531481707007e-06,0.1106,BID
1474,1712698380.4835465,652951597893.1517,0.1051,0.0001325988896786,0.1106,BID
1475,1712698380.5429394,652951597893.1517,0.1051,0.0,0.1106,BID
1476,1712698387.9833434,652952027916.009,0.1051,5.3353845053797255e-06,0.1106,BID
1477,1712698403.30329,652963041840.5713,0.105,0.0001366520905932,0.1106,BID
1478,1712698403.40328,652963041840.5713,0.105,0.0,0.1106,BID
1479,1712698410.5173151,652963041840.5713,0.105,0.0,0.1106,BID
1480,1712698425.363186,652972556588.4305,0.105,-0.0001180497282559,0.1106,ASK
1481,1712698425.4434247,652973936786.1816,0.105,1.7124149989762663e-05,0.1106,BID
1482,1712698425.4480937,652978623974.2489,0.1051,5.815406627790021e-05,0.1106,BID
1483,1712698425.4527042,652982915650.3677,0.1051,5.3246939075851055e-05,0.1106,BID
1484,1712698425.643613,652984105553.1617,0.1051,1.4763155426552644e-05,0.1106,BID
1485,1712698425.65236,652984295848.1189,0.1051,2.3609945647245474e-06,0.1106,BID
1486,1712698433.95325,652984295848.1189,0.1051,0.0,0.1106,BID
1487,1712698440.7836494,652984295848.1189,0.1051,0.0,0.1106,BID
1488,1712698470.7643542,652984295848.1189,0.1051,0.0,0.1106,BID
1489,1712698489.1737745,653008087453.121,0.1051,-0.0002951748955874,0.1106,ASK
1490,1712698489.1796362,653010144778.407,0.1051,-2.552458215554301e-05,0.1106,ASK
1491,1712698491.823359,653030144778.407,0.1052,0.0002481336551794,0.1106,BID
1492,1712698500.5434852,653030144778.407,0.1052,0.0,0.1106,BID
1493,1712698508.723641,653030827675.5463,0.1051,-8.49107826740463e-06,0.1106,ASK
1494,1712698530.519747,653030827675.5463,0.1051,-0.0,0.1106,ASK
1495,1712698538.2734911,653030922823.0249,0.1051,-1.1830536703149567e-06,0.1106,ASK
