,time,acc_trade_volume,trade_price,dev,high,ask_bid
0,1712689619.1591723,26612773.90125767,1133.0,0.0,1222.0,ASK
1,1712689620.6517253,26612773.90125767,1133.0,-0.0,1222.0,ASK
2,1712689650.6721663,26612773.90125767,1133.0,-0.0,1222.0,ASK
3,1712689662.631928,26612985.72826561,1133.0,-6.080152507044082e-09,1222.0,ASK
4,1712689680.6840937,26612985.72826561,1133.0,-0.0,1222.0,ASK
5,1712689682.272163,26613073.94541034,1133.0,2.5321133691654874e-09,1222.0,BID
6,1712689708.911962,26613227.84541034,1132.0,-4.417420771179711e-09,1222.0,ASK
7,1712689710.672191,26613227.84541034,1132.0,-0.0,1222.0,ASK
8,1712689726.982093,26613374.39867244,1132.0,-4.206512862740118e-09,1222.0,ASK
9,1712689741.032125,26613374.39867244,1132.0,-0.0,1222.0,ASK
10,1712689771.0121307,26613374.39867244,1132.0,-0.0,1222.0,ASK
11,1712689790.9220607,26613925.50420246,1132.0,-1.5818286326076353e-08,1222.0,ASK
12,1712689800.6739314,26613925.50420246,1132.0,-0.0,1222.0,ASK
13,1712689830.6639187,26613925.50420246,1132.0,-0.0,1222.0,ASK
14,1712689840.196879,26614009.97720246,1132.0,-2.424934920441771e-09,1222.0,ASK
15,1712689845.982331,26614892.95820246,1132.0,-2.5347406401502242e-08,1222.0,ASK
16,1712689846.0645232,26615049.36525654,1132.0,-4.4899189947152215e-09,1222.0,ASK
17,1712689846.1619976,26615164.86069404,1132.0,-3.315484468877637e-09,1222.0,ASK
18,1712689848.052348,26616164.86069404,1132.0,-2.8706627211161026e-08,1222.0,ASK
19,1712689848.0538929,26619964.74628529,1132.0,-1.0908189911307349e-07,1222.0,ASK
20,1712689861.011973,26619964.74628529,1132.0,-0.0,1222.0,ASK
21,1712689866.9530091,26620402.95837994,1131.0,-1.25771229723629e-08,1222.0,ASK
22,1712689866.9545968,26624949.74628529,1131.0,-1.304973352243055e-07,1222.0,ASK
23,1712689891.0020795,26624949.74628529,1131.0,-0.0,1222.0,ASK
24,1712689920.6520004,26624949.74628529,1131.0,-0.0,1222.0,ASK
25,1712689934.652172,26625205.23081178,1131.0,-7.331473662440893e-09,1222.0,ASK
26,1712689950.6821942,26625205.23081178,1131.0,-0.0,1222.0,ASK
27,1712689954.8522832,26625692.26884596,1131.0,-1.3976098519935968e-08,1222.0,ASK
28,1712689969.03226,26625696.68190862,1133.0,1.2663774521982038e-10,1222.0,BID
29,1712689981.0119643,26625696.68190862,1133.0,0.0,1222.0,BID
30,1712690006.492199,26627391.89954038,1131.0,-4.8645380999034e-08,1222.0,ASK
31,1712690011.0622325,26627391.89954038,1131.0,-0.0,1222.0,ASK
32,1712690040.6421514,26627391.89954038,1131.0,-0.0,1222.0,ASK
33,1712690070.6519942,26627391.89954038,1131.0,-0.0,1222.0,ASK
34,1712690096.2021518,26627397.6469728,1131.0,-1.6491726684141758e-10,1222.0,ASK
35,1712690098.321932,26627497.6469728,1132.0,2.8694076717321907e-09,1222.0,BID
36,1712690100.692021,26627497.6469728,1132.0,0.0,1222.0,BID
37,1712690102.762109,26627507.6469728,1132.0,2.8706919127792594e-10,1222.0,BID
38,1712690108.6125176,26628266.6602555,1132.0,2.1788932923321773e-08,1222.0,BID
39,1712690108.614497,26628478.48726344,1132.0,6.080900786070452e-09,1222.0,BID
40,1712690108.6932695,26628643.84149449,1132.0,4.746810538144044e-09,1222.0,BID
41,1712690108.6949391,26632921.03281989,1132.0,1.2278498547235456e-07,1222.0,BID
42,1712690108.696668,26632936.52818325,1132.0,4.4482414289252684e-10,1222.0,BID
43,1712690130.6319509,26632936.52818325,1132.0,0.0,1222.0,BID
44,1712690160.2039678,26633002.2874425,1134.0,1.8874121500285754e-09,1222.0,BID
45,1712690161.022061,26633002.2874425,1134.0,0.0,1222.0,BID
46,1712690162.072174,26633270.7842805,1133.0,7.706338475015203e-09,1222.0,BID
47,1712690162.271959,26633287.1874425,1133.0,4.708000264185926e-10,1222.0,BID
48,1712690185.4123647,26633331.31806915,1134.0,1.266627751011168e-09,1222.0,BID
49,1712690191.072039,26633331.31806915,1134.0,0.0,1222.0,BID
50,1712690220.672291,26633331.31806915,1134.0,0.0,1222.0,BID
51,1712690231.0322711,26633401.98944724,1132.0,-2.028372982724185e-09,1222.0,ASK
52,1712690231.0340643,26643031.494436,1132.0,-2.763810227538445e-07,1222.0,ASK
53,1712690233.0824118,26643129.794436,1134.0,2.821355258512411e-09,1222.0,BID
54,1712690233.0841029,26643913.32865116,1134.0,2.248858980822481e-08,1222.0,BID
55,1712690250.7220829,26643913.32865116,1134.0,0.0,1222.0,BID
56,1712690257.582647,26644361.14465116,1134.0,-1.2848562821788494e-08,1222.0,ASK
57,1712690259.12199,26644403.26905116,1134.0,-1.208616931381807e-09,1222.0,ASK
58,1712690259.7947028,26644848.33905116,1134.0,-1.2769775655853749e-08,1222.0,ASK
59,1712690262.1634517,26645697.12805116,1134.0,-2.4353124472913168e-08,1222.0,ASK
60,1712690269.7119849,26645857.86215119,1134.0,-4.611720398168563e-09,1222.0,ASK
61,1712690272.5881896,26645972.50340625,1134.0,-3.289242384343214e-09,1222.0,ASK
62,1712690272.6220825,26646086.62200086,1134.0,-3.274246413642441e-09,1222.0,ASK
63,1712690276.692582,26646157.50871396,1134.0,-2.033854052842643e-09,1222.0,ASK
64,1712690281.0020545,26646157.50871396,1134.0,-0.0,1222.0,ASK
65,1712690282.30226,26647004.71671396,1134.0,-2.4305988277325164e-08,1222.0,ASK
66,1712690283.2027955,26648390.16671396,1134.0,-3.9747891260209456e-08,1222.0,ASK
67,1712690300.81225,26648390.16903916,1134.0,-6.670885174516085e-14,1222.0,ASK
68,1712690304.3825722,26648544.72828867,1134.0,-4.4342302087781035e-09,1222.0,ASK
69,1712690304.9020555,26648923.01328867,1134.0,-1.085281391994106e-08,1222.0,ASK
70,1712690305.6124396,26649049.9223908,1134.0,-3.6409608368572284e-09,1222.0,ASK
71,1712690305.752054,26649902.37868538,1134.0,-2.4456559313664572e-08,1222.0,ASK
72,1712690308.3824277,26650155.90568538,1134.0,-7.273567164088449e-09,1222.0,ASK
73,1712690310.3732038,26650699.86168538,1134.0,-1.5605834882788694e-08,1222.0,ASK
74,1712690310.77431,26650893.46391414,1134.0,-5.554354423847416e-09,1222.0,ASK
75,1712690310.8319478,26651463.85882566,1134.0,-1.6364354483015063e-08,1222.0,ASK
76,1712690311.0119166,26651463.85882566,1134.0,-0.0,1222.0,ASK
77,1712690328.9621918,26651538.42182566,1133.0,-2.1388072165390035e-09,1222.0,ASK
78,1712690340.652166,26651538.42182566,1133.0,-0.0,1222.0,ASK
79,1712690370.688254,26651538.42182566,1133.0,-0.0,1222.0,ASK
80,1712690400.7422438,26651538.42182566,1133.0,-0.0,1222.0,ASK
81,1712690426.7124248,26651554.72182566,1135.0,4.685228012376891e-10,1222.0,BID
82,1712690426.7144666,26651774.19761791,1136.0,6.308552943855611e-09,1222.0,BID
83,1712690430.6622188,26651774.19761791,1136.0,0.0,1222.0,BID
84,1712690461.0138166,26651774.19761791,1136.0,0.0,1222.0,BID
85,1712690491.0322442,26651774.19761791,1136.0,0.0,1222.0,BID
86,1712690492.8621776,26651950.25395593,1136.0,5.060476911747682e-09,1222.0,BID
87,1712690499.1322043,26653133.3763032,1136.0,3.4007087671332e-08,1222.0,BID
88,1712690502.2826483,26653140.9057032,1134.0,-2.1642137556783006e-10,1222.0,ASK
89,1712690520.6720536,26653140.9057032,1134.0,-0.0,1222.0,ASK
90,1712690550.652244,26653140.9057032,1134.0,-0.0,1222.0,ASK
91,1712690581.012238,26653140.9057032,1134.0,-0.0,1222.0,ASK
92,1712690596.0593245,26653332.52351207,1135.0,-5.507522407378596e-09,1222.0,ASK
93,1712690611.0121677,26653332.52351207,1135.0,-0.0,1222.0,ASK
94,1712690640.6620924,26653332.52351207,1135.0,-0.0,1222.0,ASK
95,1712690664.4927096,26653420.47425965,1137.0,2.527884479877697e-09,1222.0,BID
96,1712690666.2826438,26654215.13604517,1137.0,2.2840206020504865e-08,1222.0,BID
97,1712690666.2849233,26654299.90717861,1138.0,2.4364958623580915e-09,1222.0,BID
98,1712690670.672111,26654299.90717861,1138.0,0.0,1222.0,BID
99,1712690701.0219374,26654299.90717861,1138.0,0.0,1222.0,BID
100,1712690708.8323565,26654343.84390971,1138.0,1.2636924767379344e-09,1222.0,BID
101,1712690731.0618744,26654343.84390971,1138.0,0.0,1222.0,BID
102,1712690734.3421395,26654431.71737192,1138.0,2.52738131910848e-09,1222.0,BID
103,1712690736.852177,26654681.14868587,1138.0,7.174043533073812e-09,1222.0,BID
104,1712690736.8544805,26655310.45199406,1138.0,1.8099769659939604e-08,1222.0,BID
105,1712690741.0622072,26655881.14868587,1138.0,1.6414149636475004e-08,1222.0,BID
106,1712690741.071894,26658057.32756523,1138.0,6.259038518070687e-08,1222.0,BID
107,1712690742.5128589,26659161.32756523,1138.0,3.175280575270144e-08,1222.0,BID
108,1712690742.5153966,26660040.06218738,1139.0,2.5273813193227712e-08,1222.0,BID
109,1712690742.5176406,26660732.53793017,1138.0,1.9916709917732933e-08,1222.0,BID
110,1712690742.519999,26661818.53793017,1139.0,3.1235096963255224e-08,1222.0,BID
111,1712690742.5223477,26677997.66973017,1139.0,4.6533770769280906e-07,1222.0,BID
112,1712690742.524517,26678247.10104412,1138.0,7.174043532966667e-09,1222.0,BID
113,1712690742.525629,26681017.10104412,1139.0,7.966963037589038e-08,1222.0,BID
114,1712690742.631808,26682019.10104412,1139.0,-2.88191226125062e-08,1222.0,ASK
115,1712690742.6521418,26682903.06697763,1139.0,-2.5424274075036592e-08,1222.0,ASK
116,1712690742.6918662,26684135.85497763,1139.0,-3.5456954617955166e-08,1222.0,ASK
117,1712690742.731851,26684738.14608445,1139.0,-1.7322855544781157e-08,1222.0,ASK
118,1712690742.772196,26684867.32797251,1139.0,-3.715477715849379e-09,1222.0,ASK
119,1712690743.214491,26685176.97097251,1139.0,-8.90582792722747e-09,1222.0,ASK
120,1712690743.4317768,26686023.27321615,1139.0,-2.4341006114543493e-08,1222.0,ASK
121,1712690744.3117692,26687945.18321615,1139.0,-5.52772055291478e-08,1222.0,ASK
122,1712690744.741848,26688822.68221615,1139.0,-2.5238274723845484e-08,1222.0,ASK
123,1712690746.3628733,26689700.04021615,1139.0,-2.5234219338467014e-08,1222.0,ASK
124,1712690746.7624278,26689962.00182874,1139.0,-7.534434963065052e-09,1222.0,ASK
125,1712690749.0727684,26690125.35812517,1139.0,-4.69838835955131e-09,1222.0,ASK
126,1712690749.2141795,26690642.30512517,1139.0,-1.4868222532121036e-08,1222.0,ASK
127,1712690750.7425375,26691372.67612517,1139.0,-2.100663812534917e-08,1222.0,ASK
128,1712690752.3256524,26692250.07112517,1139.0,-2.5235283517551893e-08,1222.0,ASK
129,1712690752.7621095,26692667.51043589,1139.0,-1.20062222345099e-08,1222.0,ASK
130,1712690753.8922708,26692700.79103589,1139.0,-9.572032854518516e-10,1222.0,ASK
131,1712690757.102144,26693052.16278456,1139.0,-1.010601348055729e-08,1222.0,ASK
132,1712690758.1023417,26693929.51978456,1139.0,-2.5234190576702168e-08,1222.0,ASK
133,1712690760.493847,26694806.87778456,1139.0,-2.5234219338467014e-08,1222.0,ASK
134,1712690760.623941,26694806.87778456,1139.0,-0.0,1222.0,ASK
135,1712690761.2324362,26696120.0452619,1140.0,3.771880513749664e-08,1222.0,BID
136,1712690761.2345457,26696999.8602407,1140.0,2.5271391741797664e-08,1222.0,BID
137,1712690763.7825632,26697456.0908973,1140.0,1.3104554849947828e-08,1222.0,BID
138,1712690763.965335,26697648.96191894,1139.0,-5.539936533176458e-09,1222.0,ASK
139,1712690763.9704747,26698526.31991894,1139.0,-2.5200818638134466e-08,1222.0,ASK
140,1712690764.0421703,26698678.361785,1140.0,4.367179067021907e-09,1222.0,BID
141,1712690764.0443563,26698789.47781367,1140.0,3.1916445582066406e-09,1222.0,BID
142,1712690764.1420507,26699495.57503065,1139.0,-2.028160443742233e-08,1222.0,ASK
143,1712690764.4050531,26699663.86030793,1139.0,-4.833747172896507e-09,1222.0,ASK
144,1712690766.3118017,26699788.81767722,1139.0,-3.589216717660286e-09,1222.0,ASK
145,1712690766.451982,26699916.03492866,1139.0,-3.6541285099479917e-09,1222.0,ASK
146,1712690767.2518847,26700087.8583072,1139.0,-4.9353739298880755e-09,1222.0,ASK
147,1712690768.2236912,26700965.2153072,1139.0,-2.520078991443948e-08,1222.0,ASK
148,1712690768.3619738,26701123.82872139,1139.0,-4.5559371255321234e-09,1222.0,ASK
149,1712690768.6651895,26701438.14198587,1139.0,-9.028186411634257e-09,1222.0,ASK
150,1712690768.6821303,26701904.40360068,1139.0,-1.3392679376867848e-08,1222.0,ASK
151,1712690769.3625214,26703157.81376828,1139.0,-3.6002364271723475e-08,1222.0,ASK
152,1712690769.4421906,26703934.11376828,1139.0,-2.2298076165875385e-08,1222.0,ASK
153,1712690769.4475887,26705189.6884348,1139.0,-3.606453632094692e-08,1222.0,ASK
154,1712690769.4932084,26705301.64514061,1139.0,-3.215791773131801e-09,1222.0,ASK
155,1712690771.0352118,26705417.21137297,1139.0,-3.3194701164293637e-09,1222.0,ASK
156,1712690771.231859,26705680.83333521,1139.0,-7.572153282206759e-09,1222.0,ASK
157,1712690771.2336314,26705877.81324104,1139.0,-5.6579581905372614e-09,1222.0,ASK
158,1712690771.2920806,26706025.61136754,1139.0,-4.2452838875045076e-09,1222.0,ASK
159,1712690771.6518135,26706902.96936754,1139.0,-2.5200818638134466e-08,1222.0,ASK
160,1712690775.2020862,26707780.32636754,1139.0,-2.520078991443948e-08,1222.0,ASK
161,1712690775.2623503,26707951.47312989,1139.0,-4.9159391246604994e-09,1222.0,ASK
162,1712690775.7219515,26708079.86432632,1139.0,-3.6878483537488435e-09,1222.0,ASK
163,1712690778.84296,26708957.82745187,1139.0,-2.521819997978688e-08,1222.0,ASK
164,1712690778.852017,26709835.18545187,1139.0,-2.5200818638027465e-08,1222.0,ASK
165,1712690780.8730338,26710712.54345187,1139.0,-2.5200818638134466e-08,1222.0,ASK
166,1712690782.4727216,26711364.77671405,1139.0,-1.8734441527680763e-08,1222.0,ASK
167,1712690782.4755492,26711448.37245187,1139.0,-2.4011646645673147e-09,1222.0,ASK
168,1712690787.2226105,26711448.59257609,1139.0,-6.322744547957934e-12,1222.0,ASK
169,1712690787.2287464,26711468.53645187,1139.0,-5.728585097907711e-10,1222.0,ASK
170,1712690788.1721094,26711468.72122993,1139.0,-5.307478130485797e-12,1222.0,ASK
171,1712690790.6418586,26711468.72122993,1139.0,-0.0,1222.0,ASK
172,1712690793.9519832,26712346.49957742,1139.0,2.519915406919936e-08,1222.0,BID
173,1712690821.003512,26712346.49957742,1139.0,0.0,1222.0,BID
174,1712690827.8026178,26712583.00857742,1138.0,-6.789476743993855e-09,1222.0,ASK
175,1712690830.1717763,26713461.29757742,1138.0,-2.5213090157226826e-08,1222.0,ASK
176,1712690832.5416708,26713876.15657742,1138.0,-1.1909379907524228e-08,1222.0,ASK
177,1712690834.7719688,26714041.75657742,1138.0,-4.7538882191262974e-09,1222.0,ASK
178,1712690839.2219598,26714222.91340894,1138.0,-5.200479028738174e-09,1222.0,ASK
179,1712690839.2244253,26714311.95857742,1138.0,-2.556224501278865e-09,1222.0,ASK
180,1712690839.3616967,26714432.96118979,1138.0,-3.47362858350734e-09,1222.0,ASK
181,1712690844.84456,26714790.61718979,1138.0,-1.0267250271027336e-08,1222.0,ASK
182,1712690851.0218446,26714790.61718979,1138.0,-0.0,1222.0,ASK
183,1712690855.082306,26714790.68607425,1138.0,-1.977312018348355e-12,1222.0,ASK
184,1712690880.6567254,26714790.68607425,1138.0,-0.0,1222.0,ASK
185,1712690904.2549765,26714803.93305917,1137.0,-3.8025155520030805e-10,1222.0,ASK
186,1712690909.2716208,26715787.63537296,1137.0,-2.823694122788398e-08,1222.0,ASK
187,1712690910.6315649,26715787.63537296,1137.0,-0.0,1222.0,ASK
188,1712690932.1129742,26715875.58612055,1137.0,-2.5245231736096517e-09,1222.0,ASK
189,1712690932.1153114,26716038.63465418,1137.0,-4.68011714337569e-09,1222.0,ASK
190,1712690941.0216107,26716038.63465418,1137.0,-0.0,1222.0,ASK
191,1712690960.8918056,26716263.24222754,1137.0,-6.447044449154848e-09,1222.0,ASK
192,1712690960.9722135,26716434.06537972,1137.0,-4.903238295032645e-09,1222.0,ASK
193,1712690960.9926696,26716602.47352051,1137.0,-4.833918790127507e-09,1222.0,ASK
194,1712690971.011659,26716602.47352051,1137.0,-0.0,1222.0,ASK
195,1712690979.011794,26716710.8521334,1136.0,-3.11079838913969e-09,1222.0,ASK
196,1712690979.0140884,26716788.8521334,1137.0,-2.238839083475708e-09,1222.0,ASK
197,1712690979.0216155,26717044.6835763,1137.0,-7.343146578801391e-09,1222.0,ASK
198,1712690983.051854,26717486.16582287,1138.0,1.2671893695925934e-08,1222.0,BID
199,1712691000.7516294,26717486.16582287,1138.0,0.0,1222.0,BID
200,1712691018.1316574,26717620.00224385,1138.0,3.8480917006346115e-09,1222.0,BID
201,1712691026.9619253,26717628.78959007,1138.0,2.526555462542167e-10,1222.0,BID
202,1712691030.661769,26717628.78959007,1138.0,0.0,1222.0,BID
203,1712691030.8516212,26717633.18326318,1138.0,1.2632718365586554e-10,1222.0,BID
204,1712691035.9791813,26718027.21657685,1136.0,-1.1329272234795845e-08,1222.0,ASK
205,1712691044.5420363,26718035.57867497,1136.0,-2.4042760541004744e-10,1222.0,ASK
206,1712691051.7920043,26718730.80465029,1136.0,-1.998918382254392e-08,1222.0,ASK
207,1712691051.795261,26719607.66204465,1136.0,-2.5211462551962232e-08,1222.0,ASK
208,1712691061.0016773,26719607.66204465,1136.0,-0.0,1222.0,ASK
209,1712691062.771608,26720487.94373479,1136.0,2.5308282336005805e-08,1222.0,BID
210,1712691078.1854668,26722409.40373479,1136.0,5.524237607347429e-08,1222.0,BID
211,1712691083.64245,26722500.84965938,1136.0,2.6290894198500727e-09,1222.0,BID
212,1712691091.0315952,26722500.84965938,1136.0,0.0,1222.0,BID
213,1712691120.681976,26722500.84965938,1136.0,0.0,1222.0,BID
214,1712691150.6514606,26722500.84965938,1136.0,0.0,1222.0,BID
215,1712691180.9821527,26722500.84965938,1136.0,0.0,1222.0,BID
216,1712691211.0113585,26722500.84965938,1136.0,0.0,1222.0,BID
217,1712691211.7819896,26722505.13374369,1138.0,1.2315668076873776e-10,1222.0,BID
218,1712691211.7860928,26722505.24333249,1138.0,3.1504032398674376e-12,1222.0,BID
219,1712691215.7518594,26722509.6370056,1138.0,1.2630708400860518e-10,1222.0,BID
220,1712691240.621309,26722509.6370056,1138.0,0.0,1222.0,BID
221,1712691246.4917989,26722801.52562929,1138.0,8.39106355559857e-09,1222.0,BID
222,1712691246.5013509,26722949.00431667,1138.0,4.2396412140368795e-09,1222.0,BID
223,1712691270.642819,26722949.00431667,1138.0,0.0,1222.0,BID
224,1712691300.9614544,26722949.00431667,1138.0,0.0,1222.0,BID
225,1712691331.0620215,26722949.00431667,1138.0,0.0,1222.0,BID
226,1712691360.671373,26722949.00431667,1138.0,0.0,1222.0,BID
227,1712691390.6512637,26722949.00431667,1138.0,0.0,1222.0,BID
228,1712691408.691866,26722954.00431667,1138.0,1.4382652048693464e-10,1222.0,BID
229,1712691419.151565,26722971.57022615,1138.0,5.052887280123985e-10,1222.0,BID
230,1712691420.1735818,26723108.47771615,1138.0,3.938185583063664e-09,1222.0,BID
231,1712691421.0014105,26723108.47771615,1138.0,0.0,1222.0,BID
232,1712691426.0115776,26723564.88334031,1138.0,1.3128578034931496e-08,1222.0,BID
233,1712691426.0143702,26724257.69396918,1138.0,1.992880438600728e-08,1222.0,BID
234,1712691435.3514678,26724345.56743139,1138.0,2.527693667157998e-09,1222.0,BID
235,1712691436.0115888,26724557.97016783,1137.0,-6.1097974095515825e-09,1222.0,ASK
236,1712691448.1721244,26724597.97016783,1138.0,1.1506061573305267e-09,1222.0,BID
237,1712691451.011384,26724597.97016783,1138.0,0.0,1222.0,BID
238,1712691472.761369,26724779.25707993,1137.0,-5.214491715459837e-09,1222.0,ASK
239,1712691472.8013806,26724784.25707993,1138.0,1.4381875820759283e-10,1222.0,BID
240,1712691473.621536,26724826.06130962,1138.0,1.2024464804148875e-09,1222.0,BID
241,1712691477.8717153,26724869.99804073,1138.0,1.2637852215172615e-09,1222.0,BID
242,1712691477.8815064,26724939.96867066,1138.0,2.0126178215213992e-09,1222.0,BID
243,1712691477.951283,26725099.64793612,1138.0,-4.592974734045115e-09,1222.0,ASK
244,1712691478.031566,26725218.61435857,1138.0,-3.4219206290259512e-09,1222.0,ASK
245,1712691478.051499,26725451.8306993,1138.0,-6.708176903446958e-09,1222.0,ASK
246,1712691478.0712893,26726330.0896993,1138.0,-2.5262023752917312e-08,1222.0,ASK
247,1712691478.1513145,26726565.78390486,1138.0,-6.77944959217398e-09,1222.0,ASK
248,1712691479.327741,26726580.57190486,1138.0,-4.253583592396303e-10,1222.0,ASK
249,1712691480.6314385,26726580.57190486,1138.0,-0.0,1222.0,ASK
250,1712691483.6314387,26726583.5305539,1138.0,-8.509632412464559e-11,1222.0,ASK
251,1712691483.6412678,26727458.69990486,1138.0,-2.5171520435423664e-08,1222.0,ASK
252,1712691485.7013085,26727921.16690486,1138.0,-1.3301422780005624e-08,1222.0,ASK
253,1712691485.984023,26728067.38635066,1138.0,-4.205546919614541e-09,1222.0,ASK
254,1712691486.4015267,26728409.39684687,1138.0,-9.836866641924817e-09,1222.0,ASK
255,1712691488.8913162,26728427.30984687,1138.0,-5.152116502191414e-10,1222.0,ASK
256,1712691491.021651,26729305.27297241,1139.0,2.5251874659235472e-08,1222.0,BID
257,1712691492.5919363,26729401.42297241,1138.0,-2.765455265622795e-09,1222.0,ASK
258,1712691494.963893,26729464.56997241,1138.0,-1.816226767071174e-09,1222.0,ASK
259,1712691497.356598,26729905.98297241,1138.0,-1.2695870048180953e-08,1222.0,ASK
260,1712691497.5516772,26730097.69754587,1138.0,-5.514072560203651e-09,1222.0,ASK
261,1712691497.5554628,26730102.69754587,1138.0,-1.4380942618608982e-10,1222.0,ASK
262,1712691510.6329226,26730102.69754587,1138.0,-0.0,1222.0,ASK
263,1712691511.7518518,26730103.46904248,1139.0,2.218713856937653e-11,1222.0,BID
264,1712691511.75566,26730107.69754587,1139.0,1.2160570714612718e-10,1222.0,BID
265,1712691514.804554,26730263.0233109,1137.0,-4.466946753279896e-09,1222.0,ASK
266,1712691514.90455,26730395.85742269,1137.0,-3.820118988506841e-09,1222.0,ASK
267,1712691515.9655044,26730567.94786154,1137.0,-4.949074784540718e-09,1222.0,ASK
268,1712691516.2764947,26731003.72898759,1137.0,-1.2532441644721671e-08,1222.0,ASK
269,1712691516.2780693,26731269.07385665,1137.0,-7.630938763695299e-09,1222.0,ASK
270,1712691525.921721,26731273.46367227,1139.0,1.2624481595710178e-10,1222.0,BID
271,1712691540.981816,26731273.46367227,1139.0,0.0,1222.0,BID
272,1712691569.45147,26731283.46367227,1138.0,-2.8757468225885203e-10,1222.0,ASK
273,1712691569.455124,26731317.40040337,1137.0,-9.759344663010295e-10,1222.0,ASK
274,1712691571.001401,26731317.40040337,1137.0,-0.0,1222.0,ASK
275,1712691585.271849,26731516.00390909,1137.0,-5.711325798686954e-09,1222.0,ASK
276,1712691585.2912662,26731662.89826768,1137.0,-4.224303779829323e-09,1222.0,ASK
277,1712691586.4316502,26732812.11452071,1137.0,-3.304850239390144e-08,1222.0,ASK
278,1712691593.5616074,26732820.89415196,1139.0,2.524796039082451e-10,1222.0,BID
279,1712691600.6613042,26732820.89415196,1139.0,0.0,1222.0,BID
280,1712691602.0215418,26732829.67378321,1139.0,2.5254717415506747e-10,1222.0,BID
281,1712691614.2454066,26732943.05710192,1137.0,-3.2614851265066187e-09,1222.0,ASK
282,1712691614.3513036,26733097.42010192,1137.0,-4.440270705600386e-09,1222.0,ASK
283,1712691617.251535,26733206.14179183,1137.0,-3.127392800036845e-09,1222.0,ASK
284,1712691617.2715464,26733315.52824447,1137.0,-3.146514781667403e-09,1222.0,ASK
285,1712691625.2415247,26733474.67226557,1137.0,-4.5777973664449276e-09,1222.0,ASK
286,1712691625.381638,26733593.67162216,1137.0,-3.4230311477461742e-09,1222.0,ASK
287,1712691630.6543877,26733593.67162216,1137.0,-0.0,1222.0,ASK
288,1712691640.8217847,26733605.38062216,1137.0,-3.3680231434310526e-10,1222.0,ASK
289,1712691641.261384,26733919.14139419,1137.0,-9.025139139147147e-09,1222.0,ASK
290,1712691650.7918708,26733986.83767805,1137.0,-1.9472427259456983e-09,1222.0,ASK
291,1712691650.794814,26734270.53739419,1137.0,-8.160451019176341e-09,1222.0,ASK
292,1712691654.781541,26734430.38998726,1137.0,-4.598063310745771e-09,1222.0,ASK
293,1712691654.7913806,26734956.58998726,1137.0,-1.5135825247607157e-08,1222.0,ASK
294,1712691654.8413885,26735074.587428,1137.0,-3.394125128687011e-09,1222.0,ASK
295,1712691654.881817,26735174.54023944,1137.0,-2.875082263290905e-09,1222.0,ASK
296,1712691658.4018943,26735522.15946346,1137.0,-9.99905706486032e-09,1222.0,ASK
297,1712691658.405341,26735545.95453821,1137.0,-6.844509562263276e-10,1222.0,ASK
298,1712691661.0114503,26735545.95453821,1137.0,-0.0,1222.0,ASK
299,1712691691.0113485,26735545.95453821,1137.0,-0.0,1222.0,ASK
300,1712691705.441684,26735550.34435383,1139.0,1.2626233358371068e-10,1222.0,BID
301,1712691710.2040534,26735603.99735383,1137.0,-1.543197613379768e-09,1222.0,ASK
302,1712691710.2058506,26735613.99735383,1137.0,-2.876255965845171e-10,1222.0,ASK
303,1712691720.6714575,26735613.99735383,1137.0,-0.0,1222.0,ASK
304,1712691725.2316332,26735622.77698508,1139.0,2.525241056140271e-10,1222.0,BID
305,1712691727.351272,26735797.61689537,1137.0,-5.028832158968404e-09,1222.0,ASK
306,1712691727.451244,26735973.23821441,1137.0,-5.051307424726354e-09,1222.0,ASK
307,1712691728.0211608,26736020.99607127,1137.0,-1.3736351501489007e-09,1222.0,ASK
308,1712691743.6714633,26736029.77570252,1139.0,2.525241056140271e-10,1222.0,BID
309,1712691750.6353512,26736127.12057333,1137.0,-2.799881423080812e-09,1222.0,ASK
310,1712691750.654225,26736127.12057333,1137.0,-0.0,1222.0,ASK
311,1712691761.4516284,26736487.22160488,1137.0,-1.035723054153945e-08,1222.0,ASK
312,1712691773.9714658,26736531.11976115,1139.0,1.262599340204018e-09,1222.0,BID
313,1712691781.0211844,26736531.11976115,1139.0,0.0,1222.0,BID
314,1712691785.411372,26736544.95876115,1137.0,-3.9803223778491984e-10,1222.0,ASK
315,1712691811.0534313,26736544.95876115,1137.0,-0.0,1222.0,ASK
316,1712691828.0315175,26736730.89471678,1137.0,-5.347819280528741e-09,1222.0,ASK
317,1712691836.681722,26736735.28838989,1138.0,1.2636915594996928e-10,1222.0,BID
318,1712691840.6311767,26736735.28838989,1138.0,0.0,1222.0,BID
319,1712691858.6817997,26736776.66820471,1138.0,1.190143097311558e-09,1222.0,BID
320,1712691858.6912584,26737083.31909807,1138.0,8.81972153858206e-09,1222.0,BID
321,1712691865.3069887,26737859.21209807,1138.0,-2.231580064463119e-08,1222.0,ASK
322,1712691870.6612034,26737859.21209807,1138.0,-0.0,1222.0,ASK
323,1712691878.2515578,26737859.2158597,1138.0,-1.0818593357818628e-13,1222.0,ASK
324,1712691878.2557032,26738462.06895394,1138.0,-1.7338285809417687e-08,1222.0,ASK
325,1712691888.4117515,26738471.87495394,1138.0,-2.82024314550131e-10,1222.0,ASK
326,1712691900.682631,26738471.87495394,1138.0,-0.0,1222.0,ASK
327,1712691901.8914626,26738472.06895394,1138.0,-5.582988818376756e-12,1222.0,ASK
328,1712691901.901824,26738836.27695394,1138.0,-1.0481284585998902e-08,1222.0,ASK
329,1712691915.1416545,26738924.15041615,1138.0,2.5288482542740686e-09,1222.0,BID
330,1712691930.661192,26738924.15041615,1138.0,0.0,1222.0,BID
331,1712691938.99224,26738986.99210831,1138.0,1.808449851530496e-09,1222.0,BID
332,1712691939.3311958,26739865.24910831,1138.0,-2.5274363032583983e-08,1222.0,ASK
333,1712691939.8112583,26740197.30470016,1138.0,-9.555851619020789e-09,1222.0,ASK
334,1712691961.0027542,26740197.30470016,1138.0,-0.0,1222.0,ASK
335,1712691991.0012958,26740197.30470016,1138.0,-0.0,1222.0,ASK
336,1712692020.6215253,26740197.30470016,1138.0,-0.0,1222.0,ASK
337,1712692027.1415155,26740207.30470016,1138.0,2.8776667042817953e-10,1222.0,BID
338,1712692046.8313086,26740295.17816237,1138.0,2.5287053639553958e-09,1222.0,BID
339,1712692050.6539829,26740295.17816237,1138.0,0.0,1222.0,BID
340,1712692051.0511858,26740316.87645206,1138.0,6.24402456469135e-10,1222.0,BID
341,1712692080.451436,26741922.6044473,1138.0,4.6207351779166564e-08,1222.0,BID
342,1712692080.9817872,26741922.6044473,1138.0,0.0,1222.0,BID
343,1712692088.8413038,26741940.9224473,1138.0,-5.271012057492034e-10,1222.0,ASK
344,1712692111.031268,26741940.9224473,1138.0,-0.0,1222.0,ASK
345,1712692111.7013986,26742059.3909593,1138.0,-3.408934275625555e-09,1222.0,ASK
346,1712692111.7054367,26742100.65406737,1138.0,-1.1873469249235355e-09,1222.0,ASK
347,1712692111.801541,26742219.53346519,1138.0,-3.4207575250143505e-09,1222.0,ASK
348,1712692115.211306,26742404.91348359,1138.0,-5.334314477933058e-09,1222.0,ASK
349,1712692115.6819897,26742543.15886951,1138.0,-3.978014297258343e-09,1222.0,ASK
350,1712692115.78202,26742647.14983377,1138.0,-2.992342492029722e-09,1222.0,ASK
351,1712692115.792637,26742953.01486088,1138.0,-8.801273494899303e-09,1222.0,ASK
352,1712692115.844623,26743012.98478185,1137.0,-1.725635915011875e-09,1222.0,ASK
353,1712692115.855509,26743079.70542603,1137.0,-1.9198881373532326e-09,1222.0,ASK
354,1712692119.0714257,26743548.78535573,1138.0,-1.349778623358834e-08,1222.0,ASK
355,1712692119.1513278,26743666.58153163,1137.0,-3.389587788170062e-09,1222.0,ASK
356,1712692119.1542723,26743784.57749681,1137.0,-3.3953367296592253e-09,1222.0,ASK
357,1712692134.3816664,26744231.3894476,1137.0,-1.2857024605975558e-08,1222.0,ASK
358,1712692139.8614364,26744342.48908878,1138.0,-3.196894841033524e-09,1222.0,ASK
359,1712692140.6712327,26744342.48908878,1138.0,-0.0,1222.0,ASK
360,1712692141.291567,26744670.75675867,1138.0,-9.44516751488502e-09,1222.0,ASK
361,1712692146.9514875,26744675.14657429,1139.0,1.2630711967230606e-10,1222.0,BID
362,1712692157.1113043,26744685.14657429,1138.0,-2.8772761929457856e-10,1222.0,ASK
363,1712692168.1815126,26744695.14657429,1138.0,-2.8772761929457856e-10,1222.0,ASK
364,1712692170.641143,26744695.14657429,1138.0,-0.0,1222.0,ASK
365,1712692174.3211265,26744899.27398418,1138.0,5.8732415477772755e-09,1222.0,BID
366,1712692178.9512613,26745777.61698418,1138.0,-2.5272062206563946e-08,1222.0,ASK
367,1712692179.791262,26746090.21698418,1138.0,-8.994261519355838e-09,1222.0,ASK
368,1712692181.1712854,26746225.11182013,1138.0,-3.8812521822699555e-09,1222.0,ASK
369,1712692192.291376,26746251.98766164,1138.0,7.732832600492246e-10,1222.0,BID
370,1712692200.711199,26746251.98766164,1138.0,0.0,1222.0,BID
371,1712692230.6510692,26746251.98766164,1138.0,0.0,1222.0,BID
372,1712692231.012493,26746751.76766164,1137.0,-1.4381240901814165e-08,1222.0,ASK
373,1712692234.101281,26747261.40866164,1137.0,-1.4664992585770416e-08,1222.0,ASK
374,1712692242.7916038,26747474.79959535,1138.0,6.140354603873913e-09,1222.0,BID
375,1712692242.7957892,26752977.85096772,1138.0,1.583510894424274e-07,1222.0,BID
376,1712692247.831361,26753345.82796772,1137.0,-1.0588590746581023e-08,1222.0,ASK
377,1712692254.471138,26753433.70142993,1138.0,2.528571429317218e-09,1222.0,BID
378,1712692261.002012,26753433.70142993,1138.0,0.0,1222.0,BID
379,1712692291.001089,26753433.70142993,1138.0,0.0,1222.0,BID
380,1712692320.661231,26753433.70142993,1138.0,0.0,1222.0,BID
381,1712692347.2817478,26753559.8422154,1138.0,-3.628865855032686e-09,1222.0,ASK
382,1712692347.322185,26754059.7502154,1138.0,-1.4381542536690312e-08,1222.0,ASK
383,1712692347.3813934,26755108.27809952,1138.0,-3.016444699096238e-08,1222.0,ASK
384,1712692350.6610732,26755108.27809952,1138.0,-0.0,1222.0,ASK
385,1712692358.6216204,26755113.09203701,1138.0,-1.3848158367408963e-10,1222.0,ASK
386,1712692381.0111911,26755113.09203701,1138.0,-0.0,1222.0,ASK
387,1712692394.121564,26755991.82665915,1138.0,2.5278380351075945e-08,1222.0,BID
388,1712692411.0536597,26755991.82665915,1138.0,0.0,1222.0,BID
389,1712692418.7323844,26756351.51905141,1137.0,-1.0346900325736153e-08,1222.0,ASK
390,1712692418.736161,26756774.60766178,1137.0,-1.2170553991832216e-08,1222.0,ASK
391,1712692418.7397962,26759473.91703496,1137.0,-7.764825065428839e-08,1222.0,ASK
392,1712692425.0771358,26759695.92336091,1137.0,-6.3862271643978765e-09,1222.0,ASK
393,1712692440.6112242,26759695.92336091,1137.0,-0.0,1222.0,ASK
394,1712692442.7513697,26761294.86464411,1137.0,-4.5989524310773785e-08,1222.0,ASK
395,1712692445.1214845,26761496.65464411,1137.0,-5.803981802294549e-09,1222.0,ASK
396,1712692457.094483,26761501.04831722,1138.0,1.2637295594507164e-10,1222.0,BID
397,1712692457.2712195,26762589.38753983,1137.0,-3.1303340318052456e-08,1222.0,ASK
398,1712692458.8852262,26762747.88632731,1137.0,-4.558818961452557e-09,1222.0,ASK
399,1712692470.6612265,26762747.88632731,1137.0,-0.0,1222.0,ASK
400,1712692471.6411052,26762906.86798342,1137.0,-4.572251114346643e-09,1222.0,ASK
401,1712692489.0512297,26763065.84963953,1137.0,-4.572251114453781e-09,1222.0,ASK
402,1712692493.511233,26763184.84050071,1137.0,-3.422131275610002e-09,1222.0,ASK
403,1712692500.9916775,26763184.84050071,1137.0,-0.0,1222.0,ASK
404,1712692509.2716515,26763640.00557533,1137.0,-1.3091436563748689e-08,1222.0,ASK
405,1712692509.2763312,26764064.34797653,1137.0,-1.2204916274140477e-08,1222.0,ASK
406,1712692511.5011835,26764724.73362107,1139.0,1.89939809865017e-08,1222.0,BID
407,1712692511.5035105,26764942.50229494,1138.0,6.26345240114862e-09,1222.0,BID
408,1712692531.0511703,26764942.50229494,1138.0,0.0,1222.0,BID
409,1712692542.497708,26765102.23686709,1138.0,-4.594014019187464e-09,1222.0,ASK
410,1712692556.0917,26765442.50229494,1138.0,-9.786135366628628e-09,1222.0,ASK
411,1712692556.0972347,26765657.420284,1138.0,-6.181105576772107e-09,1222.0,ASK
412,1712692560.6612372,26765657.420284,1138.0,-0.0,1222.0,ASK
413,1712692561.1981676,26766114.349284,1138.0,-1.3141107072534284e-08,1222.0,ASK
414,1712692561.201807,26766251.84245949,1138.0,-3.954252281699257e-09,1222.0,ASK
415,1712692563.3615344,26766257.52652738,1139.0,1.6347166573022543e-10,1222.0,BID
416,1712692563.3660238,26766295.74061576,1139.0,1.0990228833883475e-09,1222.0,BID
417,1712692565.544873,26766337.60490708,1137.0,-1.2040013541922967e-09,1222.0,ASK
418,1712692565.555183,26766406.12106919,1138.0,-1.970499185794428e-09,1222.0,ASK
419,1712692565.5573075,26767174.47523791,1137.0,-2.2097578400044173e-08,1222.0,ASK
420,1712692590.627288,26767174.47523791,1137.0,-0.0,1222.0,ASK
421,1712692607.911893,26767176.58632038,1137.0,-6.071092898375668e-11,1222.0,ASK
422,1712692607.9165597,26767351.46638835,1137.0,-5.029235725414482e-09,1222.0,ASK
423,1712692621.0112422,26767351.46638835,1137.0,-0.0,1222.0,ASK
424,1712692648.211135,26768107.27313175,1137.0,-2.173551463914793e-08,1222.0,ASK
425,1712692648.2207615,26770777.58991996,1137.0,-7.679305609261864e-08,1222.0,ASK
426,1712692651.0108883,26770777.58991996,1137.0,-0.0,1222.0,ASK
427,1712692680.6943364,26770777.58991996,1137.0,-0.0,1222.0,ASK
428,1712692682.6305702,26770820.03285235,1139.0,1.2204384930066347e-09,1222.0,BID
429,1712692695.6402357,26770851.83175585,1140.0,9.143714554315367e-10,1222.0,BID
430,1712692700.5200412,26771423.19786441,1137.0,-1.6429524379265166e-08,1222.0,ASK
431,1712692700.5250382,26774010.92360864,1137.0,-7.440956431398804e-08,1222.0,ASK
432,1712692710.6857595,26774010.92360864,1137.0,-0.0,1222.0,ASK
433,1712692739.7591848,26777164.08428664,1138.0,-9.065895473617904e-08,1222.0,ASK
434,1712692739.7621698,26778226.08428664,1138.0,-3.053438113746864e-08,1222.0,ASK
435,1712692739.884323,26778404.59671937,1138.0,5.132548642836483e-09,1222.0,BID
436,1712692740.9792056,26778404.59671937,1138.0,0.0,1222.0,BID
437,1712692764.7985,26778408.98268428,1140.0,1.2608613413448324e-10,1222.0,BID
438,1712692768.1001475,26778413.36864919,1140.0,1.2608613402738995e-10,1222.0,BID
439,1712692771.0084236,26778413.36864919,1140.0,0.0,1222.0,BID
440,1712692780.4081278,26778430.91250883,1140.0,5.043443914437369e-10,1222.0,BID
441,1712692800.8121698,26778430.91250883,1140.0,0.0,1222.0,BID
442,1712692825.577825,26778439.69214008,1139.0,-2.526626479842216e-10,1222.0,ASK
443,1712692830.6277642,26778439.69214008,1139.0,-0.0,1222.0,ASK
444,1712692845.8270657,26778475.97114008,1138.0,-1.0440467609050512e-09,1222.0,ASK
445,1712692851.267559,26778484.75077133,1139.0,-2.5266257527228933e-10,1222.0,ASK
446,1712692856.887235,26778864.61577133,1138.0,-1.0931856524228824e-08,1222.0,ASK
447,1712692861.007048,26778864.61577133,1138.0,-0.0,1222.0,ASK
448,1712692861.7171478,26778901.49877133,1138.0,-1.0614140633137768e-09,1222.0,ASK
449,1712692864.7468276,26778910.28611755,1138.0,-2.5288107961187353e-10,1222.0,ASK
450,1712692864.7567234,26779489.65977133,1138.0,-1.6673137870469807e-08,1222.0,ASK
451,1712692891.0003748,26779489.65977133,1138.0,-0.0,1222.0,ASK
452,1712692920.6359093,26779489.65977133,1138.0,-0.0,1222.0,ASK
453,1712692950.6555014,26779489.65977133,1138.0,-0.0,1222.0,ASK
454,1712692952.4955988,26779496.95115424,1140.0,2.0982615149442407e-10,1222.0,BID
455,1712692977.8455107,26779723.70502941,1140.0,6.5253592574032765e-09,1222.0,BID
456,1712692977.8499055,26781083.54367302,1141.0,3.91324544068304e-08,1222.0,BID
457,1712692977.8533678,26781250.14427823,1140.0,4.7943118972993404e-09,1222.0,BID
458,1712692981.006246,26781250.14427823,1140.0,0.0,1222.0,BID
459,1712693000.9853926,26781568.36333632,1140.0,-9.156949020672655e-09,1222.0,ASK
460,1712693009.474869,26781572.73243612,1140.0,-1.2572353262072549e-10,1222.0,ASK
461,1712693010.9948056,26781572.73243612,1140.0,-0.0,1222.0,ASK
462,1712693019.6550145,26781948.03243612,1139.0,-1.0799373932747733e-08,1222.0,ASK
463,1712693019.658275,26781958.03243612,1139.0,-2.8775310239078846e-10,1222.0,ASK
464,1712693022.4850974,26782344.23243612,1139.0,-1.1113024814310812e-08,1222.0,ASK
465,1712693038.034476,26782348.61455706,1141.0,1.260968895776706e-10,1222.0,BID
466,1712693040.624241,26782348.61455706,1141.0,0.0,1222.0,BID
467,1712693046.5646052,26782357.39418831,1139.0,-2.5263018864446336e-10,1222.0,ASK
468,1712693046.568992,26782475.90642341,1139.0,-3.410139612722567e-09,1222.0,ASK
469,1712693065.124148,26783020.38314747,1139.0,-1.5667088241148492e-08,1222.0,ASK
470,1712693069.084276,26783196.05708479,1139.0,-5.054943500871404e-09,1222.0,ASK
471,1712693070.4265702,26783331.99579646,1139.0,-3.911579130916045e-09,1222.0,ASK
472,1712693070.6639867,26783331.99579646,1139.0,-0.0,1222.0,ASK
473,1712693100.9937167,26783331.99579646,1139.0,-0.0,1222.0,ASK
474,1712693101.093753,26783353.79842804,1140.0,-6.276653094860556e-10,1222.0,ASK
475,1712693103.104103,26783375.60105962,1140.0,-6.276653094860556e-10,1222.0,ASK
476,1712693104.1836526,26783397.4036912,1140.0,-6.276653094860556e-10,1222.0,ASK
477,1712693105.2436285,26783419.20632278,1140.0,-6.27665309593301e-10,1222.0,ASK
478,1712693106.253621,26783441.00895436,1140.0,-6.276653094860556e-10,1222.0,ASK
479,1712693107.9936738,26783656.7457022,1140.0,-6.210739841511601e-09,1222.0,ASK
480,1712693108.003394,26783666.7457022,1140.0,-2.8788511478625377e-10,1222.0,ASK
481,1712693111.5988746,26783776.36378825,1139.0,-3.155741528549797e-09,1222.0,ASK
482,1712693118.5735676,26783885.9818743,1139.0,-3.1557415284425514e-09,1222.0,ASK
483,1712693121.423632,26783995.59996035,1139.0,-3.155741528549797e-09,1222.0,ASK
484,1712693131.063301,26783995.59996035,1139.0,-0.0,1222.0,ASK
485,1712693160.6547804,26783995.59996035,1139.0,-0.0,1222.0,ASK
486,1712693190.6269383,26783995.59996035,1139.0,-0.0,1222.0,ASK
487,1712693194.3430238,26784318.14808049,1139.0,-9.285478120790404e-09,1222.0,ASK
488,1712693194.3474233,26784338.14808049,1139.0,-5.75757695734234e-10,1222.0,ASK
489,1712693194.3509629,26784383.99996035,1139.0,-1.3199786346985403e-09,1222.0,ASK
490,1712693201.4937294,26784480.49118843,1140.0,2.77777835682514e-09,1222.0,BID
491,1712693201.4985044,26784590.01311826,1140.0,3.152904697573368e-09,1222.0,BID
492,1712693201.503203,26784611.79664149,1141.0,6.271015570441265e-10,1222.0,BID
493,1712693201.5073771,26784721.31857132,1140.0,3.152904697573368e-09,1222.0,BID
494,1712693201.509508,26785419.01928258,1141.0,2.0085327691295096e-08,1222.0,BID
495,1712693201.5116425,26787013.54907085,1141.0,4.5903139833713664e-08,1222.0,BID
496,1712693221.0221832,26787013.54907085,1141.0,0.0,1222.0,BID
497,1712693250.997868,26787013.54907085,1141.0,0.0,1222.0,BID
498,1712693280.6217935,26787013.54907085,1141.0,0.0,1222.0,BID
499,1712693308.391737,26787173.20121919,1140.0,-4.59559223350043e-09,1222.0,ASK
500,1712693308.4514668,26787291.61492136,1140.0,-3.408542231952217e-09,1222.0,ASK
501,1712693310.6629698,26787291.61492136,1140.0,-0.0,1222.0,ASK
502,1712693317.3417535,26787603.15128761,1140.0,-8.96750251343984e-09,1222.0,ASK
503,1712693317.4416547,26787911.47688892,1140.0,-8.875081384492725e-09,1222.0,ASK
504,1712693319.6917243,26788787.90107823,1140.0,-2.5227668329948426e-08,1222.0,ASK
505,1712693340.9913716,26788787.90107823,1140.0,-0.0,1222.0,ASK
506,1712693370.9909976,26788787.90107823,1140.0,-0.0,1222.0,ASK
507,1712693375.62109,26788909.5419486,1140.0,-3.5012325123868914e-09,1222.0,ASK
508,1712693400.6910298,26788909.5419486,1140.0,-0.0,1222.0,ASK
509,1712693430.6405213,26788909.5419486,1140.0,-0.0,1222.0,ASK
510,1712693437.220547,26788988.71796094,1141.0,2.27903905703929e-09,1222.0,BID
511,1712693461.000308,26788988.71796094,1141.0,0.0,1222.0,BID
512,1712693491.0001757,26788988.71796094,1141.0,0.0,1222.0,BID
513,1712693497.8901303,26789280.27419859,1141.0,8.392268130871945e-09,1222.0,BID
514,1712693500.539961,26789786.73493106,1141.0,1.4578162686009632e-08,1222.0,BID
515,1712693503.3702416,26790456.00242771,1141.0,-1.926445590179436e-08,1222.0,ASK
516,1712693503.3951995,26790925.00776563,1141.0,-1.3500032042946956e-08,1222.0,ASK
517,1712693520.6399214,26790925.00776563,1141.0,-0.0,1222.0,ASK
518,1712693538.9301784,26790946.77221397,1142.0,6.26436507927962e-10,1222.0,BID
519,1712693538.941084,26792148.98765434,1141.0,3.46028362604739e-08,1222.0,BID
520,1712693538.946134,26793553.03072135,1142.0,4.0411951734300656e-08,1222.0,BID
521,1712693550.6595762,26793553.03072135,1142.0,0.0,1222.0,BID
522,1712693552.9799576,26794153.03072135,1141.0,1.7268044053726274e-08,1222.0,BID
523,1712693552.983855,26794429.21285795,1142.0,7.948542169405564e-09,1222.0,BID
524,1712693558.7596738,26795268.87685795,1141.0,-2.416559157056985e-08,1222.0,ASK
525,1712693563.699782,26795338.65485795,1141.0,-2.0082159632191794e-09,1222.0,ASK
526,1712693564.05995,26795410.51058621,1142.0,2.068013135210859e-09,1222.0,BID
527,1712693564.0652716,26796286.16732877,1142.0,2.5201465344160506e-08,1222.0,BID
528,1712693565.1630864,26797078.66732877,1142.0,-2.280820818763012e-08,1222.0,ASK
529,1712693568.7595406,26797089.95132877,1142.0,-3.2475434844970955e-10,1222.0,ASK
530,1712693580.9704118,26797089.95132877,1142.0,-0.0,1222.0,ASK
531,1712693581.7193298,26797089.96834306,1142.0,-4.89615652888905e-13,1222.0,ASK
532,1712693581.779605,26797389.95132877,1142.0,8.632529220101325e-09,1222.0,BID
533,1712693599.4900403,26797722.04132877,1142.0,9.556464083881102e-09,1222.0,BID
534,1712693611.0226412,26797722.04132877,1142.0,0.0,1222.0,BID
535,1712693629.849301,26798000.53832877,1142.0,-8.014066351068579e-09,1222.0,ASK
536,1712693640.72361,26798000.53832877,1142.0,-0.0,1222.0,ASK
537,1712693642.2491145,26798000.62188919,1142.0,-2.404523596928405e-12,1222.0,ASK
538,1712693643.659966,26798876.27863174,1142.0,2.5197783138969217e-08,1222.0,BID
539,1712693670.6042435,26798876.27863174,1142.0,0.0,1222.0,BID
540,1712693674.0089717,26800516.92501934,1142.0,4.720966582135813e-08,1222.0,BID
541,1712693675.869176,26800560.66955127,1143.0,1.258750666513116e-09,1222.0,BID
542,1712693676.8291106,26801202.86955127,1142.0,-1.8479330841655773e-08,1222.0,ASK
543,1712693700.6695302,26801202.86955127,1142.0,-0.0,1222.0,ASK
544,1712693728.198665,26801545.99886645,1142.0,-9.873070431495889e-09,1222.0,ASK
545,1712693728.204681,26802064.24055127,1142.0,-1.4911686144050662e-08,1222.0,ASK
546,1712693730.6384604,26802064.24055127,1142.0,-0.0,1222.0,ASK
547,1712693755.7982693,26802077.60060471,1142.0,-3.8440613897521115e-10,1222.0,ASK
548,1712693757.178434,26802165.16627896,1143.0,2.5195095887388363e-09,1222.0,BID
549,1712693759.0118496,26802363.01230818,1142.0,-5.692584131777908e-09,1222.0,ASK
550,1712693760.9790015,26802363.01230818,1142.0,-0.0,1222.0,ASK
551,1712693761.2184415,26802380.49612969,1143.0,5.030535510886901e-10,1222.0,BID
552,1712693771.83863,26803642.90846765,1143.0,3.632278041382708e-08,1222.0,BID
553,1712693771.8444188,26804518.56521021,1143.0,2.5194848482901e-08,1222.0,BID
554,1712693771.848956,26804758.79621333,1143.0,6.912050613391206e-09,1222.0,BID
555,1712693772.2783594,26805004.95221333,1143.0,-7.082527686622883e-09,1222.0,ASK
556,1712693790.9980388,26805004.95221333,1143.0,-0.0,1222.0,ASK
557,1712693809.2883706,26805005.1680457,1143.0,-6.2095010490868644e-12,1222.0,ASK
558,1712693819.138152,26805092.65710956,1143.0,2.517061878311776e-09,1222.0,BID
559,1712693820.2694294,26805101.40601594,1143.0,2.517061877025656e-10,1222.0,BID
560,1712693820.6282732,26805101.40601594,1143.0,0.0,1222.0,BID
561,1712693837.8479807,26805792.39017041,1143.0,1.987956300462605e-08,1222.0,BID
562,1712693837.9282002,26806160.03875635,1143.0,1.0577222618538376e-08,1222.0,BID
563,1712693848.8079095,26806597.10169341,1144.0,1.2574268365063474e-08,1222.0,BID
564,1712693850.6577294,26806597.10169341,1144.0,0.0,1222.0,BID
565,1712693851.7978015,26806604.36758139,1144.0,2.0902877602934947e-10,1222.0,BID
566,1712693851.8578851,26806631.12606805,1144.0,7.69801809556301e-10,1222.0,BID
567,1712693880.2959435,26806732.48282003,1144.0,2.9158828031959787e-09,1222.0,BID
568,1712693880.9602568,26806732.48282003,1144.0,0.0,1222.0,BID
569,1712693906.067757,26806736.98282003,1144.0,1.294577213124555e-10,1222.0,BID
570,1712693909.457767,26806780.68911374,1144.0,1.2573593757010295e-09,1222.0,BID
571,1712693909.4630976,26807108.62819123,1144.0,9.434276822454404e-09,1222.0,BID
572,1712693910.9977388,26807108.62819123,1144.0,0.0,1222.0,BID
573,1712693913.9575016,26807236.92019123,1144.0,-3.690707640961125e-09,1222.0,ASK
574,1712693920.4678917,26807241.32019123,1144.0,-1.265793161580613e-10,1222.0,ASK
575,1712693920.473214,26807241.38282003,1144.0,-1.8017069186946801e-12,1222.0,ASK
576,1712693931.1279864,26807263.09024362,1145.0,6.24479734589863e-10,1222.0,BID
577,1712693931.1332915,26808136.45268904,1145.0,2.512491387350663e-08,1222.0,BID
578,1712693931.1373885,26808180.69857962,1144.0,1.272866947634233e-09,1222.0,BID
579,1712693931.1415086,26811603.8686243,1145.0,9.84778461654858e-08,1222.0,BID
580,1712693940.647812,26811603.8686243,1145.0,0.0,1222.0,BID
581,1712693943.067581,26811619.32713958,1145.0,4.4464513886375366e-10,1222.0,BID
582,1712693947.117286,26811623.72713958,1145.0,1.265605769172914e-10,1222.0,BID
583,1712693951.517491,26815049.30543434,1144.0,9.853253750901257e-08,1222.0,BID
584,1712693952.2372332,26815678.30543434,1143.0,-1.809240973648559e-08,1222.0,ASK
585,1712693970.627107,26815678.30543434,1143.0,-0.0,1222.0,ASK
586,1712693976.9874804,26815725.51784877,1143.0,-1.357824887218172e-09,1222.0,ASK
587,1712693982.069675,26815749.12405599,1143.0,-6.78912443662656e-10,1222.0,ASK
588,1712693985.937127,26815760.9271596,1143.0,-3.394562218848975e-10,1222.0,ASK
589,1712693990.1771455,26815766.8287114,1143.0,-1.6972811083530968e-10,1222.0,ASK
590,1712693995.4771683,26815771.19934077,1144.0,1.2569891622744014e-10,1222.0,BID
591,1712694000.6938171,26815771.19934077,1144.0,0.0,1222.0,BID
592,1712694011.0674157,26815775.69934077,1144.0,1.2960174325240946e-10,1222.0,BID
593,1712694023.1771529,26815780.09934077,1144.0,1.2672170457784088e-10,1222.0,BID
594,1712694030.658389,26815780.09934077,1144.0,0.0,1222.0,BID
595,1712694033.4190042,26815784.49934077,1144.0,1.2672166731144662e-10,1222.0,BID
596,1712694045.5769773,26815788.89934077,1144.0,1.2672166741873642e-10,1222.0,BID
597,1712694053.4280922,26815963.72451559,1144.0,5.035031283788074e-09,1222.0,BID
598,1712694060.984908,26815963.72451559,1144.0,0.0,1222.0,BID
599,1712694073.8971443,26815968.12451559,1144.0,1.2672090064810155e-10,1222.0,BID
600,1712694076.6468165,26815976.86577433,1144.0,2.5175004108179467e-10,1222.0,BID
601,1712694078.167234,26816259.34249727,1143.0,-8.135387444387596e-09,1222.0,ASK
602,1712694078.172539,26816735.87903707,1143.0,-1.3724349894476296e-08,1222.0,ASK
603,1712694078.186655,26817377.17660099,1143.0,-1.846950111605361e-08,1222.0,ASK
604,1712694078.2468145,26817385.92550737,1143.0,-2.519702947081761e-10,1222.0,ASK
605,1712694078.251931,26817981.27155897,1143.0,-1.714608815490257e-08,1222.0,ASK
606,1712694090.9765172,26817981.27155897,1143.0,-0.0,1222.0,ASK
607,1712694116.7679713,26817990.87233487,1143.0,-2.7648594836901665e-10,1222.0,ASK
608,1712694116.7762623,26817995.27233487,1143.0,-1.2671248500405582e-10,1222.0,ASK
609,1712694120.3768835,26818004.47272282,1143.0,-2.649554592422052e-10,1222.0,ASK
610,1712694120.606246,26818004.47272282,1143.0,-0.0,1222.0,ASK
611,1712694124.8066049,26818009.0729168,1143.0,-1.3247762850159203e-10,1222.0,ASK
612,1712694148.5418649,26818052.81744873,1143.0,-1.259766844387678e-09,1222.0,ASK
613,1712694150.6600547,26818052.81744873,1143.0,-0.0,1222.0,ASK
614,1712694180.9960976,26818052.81744873,1143.0,-0.0,1222.0,ASK
615,1712694181.2767775,26818073.16062283,1143.0,-5.858472893864654e-10,1222.0,ASK
616,1712694181.282364,26818081.96062283,1143.0,-2.534243731844509e-10,1222.0,ASK
617,1712694194.6461213,26818086.36062283,1143.0,1.2671218669950715e-10,1222.0,BID
618,1712694195.0463488,26818698.78406989,1143.0,1.7636707755294968e-08,1222.0,BID
619,1712694211.016102,26818698.78406989,1143.0,0.0,1222.0,BID
620,1712694215.1563356,26818703.18406989,1143.0,1.2670949249121638e-10,1222.0,BID
621,1712694219.0359497,26818713.18406989,1143.0,2.879761191519289e-10,1222.0,BID
622,1712694235.9160454,26818717.58406989,1143.0,1.2670949238393695e-10,1222.0,BID
623,1712694240.6363382,26818717.58406989,1143.0,0.0,1222.0,BID
624,1712694270.6069753,26818717.58406989,1143.0,0.0,1222.0,BID
625,1712694288.2957494,26818727.58406989,1143.0,2.879759409482112e-10,1222.0,BID
626,1712694300.9870918,26818727.58406989,1143.0,0.0,1222.0,BID
627,1712694330.976058,26818727.58406989,1143.0,0.0,1222.0,BID
628,1712694360.6454043,26818727.58406989,1143.0,0.0,1222.0,BID
629,1712694361.6471467,26819093.73083028,1143.0,1.0588835370795194e-08,1222.0,BID
630,1712694361.7855256,26819323.33569722,1143.0,6.640091895889524e-09,1222.0,BID
631,1712694361.7913456,26819549.78357175,1143.0,6.5487927871544845e-09,1222.0,BID
632,1712694364.3353045,26819698.87257175,1143.0,-4.311601377914095e-09,1222.0,ASK
633,1712694364.975662,26819839.64162947,1143.0,-4.070991576942152e-09,1222.0,ASK
634,1712694366.1353743,26819997.68680568,1143.0,-4.570610839969083e-09,1222.0,ASK
635,1712694367.025406,26820164.52347325,1143.0,-4.824857674135429e-09,1222.0,ASK
636,1712694367.2656147,26820305.76848309,1143.0,-4.084755944712874e-09,1222.0,ASK
637,1712694367.3453813,26820410.30667178,1143.0,-3.023207603438951e-09,1222.0,ASK
638,1712694367.6253662,26820563.51681392,1143.0,-4.430783357266797e-09,1222.0,ASK
639,1712694368.2672482,26820832.71953311,1143.0,-7.785247838421518e-09,1222.0,ASK
640,1712694370.5155976,26821707.61017178,1143.0,-2.5301529175072147e-08,1222.0,ASK
641,1712694370.5194602,26821909.92855556,1143.0,-5.850976411884486e-09,1222.0,ASK
642,1712694383.0552385,26824675.9480522,1143.0,-7.999230978097085e-08,1222.0,ASK
643,1712694389.815341,26824690.8570522,1143.0,-4.311630296974145e-10,1222.0,ASK
644,1712694390.635255,26824690.8570522,1143.0,-0.0,1222.0,ASK
645,1712694399.556073,26824761.46866477,1143.0,-2.041660523574085e-09,1222.0,ASK
646,1712694399.561947,26825761.46866477,1143.0,-2.8913948418376482e-08,1222.0,ASK
647,1712694413.255777,26826562.95729826,1142.0,-2.3174201006676682e-08,1222.0,ASK
648,1712694413.2607777,26827527.37060823,1142.0,-2.788499669843961e-08,1222.0,ASK
649,1712694421.0052006,26827527.37060823,1142.0,-0.0,1222.0,ASK
650,1712694451.0050476,26827527.37060823,1142.0,-0.0,1222.0,ASK
651,1712694480.6247518,26827527.37060823,1142.0,-0.0,1222.0,ASK
652,1712694494.275196,26827826.69432988,1145.0,8.653819855693218e-09,1222.0,BID
653,1712694494.281673,26828403.02735078,1145.0,1.666250209719992e-08,1222.0,BID
654,1712694510.6061132,26828403.02735078,1145.0,0.0,1222.0,BID
655,1712694536.6648085,26828438.15360428,1142.0,-1.015514096780467e-09,1222.0,ASK
656,1712694540.6546545,26828438.15360428,1142.0,-0.0,1222.0,ASK
657,1712694554.0747497,26828521.04791142,1142.0,-2.396504933756439e-09,1222.0,ASK
658,1712694570.7350228,26828521.04791142,1142.0,-0.0,1222.0,ASK
659,1712694601.0856397,26828521.04791142,1142.0,-0.0,1222.0,ASK
660,1712694630.9855556,26828521.04791142,1142.0,-0.0,1222.0,ASK
661,1712694660.6074057,26828521.04791142,1142.0,-0.0,1222.0,ASK
662,1712694690.6603415,26828521.04791142,1142.0,-0.0,1222.0,ASK
663,1712694721.002704,26828521.04791142,1142.0,-0.0,1222.0,ASK
664,1712694750.985511,26828521.04791142,1142.0,-0.0,1222.0,ASK
665,1712694751.9752064,26828528.30745307,1145.0,2.1014684011435886e-10,1222.0,BID
666,1712694769.0050766,26828570.05767141,1145.0,1.2085716814973703e-09,1222.0,BID
667,1712694780.671564,26828570.05767141,1145.0,0.0,1222.0,BID
668,1712694804.0558307,26829025.31081406,1144.0,-1.3178497843499429e-08,1222.0,ASK
669,1712694805.2656026,26829199.98330314,1145.0,5.056353938078976e-09,1222.0,BID
670,1712694806.125288,26829654.10330314,1142.0,-1.3145696053415757e-08,1222.0,ASK
671,1712694810.6087291,26829654.10330314,1142.0,-0.0,1222.0,ASK
672,1712694824.1882744,26829741.66897739,1142.0,-2.5347274733832838e-09,1222.0,ASK
673,1712694824.1944342,26830581.90834623,1142.0,-2.4322062618525472e-08,1222.0,ASK
674,1712694824.200411,26837606.7225405,1142.0,-2.0334440048083264e-07,1222.0,ASK
675,1712694824.2654128,26838248.02010442,1142.0,1.8563376205881657e-08,1222.0,BID
676,1712694841.0457318,26838248.02010442,1142.0,0.0,1222.0,BID
677,1712694851.6959035,26838410.67072871,1142.0,4.706843405043643e-09,1222.0,BID
678,1712694864.4461694,26838692.53821596,1142.0,-8.156784698845108e-09,1222.0,ASK
679,1712694864.5061376,26838952.50955365,1142.0,-7.523145894054208e-09,1222.0,ASK
680,1712694870.976067,26838952.50955365,1142.0,-0.0,1222.0,ASK
681,1712694872.0850377,26838979.50955365,1142.0,-7.81317709727199e-10,1222.0,ASK
682,1712694872.0894785,26839864.7145002,1142.0,-2.5615788943658685e-08,1222.0,ASK
683,1712694900.6459842,26839864.7145002,1142.0,-0.0,1222.0,ASK
684,1712694900.8960214,26840230.86126059,1141.0,-1.0606393571396712e-08,1222.0,ASK
685,1712694930.6361911,26840230.86126059,1141.0,-0.0,1222.0,ASK
686,1712694947.2976806,26840235.26126059,1141.0,-1.2745590572001042e-10,1222.0,ASK
687,1712694947.3043065,26840637.79500292,1141.0,-1.1660296064800289e-08,1222.0,ASK
688,1712694947.31037,26841813.79500292,1140.0,-3.4065487511497714e-08,1222.0,ASK
689,1712694947.3144767,26841823.79500292,1141.0,-2.8967251285287165e-10,1222.0,ASK
690,1712694947.3171928,26842043.88282329,1140.0,-6.3753391974817005e-09,1222.0,ASK
691,1712694947.3199062,26842052.64706518,1141.0,-2.538759972350657e-10,1222.0,ASK
692,1712694947.3226347,26858126.21741423,1140.0,-4.656071513526384e-07,1222.0,ASK
693,1712694947.408629,26862691.3168971,1140.0,1.3223838386267593e-07,1222.0,BID
694,1712694947.4113965,26863450.33015984,1140.0,2.1986527910584084e-08,1222.0,BID
695,1712694947.414134,26864054.42511782,1140.0,1.7498970448018116e-08,1222.0,BID
696,1712694948.0964022,26864063.18935971,1141.0,2.5387599712715435e-10,1222.0,BID
697,1712694960.9765255,26864063.18935971,1141.0,0.0,1222.0,BID
698,1712694991.009022,26864063.18935971,1141.0,0.0,1222.0,BID
699,1712695001.867355,26864938.73712482,1141.0,2.5342267262980005e-08,1222.0,BID
700,1712695020.6072369,26864938.73712482,1141.0,0.0,1222.0,BID
701,1712695039.417115,26867468.70964951,1141.0,7.322660004546063e-08,1222.0,BID
702,1712695050.6472018,26867468.70964951,1141.0,0.0,1222.0,BID
703,1712695051.3769743,26868445.31030625,1141.0,2.8264010957569963e-08,1222.0,BID
704,1712695051.3868358,26870970.00352048,1142.0,7.306769269404328e-08,1222.0,BID
705,1712695081.017046,26870970.00352048,1142.0,0.0,1222.0,BID
706,1712695090.467343,26871057.72281873,1140.0,-2.5384095192801896e-09,1222.0,ASK
707,1712695110.9927444,26871057.72281873,1140.0,-0.0,1222.0,ASK
708,1712695116.7875366,26876138.07252048,1140.0,-1.4701406627373616e-07,1222.0,ASK
709,1712695116.7953882,26876576.28461513,1140.0,-1.2680887282734724e-08,1222.0,ASK
710,1712695128.6373625,26876681.78449676,1140.0,3.052932868944917e-09,1222.0,BID
711,1712695135.4214408,26876725.16104481,1139.0,-1.255221211892687e-09,1222.0,ASK
712,1712695140.6329026,26876725.16104481,1139.0,-0.0,1222.0,ASK
713,1712695151.7575588,26876735.16104481,1139.0,-2.8932375516365103e-10,1222.0,ASK
714,1712695151.7646136,26876875.28855464,1139.0,-4.054221734535844e-09,1222.0,ASK
715,1712695170.628657,26876875.28855464,1139.0,-0.0,1222.0,ASK
716,1712695200.7182732,26876875.28855464,1139.0,-0.0,1222.0,ASK
717,1712695230.6373494,26876875.28855464,1139.0,-0.0,1222.0,ASK
718,1712695260.98945,26876875.28855464,1139.0,-0.0,1222.0,ASK
719,1712695270.7078366,26878375.28855464,1139.0,-4.341520035599559e-08,1222.0,ASK
720,1712695286.927736,26878562.89455464,1140.0,5.429968052062867e-09,1222.0,BID
721,1712695290.2633913,26878922.62455464,1140.0,1.0411833349387802e-08,1222.0,BID
722,1712695290.997942,26878922.62455464,1140.0,0.0,1222.0,BID
723,1712695292.8686178,26879798.70355464,1140.0,2.5355051833218724e-08,1222.0,BID
724,1712695297.2577696,26880298.70355464,1140.0,1.4470756537493372e-08,1222.0,BID
725,1712695308.3780987,26880505.60418387,1140.0,5.988017266078504e-09,1222.0,BID
726,1712695320.6280496,26880505.60418387,1140.0,0.0,1222.0,BID
727,1712695350.6078196,26880505.60418387,1140.0,0.0,1222.0,BID
728,1712695380.992669,26880505.60418387,1140.0,0.0,1222.0,BID
729,1712695410.9878323,26880505.60418387,1140.0,0.0,1222.0,BID
730,1712695425.548404,26880605.60418387,1140.0,2.8940001603493118e-09,1222.0,BID
731,1712695440.628136,26880605.60418387,1140.0,0.0,1222.0,BID
732,1712695452.5980852,26880649.50234014,1139.0,-1.270408521574117e-09,1222.0,ASK
733,1712695452.6054077,26881326.22578178,1139.0,-1.9584312874341378e-08,1222.0,ASK
734,1712695452.612982,26882255.60418387,1139.0,-2.6896123712161275e-08,1222.0,ASK
735,1712695470.6779814,26882255.60418387,1139.0,-0.0,1222.0,ASK
736,1712695500.65833,26882255.60418387,1139.0,-0.0,1222.0,ASK
737,1712695530.6479518,26882255.60418387,1139.0,-0.0,1222.0,ASK
738,1712695534.5685468,26884229.50612697,1140.0,5.7134366433049775e-08,1222.0,BID
739,1712695560.998033,26884229.50612697,1140.0,0.0,1222.0,BID
740,1712695589.6781845,26884535.7138395,1141.0,8.862570039953108e-09,1222.0,BID
741,1712695590.9980063,26884535.7138395,1141.0,0.0,1222.0,BID
742,1712695620.6781752,26884535.7138395,1141.0,0.0,1222.0,BID
743,1712695638.5381515,26884540.09771329,1141.0,1.26881179166391e-10,1222.0,BID
744,1712695642.3982403,26885129.50612697,1141.0,1.7059075628528832e-08,1222.0,BID
745,1712695642.4041376,26885416.52190259,1141.0,8.307013794292228e-09,1222.0,BID
746,1712695650.6180508,26885416.52190259,1141.0,0.0,1222.0,BID
747,1712695651.8481393,26885423.80689341,1141.0,2.1084122939913382e-10,1222.0,BID
748,1712695660.1379051,26885599.09173127,1141.0,5.073070321757009e-09,1222.0,BID
749,1712695681.0179005,26885599.09173127,1141.0,0.0,1222.0,BID
750,1712695710.977968,26885599.09173127,1141.0,0.0,1222.0,BID
751,1712695735.2786632,26885629.50612697,1141.0,8.80244063562227e-10,1222.0,BID
752,1712695740.6280456,26885629.50612697,1141.0,0.0,1222.0,BID
753,1712695770.6582477,26885629.50612697,1141.0,0.0,1222.0,BID
754,1712695777.078212,26886038.59930367,1142.0,1.1839836704356105e-08,1222.0,BID
755,1712695777.3385391,26886047.35587109,1142.0,2.5342962002664006e-10,1222.0,BID
756,1712695800.7479672,26886047.35587109,1142.0,0.0,1222.0,BID
757,1712695830.62047,26886047.35587109,1142.0,0.0,1222.0,BID
758,1712695845.9480546,26886051.7341548,1142.0,1.2683892159744543e-10,1222.0,BID
759,1712695860.991031,26886051.7341548,1142.0,0.0,1222.0,BID
760,1712695890.9913304,26886051.7341548,1142.0,0.0,1222.0,BID
761,1712695920.6048174,26886051.7341548,1142.0,0.0,1222.0,BID
762,1712695950.6182692,26886051.7341548,1142.0,0.0,1222.0,BID
763,1712695964.898108,26886107.04675296,1141.0,-1.6024062725726982e-09,1222.0,ASK
764,1712695964.904976,26886144.57523674,1141.0,-1.087200381383965e-09,1222.0,ASK
765,1712695981.0079389,26886144.57523674,1141.0,-0.0,1222.0,ASK
766,1712696000.1379938,26886930.34940459,1141.0,2.2763812101859733e-08,1222.0,BID
767,1712696011.002292,26886930.34940459,1141.0,0.0,1222.0,BID
768,1712696030.6719117,26886934.73240196,1141.0,-1.269717703612204e-10,1222.0,ASK
769,1712696038.7480557,26887108.16005257,1141.0,-5.024054080475412e-09,1222.0,ASK
770,1712696040.6579728,26887108.16005257,1141.0,-0.0,1222.0,ASK
771,1712696045.278503,26887118.16005257,1141.0,2.8968993900040326e-10,1222.0,BID
772,1712696070.6589224,26887118.16005257,1141.0,0.0,1222.0,BID
773,1712696083.556452,26887122.54217351,1141.0,1.26945592736233e-10,1222.0,BID
774,1712696100.968266,26887122.54217351,1141.0,0.0,1222.0,BID
775,1712696119.7483387,26888233.41980508,1140.0,-3.2203331220418696e-08,1222.0,ASK
776,1712696119.7551272,26888450.36059454,1140.0,-6.288915988303125e-09,1222.0,ASK
777,1712696119.7615645,26895571.30803793,1140.0,-2.064297836281927e-07,1222.0,ASK
778,1712696119.9134336,26896583.76413793,1140.0,2.9350180621048408e-08,1222.0,BID
779,1712696121.3576567,26897093.76413793,1140.0,1.4784435707094993e-08,1222.0,BID
780,1712696130.95774,26897093.76413793,1140.0,0.0,1222.0,BID
781,1712696143.8178606,26897138.50098003,1140.0,1.2964531118546601e-09,1222.0,BID
782,1712696144.3579617,26897226.17644054,1140.0,2.540794528107672e-09,1222.0,BID
783,1712696160.5915537,26897226.17644054,1140.0,0.0,1222.0,BID
784,1712696182.188281,26897292.78047912,1139.0,-1.930145966826919e-09,1222.0,ASK
785,1712696182.196344,26897687.64450451,1139.0,-1.1442927821374965e-08,1222.0,ASK
786,1712696182.203031,26906192.85481876,1139.0,-2.4647600559474655e-07,1222.0,ASK
787,1712696186.9377694,26906217.15491575,1139.0,-7.042025558496e-10,1222.0,ASK
788,1712696190.5958374,26906229.30496424,1140.0,-3.5210127781684353e-10,1222.0,ASK
789,1712696190.627918,26906229.30496424,1140.0,-0.0,1222.0,ASK
790,1712696191.5381985,26906278.52773811,1140.0,-1.4260233381167879e-09,1222.0,ASK
791,1712696191.545637,26906412.63209634,1139.0,-3.885111088810016e-09,1222.0,ASK
792,1712696195.6077209,26906418.70712059,1139.0,-1.7599833736573354e-10,1222.0,ASK
793,1712696215.197855,26906479.21535652,1139.0,-1.752972248512553e-09,1222.0,ASK
794,1712696220.9775474,26906479.21535652,1139.0,-0.0,1222.0,ASK
795,1712696238.637625,26907387.12152506,1139.0,-2.6302554792544523e-08,1222.0,ASK
796,1712696247.5477357,26907396.12152506,1140.0,2.6073508621911284e-10,1222.0,BID
797,1712696251.008237,26907396.12152506,1140.0,0.0,1222.0,BID
798,1712696258.4880614,26907406.12152506,1140.0,-2.8969688632963785e-10,1222.0,ASK
799,1712696258.4954493,26908824.46579459,1140.0,-4.108899186260317e-08,1222.0,ASK
800,1712696264.666366,26910012.73345586,1139.0,-3.4423744159604865e-08,1222.0,ASK
801,1712696264.6701152,26911324.46579459,1139.0,-3.8000477422804615e-08,1222.0,ASK
802,1712696264.7680776,26911328.86579459,1140.0,1.2746663004979294e-10,1222.0,BID
803,1712696268.2175715,26911769.87652503,1140.0,1.2775943544582886e-08,1222.0,BID
804,1712696279.517728,26913611.98418244,1140.0,5.3365285263571954e-08,1222.0,BID
805,1712696280.6475208,26913611.98418244,1140.0,0.0,1222.0,BID
806,1712696285.4875417,26913787.11553095,1142.0,5.072459720753123e-09,1222.0,BID
807,1712696310.6000876,26913787.11553095,1142.0,0.0,1222.0,BID
808,1712696326.7075832,26913791.51553095,1141.0,-1.2743973986400063e-10,1222.0,ASK
809,1712696341.0102458,26913791.51553095,1141.0,-0.0,1222.0,ASK
810,1712696370.997426,26913791.51553095,1141.0,-0.0,1222.0,ASK
811,1712696377.0375984,26913795.91553095,1141.0,1.2743972122525319e-10,1222.0,BID
812,1712696381.0276968,26913822.20825662,1141.0,7.61531279752184e-10,1222.0,BID
813,1712696393.4175408,26913826.60825662,1141.0,1.2743972122525319e-10,1222.0,BID
814,1712696400.807449,26913826.60825662,1141.0,0.0,1222.0,BID
815,1712696405.5176015,26913835.51553095,1141.0,2.58253528236278e-10,1222.0,BID
816,1712696405.5246594,26913878.67019424,1142.0,1.251207006596013e-09,1222.0,BID
817,1712696405.5302165,26913914.21285375,1141.0,1.0305079735187602e-09,1222.0,BID
818,1712696415.647523,26913955.19957105,1141.0,-1.188350550319299e-09,1222.0,ASK
819,1712696415.652984,26914714.21285375,1141.0,-2.200649165288589e-08,1222.0,ASK
820,1712696418.75744,26914871.85444452,1140.0,-4.5705897782251825e-09,1222.0,ASK
821,1712696418.7673397,26914914.21285375,1140.0,-1.2281207725761167e-09,1222.0,ASK
822,1712696430.6407535,26914914.21285375,1140.0,-0.0,1222.0,ASK
823,1712696433.9174054,26914924.21285375,1141.0,2.899250974266256e-10,1222.0,BID
824,1712696445.2600558,26920515.57302546,1142.0,1.6210756425312269e-07,1222.0,BID
825,1712696445.2670388,26929025.1055715,1142.0,2.467127052465593e-07,1222.0,BID
826,1712696445.2743192,26929125.1055715,1142.0,2.8992509742662563e-09,1222.0,BID
827,1712696445.277943,26930747.1055715,1143.0,4.702585080259868e-08,1222.0,BID
828,1712696445.2816346,26931497.35461231,1142.0,2.1751602625064503e-08,1222.0,BID
829,1712696445.2853353,26932724.13125828,1145.0,3.5567333860344514e-08,1222.0,BID
830,1712696445.2890444,26937177.82835828,1143.0,1.291238565626852e-07,1222.0,BID
831,1712696445.292725,26937182.21156038,1145.0,1.2708002953931147e-10,1222.0,BID
832,1712696445.2964058,26937187.54589103,1147.0,1.5465563339605846e-10,1222.0,BID
833,1712696445.3001297,26939102.64670206,1149.0,5.5523578921880986e-08,1222.0,BID
834,1712696445.304419,26939445.64670206,1144.0,9.944430841733257e-09,1222.0,BID
835,1712696445.308174,26942118.23158384,1148.0,7.748494322317272e-08,1222.0,BID
836,1712696445.311892,26942236.23158384,1144.0,3.421116149634181e-09,1222.0,BID
837,1712696445.315693,26942241.23158384,1149.0,1.449625487133128e-10,1222.0,BID
838,1712696445.3194463,26942886.36786187,1145.0,1.8704119826116244e-08,1222.0,BID
839,1712696445.3237393,26943833.17711534,1146.0,2.7450376505646226e-08,1222.0,BID
840,1712696445.3275042,26945578.17461161,1149.0,5.0591856911519406e-08,1222.0,BID
841,1712696445.331245,26950035.93089382,1146.0,1.292415424423988e-07,1222.0,BID
842,1712696445.3350012,26955381.10065737,1148.0,1.549698864459134e-07,1222.0,BID
843,1712696445.3387516,26955476.94191573,1149.0,2.778678616699452e-09,1222.0,BID
844,1712696445.3425038,26955485.65271712,1148.0,2.5254799424696856e-10,1222.0,BID
845,1712696445.3462772,26955507.32228992,1147.0,6.282553005348702e-10,1222.0,BID
846,1712696445.350067,26956381.44816405,1146.0,2.534310292197505e-08,1222.0,BID
847,1712696445.353823,26961664.87231232,1149.0,1.5317972609330757e-07,1222.0,BID
848,1712696445.3575888,26966948.29646059,1147.0,1.5317972609341554e-07,1222.0,BID
849,1712696445.361345,26968284.58890148,1148.0,3.874247161147835e-08,1222.0,BID
850,1712696445.3651345,26969265.43501501,1150.0,2.8437190502651893e-08,1222.0,BID
851,1712696445.368922,26970606.09711588,1147.0,3.886915902109664e-08,1222.0,BID
852,1712696445.3727596,26970610.45829952,1149.0,1.2644165916110088e-10,1222.0,BID
853,1712696445.3766348,26970676.03112222,1150.0,1.9011207009100124e-09,1222.0,BID
854,1712696445.380471,26970934.84007164,1149.0,7.503520987608242e-09,1222.0,BID
855,1712696445.3843057,26970956.49076851,1148.0,6.277080399371567e-10,1222.0,BID
856,1712696445.3881664,26971222.66303913,1149.0,7.717002149129972e-09,1222.0,BID
857,1712696445.392027,26972096.02548455,1148.0,2.5320969207758933e-08,1222.0,BID
858,1712696445.3958652,26972288.44972914,1150.0,5.578861786003062e-09,1222.0,BID
859,1712696445.3997486,26977561.06327524,1149.0,1.5286629960458473e-07,1222.0,BID
860,1712696445.4036293,27005122.79352872,1150.0,7.990837328986672e-07,1222.0,BID
861,1712696446.1776538,27005540.79352872,1144.0,1.2118869072432953e-08,1222.0,BID
862,1712696455.090427,27005733.0698359,1141.0,-5.574572709214517e-09,1222.0,ASK
863,1712696461.0184135,27005733.0698359,1141.0,-0.0,1222.0,ASK
864,1712696490.9771934,27005733.0698359,1141.0,-0.0,1222.0,ASK
865,1712696505.367336,27006193.0622565,1142.0,1.3296173428205497e-08,1222.0,BID
866,1712696513.7002134,27006219.37804597,1141.0,-7.606631870562887e-10,1222.0,ASK
867,1712696516.7872384,27006261.7364552,1141.0,-1.224378337641526e-09,1222.0,ASK
868,1712696520.6073716,27006261.7364552,1141.0,-0.0,1222.0,ASK
869,1712696522.037293,27006728.24279988,1141.0,-1.3484224425488284e-08,1222.0,ASK
870,1712696522.047263,27007278.1589457,1141.0,-1.5895159433297334e-08,1222.0,ASK
871,1712696550.6672509,27007278.1589457,1141.0,-0.0,1222.0,ASK
872,1712696556.7581685,27007282.53722941,1142.0,1.2654872086378248e-10,1222.0,BID
873,1712696562.0631258,27007308.85301888,1141.0,-7.60624416794247e-10,1222.0,ASK
874,1712696578.8371809,27007559.33738953,1141.0,-7.239932078355312e-09,1222.0,ASK
875,1712696580.9762414,27007559.33738953,1141.0,-0.0,1222.0,ASK
876,1712696604.5352418,27007667.1132214,1142.0,3.115094425779669e-09,1222.0,BID
877,1712696611.0359418,27007667.1132214,1142.0,0.0,1222.0,BID
878,1712696616.3472474,27007672.1132214,1142.0,1.4451678497831146e-10,1222.0,BID
879,1712696640.5911372,27007672.1132214,1142.0,0.0,1222.0,BID
880,1712696653.487421,27007689.64170518,1141.0,-5.066319407291627e-10,1222.0,ASK
881,1712696655.08768,27007715.95749465,1140.0,-7.606145321028152e-10,1222.0,ASK
882,1712696655.1032467,27008029.183169,1140.0,-9.05327199180433e-09,1222.0,ASK
883,1712696670.61684,27008029.183169,1140.0,-0.0,1222.0,ASK
884,1712696670.9674532,27008467.01154027,1141.0,-1.2654558736936211e-08,1222.0,ASK
885,1712696672.8833437,27008878.29952304,1140.0,-1.1887461565442749e-08,1222.0,ASK
886,1712696695.7577202,27009162.58586592,1140.0,-8.216731623877193e-09,1222.0,ASK
887,1712696695.7652695,27009451.89485794,1140.0,-8.3619013131076e-09,1222.0,ASK
888,1712696696.2570071,27009881.44459816,1140.0,-1.2415281363062112e-08,1222.0,ASK
889,1712696700.9996035,27009881.44459816,1140.0,-0.0,1222.0,ASK
890,1712696706.1171155,27010118.33596693,1140.0,-6.855660013001187e-09,1222.0,ASK
1091,1712696706.197409,27010266.67363022,1140.0,-4.2929068792908105e-09,1222.0,ASK
891,1712696706.197409,27010266.67363022,1140.0,-4.29290687929081e-09,1222.0,ASK
892,1712696706.209665,27010414.76013005,1140.0,-4.285638183622363e-09,1222.0,ASK
893,1712696706.357273,27010603.3562662,1140.0,-5.4579911286829415e-09,1222.0,ASK
894,1712696706.397007,27012330.3921662,1140.0,-4.9980592463843135e-08,1222.0,ASK
895,1712696706.4368382,27012432.96970912,1140.0,-2.968604398211264e-09,1222.0,ASK
896,1712696706.4571934,27012535.72590284,1140.0,-2.973774570316586e-09,1222.0,ASK
897,1712696706.621926,27013412.14990284,1140.0,-2.536379861556726e-08,1222.0,ASK
898,1712696706.736779,27013912.14990284,1140.0,-1.4470050235733131e-08,1222.0,ASK
899,1712696707.3768115,27014073.50530693,1140.0,-4.6696416059825835e-09,1222.0,ASK
900,1712696707.4569037,27014193.96610415,1140.0,-3.486147574433283e-09,1222.0,ASK
901,1712696707.7071447,27014346.03721944,1140.0,-4.400953355268216e-09,1222.0,ASK
902,1712696709.0679672,27014517.426026,1140.0,-4.960009281614175e-09,1222.0,ASK
903,1712696709.2946637,27014521.20757644,1140.0,-1.0943844959083216e-10,1222.0,ASK
904,1712696709.301721,27014645.56441108,1140.0,-3.598899288870044e-09,1222.0,ASK
905,1712696710.107123,27015522.15341108,1140.0,-2.5368573732119177e-08,1222.0,ASK
906,1712696710.8568592,27015682.0571748,1140.0,-4.627630987898467e-09,1222.0,ASK
907,1712696710.9774106,27015799.60744951,1140.0,-3.4019167604799486e-09,1222.0,ASK
908,1712696711.0598176,27016439.81642976,1140.0,-1.852771221120189e-08,1222.0,ASK
909,1712696711.1997857,27016910.51300241,1140.0,-1.3622006104072301e-08,1222.0,ASK
910,1712696711.2769632,27017129.90974225,1141.0,6.349363694096432e-09,1222.0,BID
911,1712696711.2986932,27017488.32723295,1141.0,-1.0372638191542436e-08,1222.0,ASK
912,1712696711.3622987,27017876.26066221,1141.0,-1.1226832419019261e-08,1222.0,ASK
913,1712696711.3770828,27018513.86905076,1141.0,-1.845245082610347e-08,1222.0,ASK
914,1712696711.3970244,27018619.12101056,1141.0,-3.046002291451571e-09,1222.0,ASK
915,1712696711.457128,27019136.11049909,1141.0,-1.4961727740776318e-08,1222.0,ASK
916,1712696711.4771247,27019370.91545168,1141.0,-6.795278919092634e-09,1222.0,ASK
917,1712696711.49715,27019721.84616535,1140.0,-1.0155970112196564e-08,1222.0,ASK
918,1712696711.5031185,27019890.716284,1141.0,-4.8871182002961594e-09,1222.0,ASK
919,1712696711.5172622,27020036.576648,1140.0,-4.2212135890006515e-09,1222.0,ASK
920,1712696711.69686,27021099.34553857,1140.0,-3.0756638471069114e-08,1222.0,ASK
921,1712696712.49695,27021381.55738643,1140.0,-8.167239231317145e-09,1222.0,ASK
922,1712696712.5767858,27022264.75738643,1140.0,-2.5559896736377442e-08,1222.0,ASK
923,1712696713.0869555,27023140.96238643,1140.0,-2.5357460733549347e-08,1222.0,ASK
924,1712696714.4068725,27024224.81410733,1140.0,-3.136677769899861e-08,1222.0,ASK
925,1712696714.5872378,27025326.10326423,1140.0,-3.1871418848897084e-08,1222.0,ASK
926,1712696714.947898,27026384.07387633,1140.0,-3.061777580996122e-08,1222.0,ASK
927,1712696715.1472983,27026542.02391784,1140.0,-4.571090070776434e-09,1222.0,ASK
928,1712696715.2072244,27027627.09870945,1140.0,-3.1402173488255696e-08,1222.0,ASK
929,1712696715.2287686,27028701.78229055,1140.0,-3.1101450812145546e-08,1222.0,ASK
930,1712696715.4780169,27029577.09029055,1140.0,-2.533150146342989e-08,1222.0,ASK
931,1712696716.5777285,27029735.54811892,1140.0,-4.585785473488974e-09,1222.0,ASK
932,1712696716.917797,27029865.7026331,1140.0,-3.766684717252349e-09,1222.0,ASK
933,1712696717.3401444,27029984.58406378,1140.0,-3.440440548014984e-09,1222.0,ASK
934,1712696717.7194805,27030342.6367303,1140.0,-1.0362080143131552e-08,1222.0,ASK
935,1712696718.267125,27031218.8417303,1140.0,-2.535746073365716e-08,1222.0,ASK
936,1712696718.52736,27031437.68820658,1140.0,-6.333439011346381e-09,1222.0,ASK
937,1712696721.4253578,27032068.68820658,1140.0,-1.826120339749521e-08,1222.0,ASK
938,1712696723.546945,27032944.89320658,1140.0,-2.535746073365716e-08,1222.0,ASK
939,1712696725.6971068,27033821.09820658,1140.0,-2.5357460733549347e-08,1222.0,ASK
940,1712696728.947204,27034697.30320658,1140.0,-2.535746073365716e-08,1222.0,ASK
941,1712696731.0079305,27034697.30320658,1140.0,-0.0,1222.0,ASK
942,1712696731.9066987,27035573.50820658,1140.0,-2.5336715187870653e-08,1222.0,ASK
943,1712696735.4169345,27036449.71220658,1140.0,-2.5336686271495884e-08,1222.0,ASK
944,1712696736.707212,27038128.61220658,1140.0,-4.85477840562027e-08,1222.0,ASK
945,1712696736.9273524,27039005.03620658,1140.0,-2.5343047884823272e-08,1222.0,ASK
946,1712696738.9175131,27039881.24120658,1140.0,-2.5336715187870653e-08,1222.0,ASK
947,1712696740.626933,27041979.24120658,1140.0,-6.066665730538069e-08,1222.0,ASK
948,1712696741.0882146,27042854.57120658,1140.0,-2.5311413317081225e-08,1222.0,ASK
949,1712696743.1574275,27044017.09974021,1140.0,-3.361616785389055e-08,1222.0,ASK
950,1712696743.937674,27044104.81903846,1140.0,-2.536528410788499e-09,1222.0,ASK
951,1712696743.9510252,27044801.62274021,1140.0,-2.014907120269048e-08,1222.0,ASK
952,1712696747.2702868,27044801.84188367,1140.0,-6.336845221951733e-12,1222.0,ASK
953,1712696749.0977118,27044806.24188367,1139.0,-1.2723226503969238e-10,1222.0,ASK
954,1712696749.106964,27045679.31488367,1139.0,-2.524614894839921e-08,1222.0,ASK
955,1712696751.687401,27046291.31488357,1139.0,-1.7696851413151075e-08,1222.0,ASK
956,1712696754.6978354,27046301.31488357,1139.0,-2.8916423882450276e-10,1222.0,ASK
957,1712696754.7018428,27046922.71488357,1139.0,-1.7968665800511515e-08,1222.0,ASK
958,1712696755.8078604,27046925.10492141,1139.0,-6.911134733711285e-11,1222.0,ASK
959,1712696755.816368,27047800.07288357,1139.0,-2.5300944477294984e-08,1222.0,ASK
960,1712696757.7370193,27047808.84481339,1140.0,2.536528410249889e-10,1222.0,BID
961,1712696760.6283102,27047808.84481339,1140.0,0.0,1222.0,BID
962,1712696762.6079998,27048686.20181339,1139.0,-2.5359068452259343e-08,1222.0,ASK
1163,1712696764.958637,27049563.55981339,1139.0,-2.535909735635917e-08,1222.0,ASK
963,1712696764.958637,27049563.55981339,1139.0,-2.5359097356359172e-08,1222.0,ASK
964,1712696770.1324809,27050441.02081339,1139.0,-2.536207446141349e-08,1222.0,ASK
965,1712696771.6696615,27050801.20285545,1139.0,-1.0410677819711044e-08,1222.0,ASK
966,1712696771.6759448,27051318.37781339,1139.0,-1.4948390632655974e-08,1222.0,ASK
967,1712696773.6181605,27052195.73581339,1139.0,-2.5359097356251496e-08,1222.0,ASK
968,1712696773.897989,27052938.85867575,1139.0,-2.1479173854114453e-08,1222.0,ASK
969,1712696775.1598177,27053816.21667575,1139.0,-2.5359097356251496e-08,1222.0,ASK
970,1712696776.8698723,27054498.91167575,1140.0,1.9732570934159035e-08,1222.0,BID
971,1712696777.5283637,27054651.12826035,1139.0,-4.399658050789353e-09,1222.0,ASK
972,1712696777.5402308,27055376.26867575,1139.0,-2.095941040146999e-08,1222.0,ASK
973,1712696781.908327,27055815.25023852,1140.0,1.2688293932372513e-08,1222.0,BID
974,1712696783.3988814,27055824.02216834,1140.0,2.535432768447218e-10,1222.0,BID
975,1712696788.4786325,27055832.79409816,1140.0,2.535432769523973e-10,1222.0,BID
976,1712696790.6484857,27055832.79409816,1140.0,0.0,1222.0,BID
977,1712696803.2391884,27055859.20254886,1139.0,-7.631064967728235e-10,1222.0,ASK
978,1712696803.5656853,27056279.80825061,1140.0,1.2153948265493732e-08,1222.0,BID
979,1712696803.679169,27056855.55825061,1139.0,-1.663704435002135e-08,1222.0,ASK
980,1712696805.8491406,27057384.70825061,1139.0,-1.5290476800328278e-08,1222.0,ASK
1181,1712696814.349085,27057489.85531689,1139.0,-3.038361102872919e-09,1222.0,ASK
981,1712696814.349085,27057489.85531689,1139.0,-3.0383611028729192e-09,1222.0,ASK
982,1712696814.355971,27057890.70825061,1139.0,-1.1583166367575716e-08,1222.0,ASK
983,1712696815.0693324,27057950.13075409,1139.0,-1.7170904486817e-09,1222.0,ASK
984,1712696817.0797312,27057986.71994732,1139.0,-1.057292280462449e-09,1222.0,ASK
1185,1712696817.0848446,27058827.57475409,1139.0,-2.429759220521949e-08,1222.0,ASK
985,1712696817.0848446,27058827.57475409,1139.0,-2.4297592205219492e-08,1222.0,ASK
986,1712696817.5193465,27058864.41848447,1139.0,-1.0646474622594863e-09,1222.0,ASK
987,1712696817.5274186,27060309.78865562,1139.0,-4.176584913520228e-08,1222.0,ASK
988,1712696818.2598605,27060318.56828687,1139.0,-2.536988527599453e-10,1222.0,ASK
989,1712696818.2723536,27061508.0004669,1139.0,-3.437018832920052e-08,1222.0,ASK
990,1712696818.31914,27061679.1735828,1139.0,-4.9462695974383e-09,1222.0,ASK
991,1712696820.9903948,27061679.1735828,1139.0,-0.0,1222.0,ASK
992,1712696823.8736048,27061766.96989535,1139.0,-2.536500421891622e-09,1222.0,ASK
993,1712696824.3998244,27061796.52089535,1138.0,-8.537502519886801e-10,1222.0,ASK
994,1712696824.40378,27061816.52089535,1138.0,-5.778147961261768e-10,1222.0,ASK
995,1712696829.1353698,27061874.84335756,1138.0,-1.6849790805310487e-09,1222.0,ASK
996,1712696829.1412568,27062818.4561252,1138.0,-2.7261670947812693e-08,1222.0,ASK
997,1712696832.7796893,27062895.4561252,1138.0,-2.2245869650857808e-09,1222.0,ASK
998,1712696833.4996607,27063563.29443802,1138.0,-1.929434292835536e-08,1222.0,ASK
999,1712696833.5194535,27065639.72553322,1138.0,-5.998963049719609e-08,1222.0,ASK
1000,1712696834.109474,27065810.22553322,1138.0,-4.9258711369756575e-09,1222.0,ASK
1201,1712696834.149927,27066228.22553322,1138.0,-1.2076329239037094e-08,1222.0,ASK
1202,1712696834.1726766,27066237.01287944,1138.0,-2.5387293316587177e-10,1222.0,ASK
1203,1712696834.175382,27066317.5301215,1138.0,-2.326202690359006e-09,1222.0,ASK
1204,1712696834.1780505,27067801.83582384,1138.0,-4.288268983932133e-08,1222.0,ASK
1205,1712696834.2296004,27068679.96482384,1138.0,-2.5369796455285493e-08,1222.0,ASK
1206,1712696834.2899358,27069007.92497944,1138.0,-9.475011522349677e-09,1222.0,ASK
1207,1712696834.2928317,27069007.92497945,1138.0,-2.152527854316596e-19,1222.0,ASK
1208,1712696834.4098887,27069017.79760837,1137.0,-2.8522755343323764e-10,1222.0,ASK
1209,1712696834.412626,27070962.40709199,1137.0,-5.6181206616096586e-08,1222.0,ASK
1210,1712696834.4153087,27070976.80550887,1137.0,-4.1598091571781616e-10,1222.0,ASK
1211,1712696834.8300755,27071098.85900132,1137.0,-3.526215692801811e-09,1222.0,ASK
1212,1712696834.8328648,27071121.07777607,1137.0,-6.419168401411777e-10,1222.0,ASK
1213,1712696834.83555,27071296.51637256,1137.0,-5.0685508431988595e-09,1222.0,ASK
1214,1712696840.980149,27071735.49793533,1138.0,1.2682502109673366e-08,1222.0,BID
1215,1712696841.300027,27071998.06585981,1137.0,-7.585781587659804e-09,1222.0,ASK
1216,1712696850.9517975,27071998.06585981,1137.0,-0.0,1222.0,ASK
1217,1712696852.7601142,27072006.86093456,1137.0,2.5401005852966236e-10,1222.0,BID
1218,1712696859.7112162,27072094.73439677,1136.0,-2.5378685133030503e-09,1222.0,ASK
1219,1712696859.7139633,27072251.41105843,1136.0,-4.524969841720617e-09,1222.0,ASK
1220,1712696859.720985,27072515.07217981,1136.0,-7.614781997801646e-09,1222.0,ASK
1221,1712696863.0001705,27072603.25560132,1136.0,-2.546820430386211e-09,1222.0,ASK
1222,1712696864.5312665,27072612.05841822,1136.0,-2.5423365917452253e-10,1222.0,ASK
1223,1712696864.533653,27074521.64195629,1136.0,-5.515057461973549e-08,1222.0,ASK
1224,1712696864.535839,27077402.62693804,1136.0,-8.32055650078406e-08,1222.0,ASK
1225,1712696878.9109824,27077490.73266491,1135.0,-2.544576535768962e-09,1222.0,ASK
1226,1712696878.9139483,27077758.16085873,1135.0,-7.723578604873103e-09,1222.0,ASK
1227,1712696878.9168017,27078402.62693804,1135.0,-1.8612788541755842e-08,1222.0,ASK
1228,1712696880.6507878,27078402.62693804,1135.0,-0.0,1222.0,ASK
1229,1712696884.0119014,27078420.23257184,1136.0,5.083605132078171e-10,1222.0,BID
1230,1712696903.0715532,27078508.18331942,1137.0,2.539567032174435e-09,1222.0,BID
1231,1712696908.6314387,27079670.08476306,1136.0,3.3549761453095816e-08,1222.0,BID
1232,1712696908.9112802,27079678.87983781,1136.0,2.5395670298079544e-10,1222.0,BID
1233,1712696910.651282,27079678.87983781,1136.0,0.0,1222.0,BID
1234,1712696917.971863,27079683.28983781,1136.0,1.2733287734500606e-10,1222.0,BID
1235,1712696927.8119252,27079718.50110541,1136.0,1.0166784621459024e-09,1222.0,BID
1236,1712696933.8219955,27079938.57152794,1136.0,6.354240389648862e-09,1222.0,BID
1237,1712696940.4624228,27080309.08266955,1136.0,1.0698015815853478e-08,1222.0,BID
1238,1712696940.4724436,27095285.70455667,1136.0,4.324300130909113e-07,1222.0,BID
1239,1712696940.9820771,27095285.70455667,1136.0,0.0,1222.0,BID
1240,1712696944.022038,27095304.63055667,1136.0,-5.461834492451418e-10,1222.0,ASK
1241,1712696944.0621626,27095813.93420101,1136.0,-1.4697940462486752e-08,1222.0,ASK
1242,1712696944.3820972,27096293.93420101,1136.0,-1.38522696634724e-08,1222.0,ASK
1243,1712696947.0120363,27096476.70420101,1136.0,-5.274540263305537e-09,1222.0,ASK
1244,1712696953.6623092,27097356.55320101,1136.0,-2.5391470023185618e-08,1222.0,ASK
1245,1712696955.2526157,27097526.60849537,1136.0,-4.907607906644315e-09,1222.0,ASK
1246,1712696955.2598903,27097783.86720101,1136.0,-7.424202007978921e-09,1222.0,ASK
1247,1712696955.494215,27098211.18120101,1136.0,-1.2331809914515727e-08,1222.0,ASK
1248,1712696955.4966283,27098211.4013686,1136.0,-6.353793346380846e-12,1222.0,ASK
1249,1712696958.708831,27098257.5373686,1136.0,-1.331433985819035e-09,1222.0,ASK
1250,1712696968.6127207,27098257.64511507,1136.0,-3.10944409936458e-12,1222.0,ASK
1251,1712696968.6151652,27099137.4193686,1136.0,-2.5389312922620457e-08,1222.0,ASK
1252,1712696971.0125482,27099137.4193686,1136.0,-0.0,1222.0,ASK
1253,1712696971.412629,27099137.92680521,1136.0,-1.464221101316672e-11,1222.0,ASK
1254,1712696971.4225423,27099191.7203686,1136.0,-1.55222679963702e-09,1222.0,ASK
1255,1712696972.9830692,27099191.94088971,1136.0,-6.363192008067902e-12,1222.0,ASK
1256,1712696972.986153,27099201.9273686,1136.0,-2.8816235979764514e-10,1222.0,ASK
1257,1712696976.6496165,27099210.7301855,1136.0,-2.5400749541368263e-10,1222.0,ASK
1258,1712696976.6547208,27099220.7403686,1136.0,-2.8884635069311207e-10,1222.0,ASK
1259,1712696981.8033724,27099220.74370661,1136.0,-9.631909256947116e-14,1222.0,ASK
1260,1712696981.8130512,27099230.7383686,1136.0,-2.8839848518667603e-10,1222.0,ASK
1261,1712696983.4527075,27099230.74370661,1136.0,-1.5402960498729241e-13,1222.0,ASK
1262,1712696986.6230986,27099239.54652351,1136.0,2.5400749541368263e-10,1222.0,BID
1263,1712697000.7042472,27099239.54652351,1136.0,0.0,1222.0,BID
1264,1712697001.9959562,27100119.82821365,1136.0,2.5528203860869843e-08,1222.0,BID
1265,1712697005.8242738,27100195.43302352,1135.0,-2.192542479095214e-09,1222.0,ASK
1266,1712697009.5234594,27100205.43302352,1136.0,2.900003958599825e-10,1222.0,BID
1267,1712697010.1430974,27100839.33302352,1135.0,-1.8383125093521083e-08,1222.0,ASK
1268,1712697015.2240283,27101389.45905063,1135.0,-1.5953676563505904e-08,1222.0,ASK
1269,1712697015.2345138,27101473.13302352,1135.0,-2.426548526121393e-09,1222.0,ASK
1270,1712697018.757066,27101495.14844202,1135.0,-6.38448007993855e-10,1222.0,ASK
1271,1712697018.7634745,27101722.48874391,1135.0,-6.592877754300652e-09,1222.0,ASK
1272,1712697018.7659156,27102353.80202352,1135.0,-1.8308110099860072e-08,1222.0,ASK
1273,1712697019.5032604,27102987.60202352,1135.0,-1.8380225089627298e-08,1222.0,ASK
1274,1712697020.7438111,27103739.88902352,1135.0,-2.1816352780045692e-08,1222.0,ASK
1275,1712697023.823797,27103825.3391446,1135.0,-2.4780568939089103e-09,1222.0,ASK
1276,1712697023.826411,27104106.0080856,1135.0,-8.139410399628043e-09,1222.0,ASK
1277,1712697023.829093,27104373.68902352,1135.0,-7.762757796090346e-09,1222.0,ASK
1278,1712697028.1346338,27104563.08102396,1135.0,-5.492375510046133e-09,1222.0,ASK
1279,1712697030.664117,27104563.08102396,1135.0,-0.0,1222.0,ASK
1280,1712697038.9837515,27104651.18675083,1135.0,-2.554621868940768e-09,1222.0,ASK
1281,1712697052.7847614,27104731.84077235,1134.0,-2.338559983760534e-09,1222.0,ASK
1282,1712697052.7882092,27105263.45223619,1134.0,-1.5414052180103347e-08,1222.0,ASK
1283,1712697052.7915325,27107287.39061726,1134.0,-5.8684008786594043e-08,1222.0,ASK
1284,1712697055.0541806,27107387.39061726,1135.0,2.8994958213903514e-09,1222.0,BID
1285,1712697061.0150456,27107387.39061726,1135.0,0.0,1222.0,BID
1286,1712697065.7510586,27108268.44788598,1135.0,2.5543846445026883e-08,1222.0,BID
1287,1712697073.704382,27109935.94694958,1135.0,4.8344575931705366e-08,1222.0,BID
1288,1712697075.3753276,27110040.92210279,1135.0,-3.0434675353999475e-09,1222.0,ASK
1289,1712697078.8031838,27110517.24659376,1135.0,-1.3809726208797413e-08,1222.0,ASK
1290,1712697080.1542842,27111276.25987646,1136.0,2.2005514773431312e-08,1222.0,BID
1291,1712697080.1766477,27111544.00417262,1136.0,7.762513777983563e-09,1222.0,BID
1292,1712697080.225463,27112271.58767048,1136.0,2.1094294099925795e-08,1222.0,BID
1293,1712697080.6345315,27112383.9580479,1136.0,-3.2578718407159918e-09,1222.0,ASK
1294,1712697080.654867,27112427.79113112,1136.0,-1.270820395824918e-09,1222.0,ASK
1295,1712697080.6643248,27112606.5623564,1136.0,-5.182982865577275e-09,1222.0,ASK
1296,1712697080.6753285,27112620.5623564,1137.0,4.0589172001255804e-10,1222.0,BID
1297,1712697080.6851125,27113173.9885239,1137.0,1.6045078501874175e-08,1222.0,BID
1298,1712697080.6875384,27113365.5756391,1137.0,5.5545445514365765e-09,1222.0,BID
1299,1712697080.8348746,27113474.2998556,1136.0,-3.152161374505672e-09,1222.0,ASK
1300,1712697080.8486974,27114233.1246391,1136.0,-2.2000049754506235e-08,1222.0,ASK
1301,1712697080.8542962,27114895.0669366,1137.0,1.919120697722772e-08,1222.0,BID
1302,1712697080.9849255,27115038.53817245,1136.0,-4.159556192218792e-09,1222.0,ASK
1303,1712697091.0252454,27115038.53817245,1136.0,-0.0,1222.0,ASK
1304,1712697101.1654146,27115464.56945055,1135.0,-1.2348500903781188e-08,1222.0,ASK
1305,1712697101.1755586,27115473.37226745,1136.0,-2.551493236530259e-10,1222.0,ASK
1306,1712697101.1776729,27116619.37226745,1135.0,-3.321676778956135e-08,1222.0,ASK
1307,1712697106.545209,27116683.27173949,1135.0,1.852123843456753e-09,1222.0,BID
1308,1712697112.5549862,27116821.73694798,1135.0,-4.013408967999291e-09,1222.0,ASK
1309,1712697113.895048,27116945.83323904,1135.0,-3.596926425598043e-09,1222.0,ASK
1310,1712697118.155923,27117094.65767415,1135.0,-4.313670769961151e-09,1222.0,ASK
1311,1712697119.209972,27117523.38017539,1135.0,-1.2426505907392049e-08,1222.0,ASK
1312,1712697119.2164292,27117558.0208044,1135.0,-1.0040573560039427e-09,1222.0,ASK
1313,1712697120.648421,27117558.0208044,1135.0,-0.0,1222.0,ASK
1314,1712697123.518999,27117573.38017539,1135.0,-4.4515390531550735e-10,1222.0,ASK
1315,1712697123.675899,27117585.26831652,1135.0,3.4454877447599327e-10,1222.0,BID
1316,1712697127.175675,27117598.89207258,1135.0,3.9485134000371886e-10,1222.0,BID
1317,1712697136.3554716,27117605.70395061,1135.0,1.974256699478752e-10,1222.0,BID
1318,1712697149.8581514,27117874.66924504,1135.0,-7.795303030550646e-09,1222.0,ASK
1319,1712697149.935443,27118078.06627864,1135.0,-5.894966916878987e-09,1222.0,ASK
1320,1712697150.2426114,27119907.23356798,1135.0,-5.301395239219783e-08,1222.0,ASK
1321,1712697150.6254773,27119907.23356798,1135.0,-0.0,1222.0,ASK
1322,1712697160.4772725,27120065.69260884,1135.0,-4.592193929929432e-09,1222.0,ASK
1323,1712697167.7858446,27120224.1516497,1135.0,-4.592193929821473e-09,1222.0,ASK
1324,1712697170.995986,27120441.78574687,1135.0,-6.3071060795021804e-09,1222.0,ASK
1325,1712697171.1159372,27120604.973788,1135.0,-4.729241877576567e-09,1222.0,ASK
1326,1712697171.1257288,27120772.97475691,1135.0,-4.868722071391122e-09,1222.0,ASK
1327,1712697175.1959732,27120935.33709958,1135.0,-4.705312870693726e-09,1222.0,ASK
1328,1712697175.199289,27121155.55833031,1135.0,-6.382082041536691e-09,1222.0,ASK
1329,1712697181.034012,27121155.55833031,1135.0,-0.0,1222.0,ASK
1330,1712697186.897256,27121541.15833031,1135.0,-1.117435309757189e-08,1222.0,ASK
1331,1712697194.1165717,27123400.06767103,1135.0,-5.3869578188554335e-08,1222.0,ASK
1332,1712697194.2200644,27123558.55173305,1135.0,-4.592730470277915e-09,1222.0,ASK
1333,1712697194.2561994,27123765.74348227,1135.0,-6.004236941561365e-09,1222.0,ASK
1334,1712697194.416401,27124337.20580856,1135.0,-1.6560481887762962e-08,1222.0,ASK
1335,1712697194.4767818,27124656.0785115,1135.0,-9.240653982852237e-09,1222.0,ASK
1336,1712697200.5082426,27124877.04042368,1135.0,-6.403284304507717e-09,1222.0,ASK
1337,1712697200.6062746,27125035.5995492,1135.0,-4.594905745329574e-09,1222.0,ASK
1338,1712697200.6497445,27125195.93308953,1135.0,-4.646326745332524e-09,1222.0,ASK
1339,1712697200.7472255,27125316.24651513,1135.0,-3.486578578925201e-09,1222.0,ASK
1340,1712697202.4362535,27125670.84651513,1135.0,-1.027600002178509e-08,1222.0,ASK
1341,1712697205.8461926,27125782.53836403,1135.0,-3.236732774186497e-09,1222.0,ASK
1342,1712697211.016303,27125782.53836403,1135.0,-0.0,1222.0,ASK
1343,1712697214.5065928,27126176.43836403,1135.0,-1.1413142951574256e-08,1222.0,ASK
1344,1712697216.864708,27126327.20403897,1135.0,-4.368393501653917e-09,1222.0,ASK
1345,1712697218.7698102,27126331.60544742,1136.0,1.2752958571918322e-10,1222.0,BID
1346,1712697222.8266633,27126605.30544742,1135.0,-7.930381380678313e-09,1222.0,ASK
1347,1712697225.976972,27126984.65235754,1135.0,-1.0991471219816402e-08,1222.0,ASK
1348,1712697226.007424,27127220.88811154,1135.0,-6.844865272059237e-09,1222.0,ASK
1349,1712697226.0777757,27129322.82521058,1135.0,-6.090304287038965e-08,1222.0,ASK
1350,1712697226.0811584,27129849.48811154,1135.0,-1.5259911084011435e-08,1222.0,ASK
1351,1712697226.53664,27129921.05374264,1135.0,-2.0735942578220918e-09,1222.0,ASK
1352,1712697226.5404334,27130230.68811154,1135.0,-8.971569725798272e-09,1222.0,ASK
1353,1712697226.8572524,27130448.08811154,1135.0,-6.299104538371726e-09,1222.0,ASK
1354,1712697227.466755,27130511.26807886,1135.0,-1.8306219820215518e-09,1222.0,ASK
1355,1712697232.5472753,27130609.12248044,1135.0,-2.8353040713094956e-09,1222.0,ASK
1356,1712697232.5553446,27130679.40192436,1135.0,-2.036327342003668e-09,1222.0,ASK
1357,1712697233.8671818,27130723.45478779,1135.0,-1.276419466253657e-09,1222.0,ASK
1358,1712697233.8719635,27131679.40192436,1135.0,-2.7698302421579377e-08,1222.0,ASK
1359,1712697239.2624257,27131921.80192436,1135.0,-7.0234725855675516e-09,1222.0,ASK
1360,1712697240.6081312,27131921.80192436,1135.0,-0.0,1222.0,ASK
1361,1712697240.8967724,27132821.98432994,1135.0,-2.6077269905317763e-08,1222.0,ASK
1362,1712697246.6712315,27132981.65593842,1135.0,-4.625506569313285e-09,1222.0,ASK
1363,1712697247.9673033,27133086.14530408,1135.0,-3.026939177718226e-09,1222.0,ASK
1364,1712697254.7769344,27133231.9234229,1135.0,-4.223027829880591e-09,1222.0,ASK
1365,1712697265.297293,27133236.3334229,1135.0,-1.2775273052827728e-10,1222.0,ASK
1366,1712697265.306821,27134109.6474229,1135.0,-2.529892247272439e-08,1222.0,ASK
1367,1712697265.827801,27134150.75776835,1135.0,-1.1909203819517218e-09,1222.0,ASK
1368,1712697265.831663,27135024.8474229,1135.0,-2.5321392310998293e-08,1222.0,ASK
1369,1712697270.6625035,27135024.8474229,1135.0,-0.0,1222.0,ASK
1370,1712697274.7172413,27135029.98001485,1135.0,-1.4867023659585883e-10,1222.0,ASK
1371,1712697278.2223394,27135108.33733238,1135.0,-2.2696916206015e-09,1222.0,ASK
1372,1712697278.2261996,27135112.66901485,1135.0,-1.2547115846402838e-10,1222.0,ASK
1373,1712697280.589115,27135148.31601485,1135.0,-1.0325480727275834e-09,1222.0,ASK
1374,1712697300.6316304,27135148.31601485,1135.0,-0.0,1222.0,ASK
1375,1712697310.5383942,27135148.33733238,1135.0,-6.181144093855763e-13,1222.0,ASK
1376,1712697310.5421164,27136001.13365132,1134.0,-2.4727333914326635e-08,1222.0,ASK
1377,1712697310.5457284,27136089.31707283,1134.0,-2.556930489713635e-09,1222.0,ASK
1378,1712697310.548536,27136093.72407283,1135.0,-1.2778357280112387e-10,1222.0,ASK
1379,1712697310.5505743,27137368.09091586,1134.0,-3.695102072682887e-08,1222.0,ASK
1380,1712697310.5527997,27138939.97004777,1133.0,-4.5577565597330457e-08,1222.0,ASK
1381,1712697310.554853,27139944.39004777,1134.0,-2.9123752270787847e-08,1222.0,ASK
1382,1712697318.9292612,27141054.39004777,1136.0,3.2185106848247706e-08,1222.0,BID
1383,1712697318.9338517,27141813.40333047,1136.0,2.2008039281966608e-08,1222.0,BID
1384,1712697318.9383633,27142576.40130318,1137.0,2.2123577726675373e-08,1222.0,BID
1385,1712697318.9410498,27143368.25616802,1136.0,2.296030039023685e-08,1222.0,BID
1386,1712697318.9497633,27144725.18494391,1136.0,3.9344952826608194e-08,1222.0,BID
1387,1712697318.9518418,27144725.18494392,1137.0,2.1603399332745456e-19,1222.0,BID
1388,1712697319.147774,27145060.18697121,1137.0,9.7135820205102e-09,1222.0,BID
1389,1712697319.1513884,27145171.59267856,1138.0,3.2302744095714756e-09,1222.0,BID
1390,1712697319.1550188,27145222.59267856,1137.0,1.4787751795140835e-09,1222.0,BID
1391,1712697330.6039045,27145406.59267856,1136.0,5.335188882952772e-09,1222.0,BID
1392,1712697330.638645,27145406.59267856,1136.0,0.0,1222.0,BID
1393,1712697330.7980027,27145707.82615305,1136.0,-8.731494978769637e-09,1222.0,ASK
1394,1712697330.8583047,27146009.87642353,1136.0,-8.755170468674365e-09,1222.0,ASK
1395,1712697330.8785686,27146146.06436845,1136.0,-3.947517317735251e-09,1222.0,ASK
1396,1712697330.8874967,27146302.60019538,1136.0,-4.537317073333535e-09,1222.0,ASK
1397,1712697331.1575737,27146606.58319538,1136.0,-8.811192191117295e-09,1222.0,ASK
1398,1712697341.0978718,27146606.59267856,1136.0,-2.748776406807838e-13,1222.0,ASK
1399,1712697341.107701,27146619.72919538,1136.0,-3.8077252476627365e-10,1222.0,ASK
1400,1712697343.4125452,27146874.75314501,1135.0,-7.392074667134335e-09,1222.0,ASK
1401,1712697343.417732,27146874.82944509,1136.0,-2.2116193231424983e-12,1222.0,ASK
1402,1712697345.988178,27146962.85444509,1136.0,-2.5514755516338982e-09,1222.0,ASK
1403,1712697356.8084908,27147138.85444509,1136.0,-5.101501813066379e-09,1222.0,ASK
1404,1712697356.8132083,27147138.8576141,1136.0,-9.185634669488469e-14,1222.0,ASK
1405,1712697356.8501446,27147147.66818678,1135.0,-2.5538154830460966e-10,1222.0,ASK
1406,1712697356.852291,27147235.69635579,1135.0,-2.551567407980593e-09,1222.0,ASK
1407,1712697356.85443,27147240.10635579,1135.0,-1.278274033885393e-10,1222.0,ASK
1408,1712697356.856596,27147860.18578311,1135.0,-1.797350183364059e-08,1222.0,ASK
1409,1712697357.3880672,27147948.1386141,1134.0,-2.5493836747401392e-09,1222.0,ASK
1410,1712697361.0279868,27147948.1386141,1134.0,-0.0,1222.0,ASK
1411,1712697362.028338,27148059.44001886,1134.0,-3.225891030814291e-09,1222.0,ASK
1412,1712697390.9981542,27148059.44001886,1134.0,-0.0,1222.0,ASK
1413,1712697395.1186478,27148109.44001886,1134.0,-1.4491637535964483e-09,1222.0,ASK
1414,1712697395.1228735,27148142.66936101,1134.0,-9.630951640342331e-10,1222.0,ASK
1415,1712697395.1269698,27151560.08101052,1134.0,-9.90477818717705e-08,1222.0,ASK
1416,1712697398.568794,27151663.1806472,1134.0,-2.988165129752312e-09,1222.0,ASK
1417,1712697403.328329,27151834.50578183,1134.0,-4.965563503644705e-09,1222.0,ASK
1418,1712697408.338762,27152052.6433348,1134.0,-6.322340701222573e-09,1222.0,ASK
1419,1712697413.3387363,27152220.08497406,1134.0,-4.853007089259531e-09,1222.0,ASK
1420,1712697416.608548,27152268.09297599,1135.0,1.3914291255122371e-09,1222.0,BID
1421,1712697416.7485943,27152352.89497599,1135.0,-2.457839692680816e-09,1222.0,ASK
1422,1712697416.969765,27152508.89497599,1135.0,-4.521390911220919e-09,1222.0,ASK
1423,1712697419.098777,27152534.66797599,1135.0,-7.46985948376135e-10,1222.0,ASK
1424,1712697420.658477,27152534.66797599,1135.0,-0.0,1222.0,ASK
1425,1712697423.879399,27152534.6902604,1135.0,-6.457802186883204e-13,1222.0,ASK
1426,1712697423.8908713,27152706.34219388,1135.0,-4.974303501614246e-09,1222.0,ASK
1427,1712697423.9989443,27152835.15263408,1135.0,-3.732799338449131e-09,1222.0,ASK
1428,1712697424.098729,27152939.81690407,1135.0,-3.033067173529489e-09,1222.0,ASK
1429,1712697424.278882,27153036.21937351,1135.0,-2.7936483531849262e-09,1222.0,ASK
1430,1712697430.8888752,27153165.5305198,1135.0,-3.747309306355213e-09,1222.0,ASK
1431,1712697432.6792088,27153324.94204741,1135.0,-4.619588628675617e-09,1222.0,ASK
1432,1712697432.848855,27154135.88204741,1135.0,-2.3500240281735373e-08,1222.0,ASK
1433,1712697432.948584,27154255.08845805,1135.0,-3.454484047074753e-09,1222.0,ASK
1434,1712697434.1185918,27154445.01547327,1135.0,-5.503897321169503e-09,1222.0,ASK
1435,1712697434.9796076,27154764.59412306,1135.0,-9.261073641738493e-09,1222.0,ASK
1436,1712697435.1591852,27154914.70128058,1135.0,-4.3499571727344094e-09,1222.0,ASK
1437,1712697436.299305,27155264.07937039,1135.0,-1.01246319823094e-08,1222.0,ASK
1438,1712697436.3118443,27155713.94328058,1135.0,-1.3036611812891732e-08,1222.0,ASK
1439,1712697445.4587996,27155722.74609748,1136.0,2.5509693966273633e-10,1222.0,BID
1440,1712697450.6495545,27155722.74609748,1136.0,0.0,1222.0,BID
1441,1712697461.5765874,27155722.94916422,1135.0,-5.884056571742208e-12,1222.0,ASK
1442,1712697461.5847113,27156821.54609748,1135.0,-3.183291610904786e-08,1222.0,ASK
1443,1712697464.889186,27157038.5244933,1135.0,-6.287160342877966e-09,1222.0,ASK
1444,1712697464.8944194,27157702.04209748,1135.0,-1.922606880763852e-08,1222.0,ASK
1445,1712697467.2090046,27158330.95177983,1135.0,-1.82232705666346e-08,1222.0,ASK
1446,1712697467.2136147,27158335.26009748,1135.0,-1.2483769995609402e-10,1222.0,ASK
1447,1712697469.1391037,27159058.36409748,1135.0,-2.0952642660078536e-08,1222.0,ASK
1448,1712697469.2628057,27159924.56409748,1135.0,-2.509898862706341e-08,1222.0,ASK
1449,1712697471.389327,27160640.90809748,1135.0,-2.0756765076302577e-08,1222.0,ASK
1450,1712697473.739769,27161274.30809748,1135.0,-1.835338189384869e-08,1222.0,ASK
1451,1712697474.2793553,27161907.56809748,1135.0,-1.834932525737184e-08,1222.0,ASK
1452,1712697475.579135,27162913.18952123,1135.0,-2.91388601684164e-08,1222.0,ASK
1453,1712697475.7991364,27163160.7753409,1135.0,-7.174040258717908e-09,1222.0,ASK
1454,1712697477.470368,27163794.2753409,1135.0,-1.835627949117796e-08,1222.0,ASK
1455,1712697478.2493932,27164674.7863409,1135.0,-2.5513663790142857e-08,1222.0,ASK
1456,1712697480.1086884,27164987.36446629,1135.0,-9.057255615640917e-09,1222.0,ASK
1457,1712697480.120195,27165219.80648342,1135.0,-6.7352338310049235e-09,1222.0,ASK
1458,1712697480.1855314,27165393.30032922,1135.0,-5.027153154646881e-09,1222.0,ASK
1459,1712697480.2411685,27165522.87915559,1135.0,-3.754672696157143e-09,1222.0,ASK
1460,1712697480.9991672,27165522.87915559,1135.0,-0.0,1222.0,ASK
1461,1712697482.7494185,27165963.40778995,1135.0,-1.2760633424211044e-08,1222.0,ASK
1462,1712697482.7529922,27167246.03695952,1135.0,-3.715345468054658e-08,1222.0,ASK
