,time,acc_trade_volume,trade_price,dev,high,ask_bid
0,1712689619.190649,24779013.77065569,864.3,0.0,886.9,ASK
1,1712689620.1368096,24779013.77065569,864.3,-0.0,886.9,ASK
2,1712689650.1447992,24779013.77065569,864.3,-0.0,886.9,ASK
3,1712689680.1672623,24779013.77065569,864.3,-0.0,886.9,ASK
4,1712689688.4648974,24779025.34606951,863.9,4.77292373098543e-10,886.9,BID
5,1712689697.5348716,24779125.34606951,862.7,-4.123328811783095e-09,886.9,ASK
6,1712689697.7580202,24779160.1246459,862.6,-1.434035060573778e-09,886.9,ASK
7,1712689697.7647915,24779167.49481851,862.6,-3.038964506503543e-10,886.9,ASK
8,1712689710.137247,24779167.49481851,862.6,-0.0,886.9,ASK
9,1712689740.2079885,24779167.49481851,862.6,-0.0,886.9,ASK
10,1712689759.865347,24779186.02191438,863.6,7.6392890444049e-10,886.9,BID
11,1712689770.2048278,24779186.02191438,863.6,0.0,886.9,BID
12,1712689770.7050557,24779301.78945316,863.8,4.7734470275479584e-09,886.9,BID
13,1712689793.958614,24779417.55699194,863.7,4.7734470275479584e-09,886.9,BID
14,1712689800.154878,24779417.55699194,863.7,0.0,886.9,BID
15,1712689805.2050047,24779423.8410856,863.7,2.5933965920718315e-10,886.9,BID
16,1712689805.9852805,24779434.50034956,863.7,4.3989953528499117e-10,886.9,BID
17,1712689830.1464229,24779434.50034956,863.7,0.0,886.9,BID
18,1712689848.4152002,24779441.84293935,862.4,-3.0302278839024296e-10,886.9,ASK
19,1712689848.416759,24779476.62958056,862.4,-1.435616766983405e-09,886.9,ASK
20,1712689851.5855532,24779476.62958127,862.4,-2.9210550814132616e-17,886.9,ASK
21,1712689851.586789,24779511.42025656,862.3,-1.4357832502116747e-09,886.9,ASK
22,1712689860.2049184,24779511.42025656,862.3,-0.0,886.9,ASK
23,1712689882.0359774,24779511.42025736,862.3,-3.3053953857814174e-17,886.9,ASK
24,1712689882.037995,24779546.22304158,862.0,-1.436279044229803e-09,886.9,ASK
25,1712689882.0392747,24779581.01775278,862.2,-1.4359458782086771e-09,886.9,ASK
26,1712689882.046065,24779588.37142765,861.1,-3.034794299001858e-10,886.9,ASK
27,1712689882.0473511,24779623.18632842,861.7,-1.43677908306011e-09,886.9,ASK
28,1712689882.0486112,24782583.18632842,861.4,-1.2215649024287865e-07,886.9,ASK
29,1712689882.0498798,24782683.18632842,861.5,-4.126908454151306e-09,886.9,ASK
30,1712689882.0511963,24782717.99315055,861.9,-1.4364456852000895e-09,886.9,ASK
31,1712689882.0525265,24782752.79189779,862.1,-1.4361124416943463e-09,886.9,ASK
32,1712689882.0540087,24782787.60275877,861.8,-1.436612364758945e-09,886.9,ASK
33,1712689882.0552928,24783454.82574202,861.2,-2.7535681703877964e-08,886.9,ASK
34,1712689882.0562952,24784492.39891604,861.1,-4.2819695036571926e-08,886.9,ASK
35,1712689885.7550087,24784502.39891604,863.2,4.1269084541513056e-10,886.9,BID
36,1712689890.2072313,24784502.39891604,863.2,0.0,886.9,BID
37,1712689920.1372309,24784502.39891604,863.2,0.0,886.9,BID
38,1712689950.145198,24784502.39891604,863.2,0.0,886.9,BID
39,1712689957.6051574,24784513.98371678,863.0,4.78009316165887e-10,886.9,BID
40,1712689980.2048316,24784513.98371678,863.0,0.0,886.9,BID
41,1712690010.2060173,24784513.98371678,863.0,0.0,886.9,BID
42,1712690040.1350267,24784513.98371678,863.0,0.0,886.9,BID
43,1712690070.1375551,24784513.98371678,863.0,0.0,886.9,BID
44,1712690093.966663,24784537.16405984,862.8,9.564614544764007e-10,886.9,BID
45,1712690100.175191,24784537.16405984,862.8,0.0,886.9,BID
46,1712690109.9951525,24784560.3444029,862.8,9.567544612122475e-10,886.9,BID
47,1712690130.1350536,24784560.3444029,862.8,0.0,886.9,BID
48,1712690151.7751038,24785023.23511398,861.4,-1.910551479380359e-08,886.9,ASK
49,1712690160.2053723,24785023.23511398,861.4,-0.0,886.9,ASK
50,1712690185.6152227,24785046.45313116,861.4,-9.58292875335161e-10,886.9,ASK
51,1712690185.6171627,24785150.93420847,861.4,-4.312317938393199e-09,886.9,ASK
52,1712690190.2483258,24785150.93420847,861.4,-0.0,886.9,ASK
53,1712690195.7050507,24785188.45313116,861.4,-1.5485367585834352e-09,886.9,ASK
54,1712690195.7649872,24786080.07307436,861.4,3.680026391282226e-08,886.9,BID
55,1712690195.7849884,24787150.50767063,861.4,4.4180568127359144e-08,886.9,BID
56,1712690197.6077344,24788001.74888735,861.4,3.51336930804683e-08,886.9,BID
57,1712690200.2550793,24790897.74888735,861.4,1.1952801763193477e-07,886.9,BID
58,1712690200.335018,24795087.62668531,861.4,1.729308657839649e-07,886.9,BID
59,1712690200.3549752,24800001.74888735,861.4,2.028229576004045e-07,886.9,BID
60,1712690202.3255346,24800020.30176304,862.4,7.657418689975132e-10,886.9,BID
61,1712690216.485181,24800030.30176304,862.3,4.127348675135868e-10,886.9,BID
62,1712690220.1449544,24800030.30176304,862.3,0.0,886.9,BID
63,1712690250.145126,24800030.30176304,862.3,0.0,886.9,BID
64,1712690280.2064726,24800030.30176304,862.3,0.0,886.9,BID
65,1712690303.1053736,24800610.14636468,861.8,2.3919554871375432e-08,886.9,BID
66,1712690303.10722,24800744.56189933,861.8,5.544864516279921e-09,886.9,BID
67,1712690310.2152689,24800744.56189933,861.8,0.0,886.9,BID
68,1712690311.6558208,24800767.7826122,861.3,-9.578687329004667e-10,886.9,ASK
69,1712690311.6582713,24800958.19814686,861.3,-7.85475828962898e-09,886.9,ASK
70,1712690311.660363,24801058.19814686,861.3,-4.125061699217508e-09,886.9,ASK
71,1712690311.796152,24801093.03326065,861.2,-1.436969936825433e-09,886.9,ASK
72,1712690311.798144,24801193.03325986,861.2,-4.125061666639357e-09,886.9,ASK
73,1712690311.8153942,24801193.03326065,861.2,-3.2578150936741816e-17,886.9,ASK
74,1712690311.8957589,24801293.03326065,861.1,-4.125061699217508e-09,886.9,ASK
75,1712690311.8976228,24801393.03326065,861.0,-4.125061699217508e-09,886.9,ASK
76,1712690311.899492,24801416.25936679,861.1,-9.58091208632202e-10,886.9,ASK
77,1712690311.9008975,24801462.71697422,861.0,-1.916404970446084e-09,886.9,ASK
78,1712690320.565476,24801485.94847613,860.9,-9.58313787323188e-10,886.9,ASK
79,1712690320.5677,24801592.91792622,860.9,-4.412555815529499e-09,886.9,ASK
80,1712690321.6553042,24801616.15482574,860.7,-9.58536442234754e-10,886.9,ASK
81,1712690321.6572993,24801616.15482622,860.9,-1.9823497503960824e-17,886.9,ASK
82,1712690329.035352,24801616.15482689,860.7,-2.766069419157325e-17,886.9,ASK
83,1712690329.2351198,24802164.97095505,860.7,2.263900390188982e-08,886.9,BID
84,1712690340.1376498,24802164.97095505,860.7,0.0,886.9,BID
85,1712690340.5655327,24802183.5604752,860.7,7.667904940320791e-10,886.9,BID
86,1712690370.1457913,24802183.5604752,860.7,0.0,886.9,BID
87,1712690372.0152066,24802191.45629314,860.6,-3.25690716817305e-10,886.9,ASK
88,1712690372.0251758,24802365.75329523,860.6,-7.189491448210967e-09,886.9,ASK
89,1712690400.1566627,24802365.75329523,860.6,-0.0,886.9,ASK
90,1712690404.1951568,24802384.32339736,861.6,7.66492001618498e-10,886.9,BID
91,1712690417.6252503,24802395.94319749,860.6,-4.796141559490093e-10,886.9,ASK
92,1712690417.6270938,24802637.92158762,860.6,-9.987801860770792e-09,886.9,ASK
93,1712690430.145097,24802637.92158762,860.6,-0.0,886.9,ASK
94,1712690460.2050748,24802637.92158762,860.6,-0.0,886.9,ASK
95,1712690485.169346,24802819.51426288,860.6,-7.495273122890556e-09,886.9,ASK
96,1712690485.1707697,24802867.846094,860.6,-1.994905765072366e-09,886.9,ASK
97,1712690487.955459,24802935.6541943,860.6,-2.7987925776586313e-09,886.9,ASK
98,1712690487.964822,24803003.75662837,860.6,-2.8109412616664993e-09,886.9,ASK
99,1712690489.015442,24803119.95462976,860.6,-4.79609519209841e-09,886.9,ASK
100,1712690489.0173566,24803151.85219569,860.6,-1.3165782610172855e-09,886.9,ASK
101,1712690489.0192404,24803404.33660889,860.6,-1.0421343446139324e-08,886.9,ASK
102,1712690490.206601,24803404.33660889,860.6,-0.0,886.9,ASK
103,1712690490.4252164,24803412.47046898,860.6,3.357175234764802e-10,886.9,BID
104,1712690505.4753768,24803422.6823285,860.5,-4.214850207474259e-10,886.9,ASK
105,1712690505.4774184,24803545.92462948,860.5,-5.086711551507848e-09,886.9,ASK
106,1712690515.8964117,24803778.40167237,860.3,-9.595274107454058e-09,886.9,ASK
107,1712690515.898548,24803835.67969823,860.3,-2.364097338849224e-09,886.9,ASK
108,1712690520.1362948,24803835.67969823,860.3,-0.0,886.9,ASK
109,1712690521.197947,24803878.40167237,860.3,-1.763282809635354e-09,886.9,ASK
110,1712690521.3552463,24804168.27460489,860.3,1.1964052906193896e-08,886.9,BID
111,1712690533.2352514,24804268.27460489,860.3,4.12734393728817e-09,886.9,BID
112,1712690534.5052805,24805607.96197029,860.3,5.5293505254362164e-08,886.9,BID
113,1712690542.7763972,24805626.52776281,861.8,7.662741121209337e-10,886.9,BID
114,1712690547.275395,24805636.52776281,862.2,4.1273439372881687e-10,886.9,BID
115,1712690550.1551547,24805636.52776281,862.2,0.0,886.9,BID
116,1712690570.1555543,24806262.90400522,860.9,-2.5851048804290672e-08,886.9,ASK
117,1712690570.3209045,24807037.54398159,860.9,-3.1970011758399725e-08,886.9,ASK
118,1712690570.35558,24807810.64670034,860.9,-3.190656790620942e-08,886.9,ASK
119,1712690571.8981445,24808736.86738435,861.1,-3.822586887060552e-08,886.9,ASK
120,1712690580.2051363,24808736.86738435,861.1,-0.0,886.9,ASK
121,1712690583.3554094,24808748.45889936,862.7,4.783384058193485e-10,886.9,BID
122,1712690593.8772264,24809490.37194836,862.7,3.061597253334655e-08,886.9,BID
123,1712690593.9751928,24810558.09608236,862.7,4.4060975613900855e-08,886.9,BID
124,1712690598.1253772,24810558.09608306,862.7,2.8901010023584324e-17,886.9,BID
125,1712690598.1354234,24810848.36112036,863.2,1.1978150837742848e-08,886.9,BID
126,1712690610.2050238,24810848.36112036,863.2,0.0,886.9,BID
127,1712690618.5653565,24811259.88904053,862.3,-1.6980939237569894e-08,886.9,ASK
128,1712690640.1288211,24811259.88904053,862.3,-0.0,886.9,ASK
129,1712690641.1153507,24811259.8890413,863.2,3.181899880612563e-17,886.9,BID
130,1712690641.1177506,24811491.24261453,863.2,9.546237940441708e-09,886.9,BID
131,1712690641.2834024,24814348.81378632,863.8,1.179106678877043e-07,886.9,BID
132,1712690642.2837305,24814765.06021896,863.7,1.7175388442789442e-08,886.9,BID
133,1712690650.4151068,24815969.16003312,863.7,4.968422648325817e-08,886.9,BID
134,1712690670.1352544,24815969.16003312,863.7,0.0,886.9,BID
135,1712690700.204881,24815969.16003312,863.7,0.0,886.9,BID
136,1712690721.7350502,24815980.77443497,862.1,-4.791837319875716e-10,886.9,ASK
137,1712690730.2149355,24815980.77443497,862.1,-0.0,886.9,ASK
138,1712690760.1263862,24815980.77443497,862.1,-0.0,886.9,ASK
139,1712690790.1448493,24815980.77443497,862.1,-0.0,886.9,ASK
140,1712690820.217827,24815980.77443497,862.1,-0.0,886.9,ASK
141,1712690850.2246828,24815980.77443497,862.1,-0.0,886.9,ASK
142,1712690878.0268834,24815990.77443497,864.5,4.125770232011116e-10,886.9,BID
143,1712690880.1645944,24815990.77443497,864.5,0.0,886.9,BID
144,1712690910.1464307,24815990.77443497,864.5,0.0,886.9,BID
145,1712690940.205248,24815990.77443497,864.5,0.0,886.9,BID
146,1712690970.2047124,24815990.77443497,864.5,0.0,886.9,BID
147,1712690994.1246805,24816700.56737886,864.5,2.9284415543020364e-08,886.9,BID
148,1712691000.1657646,24816700.56737886,864.5,0.0,886.9,BID
149,1712691008.1550517,24818077.77443576,864.5,5.6864158161681883e-08,886.9,BID
150,1712691008.1578195,24822484.25737307,864.5,1.819413728885552e-07,886.9,BID
151,1712691021.8148527,24824568.74570369,864.7,8.606743156367189e-08,886.9,BID
152,1712691021.8173294,24824797.17186061,864.8,9.431596396683932e-09,886.9,BID
153,1712691029.407128,24825540.03599286,864.0,-3.0672470996570323e-08,886.9,ASK
154,1712691030.1359997,24825540.03599286,864.0,-0.0,886.9,ASK
155,1712691035.4848194,24826876.38727381,864.0,-5.5159840130034944e-08,886.9,ASK
156,1712691035.7740204,24827415.7117684,863.2,2.226140186628116e-08,886.9,BID
157,1712691060.204532,24827415.7117684,863.2,0.0,886.9,BID
158,1712691090.2036154,24827415.7117684,863.2,0.0,886.9,BID
159,1712691120.1546898,24827415.7117684,863.2,0.0,886.9,BID
160,1712691150.1375213,24827415.7117684,863.2,0.0,886.9,BID
161,1712691180.1945505,24827415.7117684,863.2,0.0,886.9,BID
162,1712691208.854627,24827425.7117684,864.8,4.12736923261684e-10,886.9,BID
163,1712691210.204686,24827425.7117684,864.8,0.0,886.9,BID
164,1712691217.0644605,24827433.7117684,864.7,3.3018942075322216e-10,886.9,BID
165,1712691240.1363292,24827433.7117684,864.7,0.0,886.9,BID
166,1712691241.6749809,24827456.84117744,864.7,9.546354991495143e-10,886.9,BID
167,1712691242.17531,24827462.63219744,864.7,2.3901662411621907e-10,886.9,BID
168,1712691270.137683,24827462.63219744,864.7,0.0,886.9,BID
169,1712691300.2144115,24827462.63219744,864.7,0.0,886.9,BID
170,1712691303.034801,24827470.63219744,863.2,-3.3061570083837486e-10,886.9,ASK
171,1712691308.085474,24828156.51446875,863.2,2.8345430977811484e-08,886.9,BID
172,1712691308.0928688,24829143.76258485,863.6,4.0799965975652426e-08,886.9,BID
173,1712691311.217327,24829167.04803434,862.2,-9.623169003070967e-10,886.9,ASK
174,1712691330.2014062,24829167.04803434,862.2,-0.0,886.9,ASK
175,1712691360.1577196,24829167.04803434,862.2,-0.0,886.9,ASK
176,1712691370.2645073,24829212.03163339,862.3,-1.8589224602576846e-09,886.9,ASK
177,1712691390.1665444,24829212.03163339,862.3,-0.0,886.9,ASK
178,1712691393.92737,24829746.95988773,862.3,-2.2105580116172337e-08,886.9,ASK
179,1712691394.0645337,24830838.38751476,862.3,4.510257339062543e-08,886.9,BID
180,1712691394.0845706,24831891.80308053,862.3,4.3531748408634655e-08,886.9,BID
181,1712691402.734447,24832927.61608053,862.3,4.280433323716149e-08,886.9,BID
182,1712691404.5045872,24833204.33063104,862.2,-1.1435058095999857e-08,886.9,ASK
183,1712691404.507697,24833568.84561272,862.2,-1.5063356750433655e-08,886.9,ASK
184,1712691420.2045133,24833568.84561272,862.2,-0.0,886.9,ASK
185,1712691425.8150132,24833763.33621378,862.2,-8.035956541278451e-09,886.9,ASK
186,1712691450.206065,24833763.33621378,862.2,-0.0,886.9,ASK
187,1712691450.8044524,24833863.53092987,861.5,-4.1398134470323955e-09,886.9,ASK
188,1712691450.8062088,24833875.13051228,862.1,-4.792678606609578e-10,886.9,ASK
189,1712691480.138028,24833875.13051228,862.1,-0.0,886.9,ASK
190,1712691510.0447009,24833975.13051228,861.4,-4.13175178657011e-09,886.9,ASK
191,1712691510.1375062,24833975.13051228,861.4,-0.0,886.9,ASK
192,1712691539.6045604,24833985.13051228,861.4,4.1317370813418956e-10,886.9,BID
193,1712691540.196224,24833985.13051228,861.4,0.0,886.9,BID
194,1712691562.1544716,24835311.74088428,861.4,5.4812033156950654e-08,886.9,BID
195,1712691564.9644964,24836748.35125629,861.4,-5.93569423290119e-08,886.9,ASK
196,1712691566.384481,24836766.9127412,862.0,7.66911481946978e-10,886.9,BID
197,1712691570.1961555,24836766.9127412,862.0,0.0,886.9,BID
198,1712691576.424478,24837360.1992552,861.4,-2.4510603470599643e-08,886.9,ASK
199,1712691576.4443748,24837360.19925551,861.4,-1.2927928307440345e-17,886.9,ASK
200,1712691600.154305,24837360.19925551,861.4,-0.0,886.9,ASK
201,1712691630.144675,24837360.19925551,861.4,-0.0,886.9,ASK
202,1712691638.924446,24838811.97717517,861.4,-6.001239330783584e-08,886.9,ASK
203,1712691640.0250416,24838822.96618616,862.0,4.5425463540011324e-10,886.9,BID
204,1712691640.028826,24838858.38088746,862.0,1.463943592621091e-09,886.9,BID
205,1712691660.2056174,24838858.38088746,862.0,0.0,886.9,BID
206,1712691689.6146803,24839763.92614669,862.0,3.7430683112452254e-08,886.9,BID
207,1712691689.624344,24839977.53940564,862.0,8.829696939931393e-09,886.9,BID
208,1712691690.214303,24839977.53940564,862.0,0.0,886.9,BID
209,1712691699.714337,24839989.14033371,862.0,4.79504854139687e-10,886.9,BID
210,1712691719.6846228,24840333.96791991,862.0,1.4252868430243146e-08,886.9,BID
211,1712691720.144493,24840333.96791991,862.0,0.0,886.9,BID
212,1712691750.1344652,24840333.96791991,862.0,0.0,886.9,BID
213,1712691780.2043064,24840333.96791991,862.0,0.0,886.9,BID
214,1712691810.234313,24840333.96791991,862.0,0.0,886.9,BID
215,1712691815.2849357,24840368.81112548,861.0,-1.4401670225192683e-09,886.9,ASK
216,1712691816.267791,24840403.65837835,860.9,-1.440334308762157e-09,886.9,ASK
217,1712691819.3345127,24840422.22632543,861.7,7.67465123256504e-10,886.9,BID
218,1712691828.0344837,24840442.22632543,860.2,-8.266558710147505e-10,886.9,ASK
219,1712691840.1342402,24840442.22632543,860.2,-0.0,886.9,ASK
220,1712691866.9445708,24840542.22632543,860.2,-4.133263432165388e-09,886.9,ASK
221,1712691866.9479306,24840549.18688227,860.2,-2.8769815048748016e-10,886.9,ASK
222,1712691866.951219,24844466.41457405,860.2,-1.619093397390311e-07,886.9,ASK
223,1712691870.1344123,24844466.41457405,860.2,-0.0,886.9,ASK
224,1712691870.356794,24844476.41457405,861.0,4.1326721404896105e-10,886.9,BID
225,1712691875.954394,24845251.62411505,861.0,3.2036868731341986e-08,886.9,BID
226,1712691875.9570825,24845251.62411561,861.0,2.309310514753467e-17,886.9,BID
227,1712691900.147867,24845251.62411561,861.0,0.0,886.9,BID
228,1712691902.0662346,24845488.41047561,861.9,9.786471008427308e-09,886.9,BID
229,1712691902.0848906,24845488.41047586,861.9,1.0315834276636489e-17,886.9,BID
230,1712691930.1366537,24845488.41047586,861.9,0.0,886.9,BID
231,1712691957.1644802,24845709.44655893,861.9,9.135428969389496e-09,886.9,BID
232,1712691960.1962135,24845709.44655893,861.9,0.0,886.9,BID
233,1712691990.204241,24845709.44655893,861.9,0.0,886.9,BID
234,1712692020.135731,24845709.44655893,861.9,0.0,886.9,BID
235,1712692026.8244643,24846290.16665184,861.0,-2.400099257513033e-08,886.9,ASK
236,1712692026.827672,24846865.93195374,860.3,-2.37962125033374e-08,886.9,ASK
237,1712692039.6447566,24846884.49559221,861.9,7.67229779975179e-10,886.9,BID
238,1712692050.1341257,24846884.49559221,861.9,0.0,886.9,BID
239,1712692080.1959045,24846884.49559221,861.9,0.0,886.9,BID
240,1712692104.01432,24850371.24594089,860.7,-1.4410035490672785e-07,886.9,ASK
241,1712692110.2041333,24850371.24594089,860.7,-0.0,886.9,ASK
242,1712692135.084808,24852451.2262867,861.6,8.59507296232026e-08,886.9,BID
243,1712692135.0944896,24852760.13477364,861.8,1.2764981117611674e-08,886.9,BID
244,1712692135.0973637,24856168.13477364,861.7,1.408282953950533e-07,886.9,BID
245,1712692140.138233,24856168.13477364,861.7,0.0,886.9,BID
246,1712692170.1358216,24856168.13477364,861.7,0.0,886.9,BID
247,1712692200.1576004,24856168.13477364,861.7,0.0,886.9,BID
248,1712692201.16437,24856178.13477364,861.0,4.1344440840682447e-10,886.9,BID
249,1712692214.074675,24856185.10827433,860.4,-2.8831548663213487e-10,886.9,ASK
250,1712692214.094791,24856533.90492588,860.1,-1.4420802525422113e-08,886.9,ASK
251,1712692214.1754456,24856568.78864681,860.0,-1.442247936320785e-09,886.9,ASK
252,1712692214.1788182,24857016.80689486,860.0,-1.8523063952107507e-08,886.9,ASK
253,1712692214.1822042,24860655.80247588,860.0,-1.504522375189726e-07,886.9,ASK
254,1712692215.4353266,24860830.24136412,859.9,-7.212078295178135e-09,886.9,ASK
255,1712692215.439055,24860930.24136352,859.9,-4.134444059271017e-09,886.9,ASK
256,1712692215.441892,24860930.24136388,860.0,-1.4785924258476178e-17,886.9,ASK
257,1712692215.444661,24860945.24136388,859.9,-6.201666126102365e-10,886.9,ASK
258,1712692218.3847735,24861061.54748158,859.8,-4.808611402751179e-09,886.9,ASK
259,1712692218.391145,24862224.33817834,859.8,-4.8074931172239173e-08,886.9,ASK
260,1712692218.394644,24862224.33817894,859.9,-2.4797227141819426e-17,886.9,ASK
261,1712692218.3981628,24862230.15464879,859.8,-2.4047869353869793e-10,886.9,ASK
262,1712692218.4464958,24862330.1546486,859.7,-4.134444076213222e-09,886.9,ASK
263,1712692218.448761,24862388.31447179,859.7,-2.404585369200906e-09,886.9,ASK
264,1712692218.4643128,24862504.64765001,859.6,-4.809730204815464e-09,886.9,ASK
265,1712692218.467075,24862604.64765001,859.6,-4.134444084068244e-09,886.9,ASK
266,1712692218.4698472,24862604.6476502,859.7,-7.855022262315469e-18,886.9,ASK
267,1712692230.1362877,24862604.6476502,859.7,-0.0,886.9,ASK
268,1712692234.8443356,24862623.24581363,860.3,7.687547437725611e-10,886.9,BID
269,1712692260.204165,24862623.24581363,860.3,0.0,886.9,BID
270,1712692290.2042346,24862623.24581363,860.3,0.0,886.9,BID
271,1712692312.384869,24863147.78352831,860.2,2.168174246264821e-08,886.9,BID
272,1712692312.3942285,24863264.28019327,860.3,4.8153843217269995e-09,886.9,BID
273,1712692312.4642684,24863264.28019424,860.3,-4.019000780281533e-17,886.9,ASK
274,1712692312.4741514,24863436.50883224,860.3,-7.119062880028806e-09,886.9,ASK
275,1712692320.1388323,24863436.50883224,860.3,-0.0,886.9,ASK
276,1712692350.1358376,24863436.50883224,860.3,-0.0,886.9,ASK
277,1712692353.1345267,24863442.32733136,859.5,-2.405004405168999e-10,886.9,ASK
278,1712692353.137818,24863448.1451536,859.6,-2.4047246245919183e-10,886.9,ASK
279,1712692353.1409037,24863460.1451536,859.5,-4.96005108152799e-10,886.9,ASK
280,1712692353.143954,24863560.1451536,859.5,-4.133375901273326e-09,886.9,ASK
281,1712692353.8342185,24863578.76062771,859.5,7.694475207129197e-10,886.9,BID
282,1712692362.804526,24863585.76062771,859.5,2.893363130891328e-10,886.9,BID
283,1712692376.6342812,24864483.50743625,859.5,3.710725023864589e-08,886.9,BID
284,1712692377.574868,24865726.10057989,859.5,-5.136104555017095e-08,886.9,ASK
285,1712692380.1965816,24865726.10057989,859.5,-0.0,886.9,ASK
286,1712692386.064707,24865826.10057989,859.4,-4.1330397161106435e-09,886.9,ASK
287,1712692386.0691776,24865843.55578118,859.4,-7.21430401711432e-10,886.9,ASK
288,1712692395.8053565,24865959.94311823,859.2,-4.8103348648551106e-09,886.9,ASK
289,1712692395.8092425,24866059.94311823,859.2,-4.1330397161106435e-09,886.9,ASK
290,1712692395.8129416,24866374.20804664,859.1,-1.2988694305061928e-08,886.9,ASK
291,1712692395.8158398,24866607.03704664,859.0,-9.622915040619557e-09,886.9,ASK
292,1712692395.817466,24866707.03704664,859.3,-4.1330397161106435e-09,886.9,ASK
293,1712692395.8191278,24866807.03704664,859.0,-4.1330397161106435e-09,886.9,ASK
294,1712692395.820787,24869176.11360973,858.9,-9.791487525758229e-08,886.9,ASK
295,1712692395.8224435,24869181.93549564,859.0,-2.406208568822035e-10,886.9,ASK
296,1712692395.8241382,24869187.755349,859.3,-2.4053685070432853e-10,886.9,ASK
297,1712692395.8258388,24870351.8997029,859.0,-4.8114548499550974e-08,886.9,ASK
298,1712692395.8275497,24870357.72023362,859.2,-2.4056484634829816e-10,886.9,ASK
299,1712692395.829232,24870463.54144186,859.1,-4.373632564723523e-09,886.9,ASK
300,1712692397.8444016,24870486.81349212,859.4,9.618430799069547e-10,886.9,BID
301,1712692410.1969569,24870486.81349212,859.4,0.0,886.9,BID
302,1712692439.894457,24871008.23468012,859.4,2.1546903014514743e-08,886.9,BID
303,1712692439.970932,24871008.23468052,859.4,1.647176285730557e-17,886.9,BID
304,1712692439.9746675,24871462.45589952,859.4,1.8769970952897983e-08,886.9,BID
305,1712692440.0049405,24872190.95744655,859.5,3.0104170181333605e-08,886.9,BID
306,1712692440.008687,24872442.44371643,859.5,1.0392270953481412e-08,886.9,BID
307,1712692440.1443596,24872442.44371643,859.5,0.0,886.9,BID
308,1712692440.3354547,24873563.66661643,860.0,-4.63295389619976e-08,886.9,ASK
309,1712692458.9008012,24873754.40024951,860.0,-7.881217272013202e-09,886.9,ASK
310,1712692463.8444214,24873768.33267723,861.3,5.75695477548521e-10,886.9,BID
311,1712692464.6242137,24873804.02067723,860.1,-1.4746475357607278e-09,886.9,ASK
312,1712692470.1443906,24873804.02067723,860.1,-0.0,886.9,ASK
313,1712692475.274391,24873822.59077936,861.6,7.672895764056083e-10,886.9,BID
314,1712692477.5845768,24873903.8349762,861.6,3.356891897794281e-09,886.9,BID
315,1712692478.1045868,24875066.49048138,860.3,-4.8039232303199294e-08,886.9,ASK
316,1712692500.1959865,24875066.49048138,860.3,-0.0,886.9,ASK
317,1712692514.8443248,24875692.93147898,861.2,-2.5947278336673587e-08,886.9,ASK
318,1712692514.9643111,24876228.87569498,861.2,2.2198888321001988e-08,886.9,BID
319,1712692514.9842834,24876228.87569585,861.2,3.610668497634358e-17,886.9,BID
320,1712692522.694436,24877042.13871446,860.8,-3.3685473948183434e-08,886.9,ASK
321,1712692530.206608,24877042.13871446,860.8,-0.0,886.9,ASK
322,1712692531.9149752,24877052.13871446,861.8,4.1417228951046815e-10,886.9,BID
323,1712692560.1443355,24877052.13871446,861.8,0.0,886.9,BID
324,1712692578.4744425,24878898.04749246,861.7,7.645239919276276e-08,886.9,BID
325,1712692580.8644214,24878922.03453695,861.8,9.934765589322235e-10,886.9,BID
326,1712692580.868412,24878922.03453756,861.7,2.530374796512389e-17,886.9,BID
327,1712692580.8723345,24879052.50587946,861.8,5.403759510260691e-09,886.9,BID
328,1712692580.894209,24879052.50588071,861.8,5.1687533953149403e-17,886.9,BID
329,1712692590.1347609,24879052.50588071,861.8,0.0,886.9,BID
330,1712692620.2132056,24879052.50588071,861.8,0.0,886.9,BID
331,1712692650.2041967,24879052.50588071,861.8,0.0,886.9,BID
332,1712692665.3739305,24879059.50588071,861.8,2.898998025988037e-10,886.9,BID
333,1712692680.1732204,24879059.50588071,861.8,0.0,886.9,BID
334,1712692687.3833025,24881512.56140371,861.8,1.0159144774480545e-07,886.9,BID
335,1712692687.4230895,24882007.03280135,861.8,2.0478160678983104e-08,886.9,BID
336,1712692695.0329845,24883088.93273135,862.1,4.4806071111381534e-08,886.9,BID
337,1712692710.1324933,24883088.93273135,862.1,0.0,886.9,BID
338,1712692721.2125845,24883088.93273139,862.1,1.6968369742913818e-18,886.9,BID
339,1712692740.1942718,24883088.93273139,862.1,0.0,886.9,BID
340,1712692751.0021453,24883313.9950639,862.1,-9.31944667952242e-09,886.9,ASK
341,1712692770.1933644,24883313.9950639,862.1,-0.0,886.9,ASK
342,1712692780.194712,24883693.63834994,861.4,-1.5720253568717822e-08,886.9,ASK
343,1712692780.1964366,24884853.59659144,862.2,-4.8031503140211144e-08,886.9,ASK
344,1712692780.198073,24885759.71561205,861.2,-3.752053912527511e-08,886.9,ASK
345,1712692780.1997342,24886102.33977379,861.0,-1.4187367192799806e-08,886.9,ASK
346,1712692781.0716672,24887377.81589485,862.3,-5.2814862744338047e-08,886.9,ASK
347,1712692781.091198,24888448.25049127,862.3,-4.4324511727957454e-08,886.9,ASK
348,1712692781.1317296,24889888.25039358,862.3,-5.962745670943285e-08,886.9,ASK
349,1712692781.2512057,24891435.58618019,862.3,-6.407201659040262e-08,886.9,ASK
350,1712692781.3544784,24893279.97442857,862.3,-7.637235270580956e-08,886.9,ASK
351,1712692788.8612,24893326.34586376,862.6,1.9201464804083843e-09,886.9,BID
352,1712692800.1781375,24893326.34586376,862.6,0.0,886.9,BID
353,1712692804.6728828,24893467.37659653,862.3,5.844304670341489e-09,886.9,BID
354,1712692805.6710944,24893473.17504254,862.3,2.4028723694581246e-10,886.9,BID
355,1712692830.1347935,24893473.17504254,862.3,0.0,886.9,BID
356,1712692846.250224,24893496.3688266,862.3,9.611439056794912e-10,886.9,BID
357,1712692860.1999023,24893496.3688266,862.3,0.0,886.9,BID
358,1712692862.600072,24893506.3688266,861.9,4.1439685155630565e-10,886.9,BID
359,1712692890.1996543,24893506.3688266,861.9,0.0,886.9,BID
360,1712692920.1333249,24893506.3688266,861.9,0.0,886.9,BID
361,1712692950.138536,24893506.3688266,861.9,0.0,886.9,BID
362,1712692980.2079673,24893506.3688266,861.9,0.0,886.9,BID
363,1712693010.1975892,24893506.3688266,861.9,0.0,886.9,BID
364,1712693021.0078504,24893552.71339849,863.1,1.9205037817859868e-09,886.9,BID
365,1712693040.1273203,24893552.71339849,863.1,0.0,886.9,BID
366,1712693070.1395197,24893552.71339849,863.1,0.0,886.9,BID
367,1712693083.426927,24894712.94080306,861.9,-4.8079361486062064e-08,886.9,ASK
368,1712693083.55677,24896055.68949506,861.9,5.564297093269129e-08,886.9,BID
369,1712693083.6567948,24902405.56829506,861.9,2.631364480927031e-07,886.9,BID
370,1712693086.647065,24904846.24663706,861.9,1.0114073828471737e-07,886.9,BID
371,1712693100.196568,24904846.24663706,861.9,0.0,886.9,BID
372,1712693130.217814,24904846.24663706,861.9,0.0,886.9,BID
373,1712693160.1359534,24904846.24663706,861.9,0.0,886.9,BID
374,1712693166.676094,24904857.71830562,863.0,4.753402499617174e-10,886.9,BID
375,1712693183.2472053,24904973.30755621,863.0,4.7895581169580305e-09,886.9,BID
376,1712693183.264757,24905044.70058162,863.1,2.958242592849229e-09,886.9,BID
377,1712693183.3055882,24905044.70058301,863.1,5.757672424179883e-17,886.9,BID
378,1712693190.128226,24905044.70058301,863.1,0.0,886.9,BID
379,1712693193.307897,24905054.70058301,863.8,4.14357226301309e-10,886.9,BID
380,1712693220.215376,24905054.70058301,863.8,0.0,886.9,BID
381,1712693232.5855303,24905236.31530601,861.6,-7.525334594322949e-09,886.9,ASK
382,1712693250.186913,24905236.31530601,861.6,-0.0,886.9,ASK
383,1712693280.1393068,24905236.31530601,861.6,-0.0,886.9,ASK
384,1712693310.1345315,24905236.31530601,861.6,-0.0,886.9,ASK
385,1712693340.1941314,24905236.31530601,861.6,-0.0,886.9,ASK
386,1712693345.2043638,24905243.5563257,863.0,-3.0003483060992003e-10,886.9,ASK
387,1712693370.1858757,24905243.5563257,863.0,-0.0,886.9,ASK
388,1712693400.1488972,24905243.5563257,863.0,-0.0,886.9,ASK
389,1712693404.675501,24905249.87492726,863.1,2.6182109491251195e-10,886.9,BID
390,1712693405.658769,24905260.60394439,863.1,4.4457353197141206e-10,886.9,BID
391,1712693430.1261466,24905260.60394439,863.1,0.0,886.9,BID
392,1712693451.4935138,24905275.08830128,863.0,-6.001815166499319e-10,886.9,ASK
393,1712693454.7533123,24905282.43089107,861.9,-3.0425145635429084e-10,886.9,ASK
394,1712693460.193449,24905282.43089107,861.9,-0.0,886.9,ASK
395,1712693490.1929922,24905282.43089107,861.9,-0.0,886.9,ASK
396,1712693505.0430756,24905289.78456594,861.9,-3.0471054581533944e-10,886.9,ASK
397,1712693520.1248784,24905289.78456594,861.9,-0.0,886.9,ASK
398,1712693524.032908,24905299.78456594,863.2,4.1436488718445434e-10,886.9,BID
399,1712693539.0029814,24905375.41593843,861.9,-3.133898512902449e-09,886.9,ASK
400,1712693539.0075986,24905379.6645376,861.9,-1.760470316447949e-10,886.9,ASK
401,1712693550.12527,24905379.6645376,861.9,-0.0,886.9,ASK
402,1712693563.8627272,24905390.69655543,863.3,4.5712661461660527e-10,886.9,BID
403,1712693580.187422,24905390.69655543,863.3,0.0,886.9,BID
404,1712693590.7629895,24905641.87111743,863.3,1.0407754383191904e-08,886.9,BID
405,1712693590.8424556,24912568.33120943,863.3,2.870071507539481e-07,886.9,BID
406,1712693590.8465347,24912568.33121021,863.3,3.2416102514029155e-17,886.9,BID
407,1712693591.385805,24913068.33121021,863.0,-2.0718169666895623e-08,886.9,ASK
408,1712693591.4226625,24913845.33121021,863.0,-3.21960356623558e-08,886.9,ASK
409,1712693610.1868162,24913845.33121021,863.0,-0.0,886.9,ASK
410,1712693614.7525914,24917535.59506406,863.0,-1.528647954115145e-07,886.9,ASK
411,1712693614.8837872,24917783.00075806,863.0,1.0248486909027505e-08,886.9,BID
412,1712693614.8878064,24917783.00075839,863.0,1.3734099459280613e-17,886.9,BID
413,1712693614.962401,24917804.69983246,864.0,8.98858360767006e-10,886.9,BID
414,1712693616.1729822,24919829.30552777,863.2,-8.386688531211999e-08,886.9,ASK
415,1712693640.1385293,24919829.30552777,863.2,-0.0,886.9,ASK
416,1712693658.8820562,24920829.30552777,862.1,-4.141495160837363e-08,886.9,ASK
417,1712693670.1229513,24920829.30552777,862.1,-0.0,886.9,ASK
418,1712693700.14373,24920829.30552777,862.1,-0.0,886.9,ASK
419,1712693730.1277678,24920829.30552777,862.1,-0.0,886.9,ASK
420,1712693760.1913643,24920829.30552777,862.1,-0.0,886.9,ASK
421,1712693762.5848467,24920841.30552777,863.0,4.974763369370642e-10,886.9,BID
422,1712693780.6719131,24920860.48098318,863.3,-7.94944609706954e-10,886.9,ASK
423,1712693790.1914432,24920860.48098318,863.3,-0.0,886.9,ASK
424,1712693790.4017394,24922018.82686526,863.3,-4.80207519551181e-08,886.9,ASK
425,1712693792.0012252,24922065.28447269,865.0,1.9259612153082447e-09,886.9,BID
426,1712693792.0112398,24922134.43380167,865.0,2.866676375519115e-09,886.9,BID
427,1712693797.7012975,24924115.72185897,865.0,8.213690213186842e-08,886.9,BID
428,1712693797.711179,24924446.57252999,865.0,1.3715849689620753e-08,886.9,BID
429,1712693819.7013278,24924946.57252999,863.6,-2.072815758142483e-08,886.9,ASK
430,1712693820.1309717,24924946.57252999,863.6,-0.0,886.9,ASK
431,1712693823.4610891,24926655.54832654,865.0,7.08374675303526e-08,886.9,BID
432,1712693823.5610538,24926784.75682653,865.0,-5.355724136755059e-09,886.9,ASK
433,1712693823.580841,24928414.78062247,865.0,-6.756488766644021e-08,886.9,ASK
434,1712693837.9210536,24928914.78062247,863.6,-2.072512310394761e-08,886.9,ASK
435,1712693845.5112066,24928920.69305449,864.9,2.4507176286120915e-10,886.9,BID
436,1712693850.1312308,24928920.69305449,864.9,0.0,886.9,BID
437,1712693854.8006885,24928930.69305449,864.9,4.144434200890729e-10,886.9,BID
438,1712693860.330715,24929213.56078486,864.9,1.17232669608062e-08,886.9,BID
439,1712693880.1828482,24929213.56078486,864.9,0.0,886.9,BID
440,1712693886.420761,24929298.13713441,865.1,3.505174359583542e-09,886.9,BID
441,1712693886.6008446,24929305.30393593,865.1,2.9702025520143686e-10,886.9,BID
442,1712693890.4907763,24929381.41768,865.1,3.1544509256411703e-09,886.9,BID
443,1712693890.9104695,24929586.35449615,865.1,8.493382336100809e-09,886.9,BID
444,1712693890.9204226,24930110.27929505,865.1,2.171349060631623e-08,886.9,BID
445,1712693893.410683,24930178.71444922,865.9,2.836220160473589e-09,886.9,BID
446,1712693894.9507127,24930189.62678922,864.1,-4.5225000341085135e-10,886.9,ASK
447,1712693910.1917076,24930189.62678922,864.1,-0.0,886.9,ASK
448,1712693924.3606777,24930208.83871247,865.8,7.961892950674203e-10,886.9,BID
449,1712693932.4905176,24931195.90004435,865.8,4.090624638834658e-08,886.9,BID
450,1712693940.1302743,24931195.90004435,865.8,0.0,886.9,BID
451,1712693961.2105882,24931261.63587237,866.0,2.7241558401690913e-09,886.9,BID
452,1712693961.2138734,24931363.56055243,866.0,4.223856621293497e-09,886.9,BID
453,1712693962.0125704,24931381.04641734,864.3,-7.2463103384156e-10,886.9,ASK
454,1712693962.0176215,24931386.83260269,864.3,-2.397850774697433e-10,886.9,ASK
455,1712693970.1378365,24931386.83260269,864.3,-0.0,886.9,ASK
456,1712693995.1504743,24935059.61059163,864.3,-1.5220240421551677e-07,886.9,ASK
457,1712693995.2705648,24935897.08756063,864.3,3.4705612084570326e-08,886.9,BID
458,1712693995.2903757,24935897.08756146,864.3,3.4272038065068786e-17,886.9,BID
459,1712694000.152725,24935897.08756146,864.3,0.0,886.9,BID
460,1712694007.3804789,24935908.64157648,865.5,4.789114414674014e-10,886.9,BID
461,1712694030.1199422,24935908.64157648,865.5,0.0,886.9,BID
462,1712694046.3398876,24935931.74157648,865.3,9.574896425387602e-10,886.9,BID
463,1712694060.189876,24935931.74157648,865.3,0.0,886.9,BID
464,1712694090.1897638,24935931.74157648,865.3,0.0,886.9,BID
465,1712694115.4396,24935939.74157648,865.3,-3.3159786984670725e-10,886.9,ASK
466,1712694120.1297252,24935939.74157648,865.3,-0.0,886.9,ASK
467,1712694134.9899254,24935959.80886565,865.3,-8.31783554126154e-10,886.9,ASK
468,1712694140.4795349,24935965.80886565,865.3,-2.4869833102561125e-10,886.9,ASK
469,1712694141.939428,24936129.11369912,865.3,-6.768939921986561e-09,886.9,ASK
470,1712694150.1390111,24936129.11369912,865.3,-0.0,886.9,ASK
471,1712694180.189398,24936129.11369912,865.3,-0.0,886.9,ASK
472,1712694181.1295164,24936140.75378758,865.3,-4.824751518658587e-10,886.9,ASK
473,1712694185.5392492,24936150.75378758,865.5,4.1449440308663964e-10,886.9,BID
474,1712694210.191161,24936150.75378758,865.5,0.0,886.9,BID
475,1712694240.1212866,24936150.75378758,865.5,0.0,886.9,BID
476,1712694270.128906,24936150.75378758,865.5,0.0,886.9,BID
477,1712694300.188986,24936150.75378758,865.5,0.0,886.9,BID
478,1712694327.7390356,24936162.31047312,865.3,-4.792226034699551e-10,886.9,ASK
479,1712694330.1786442,24936162.31047312,865.3,-0.0,886.9,ASK
480,1712694344.748815,24936721.69212782,865.0,-2.3195943230497974e-08,886.9,ASK
481,1712694356.9186163,24936769.46220292,865.5,1.980887182948922e-09,886.9,BID
482,1712694356.9285038,24937530.0689908,865.5,3.154016890647876e-08,886.9,BID
483,1712694360.1287014,24937530.0689908,865.5,0.0,886.9,BID
484,1712694371.1984982,24938530.0689908,865.5,4.146507970908863e-08,886.9,BID
485,1712694390.1214392,24938530.0689908,865.5,0.0,886.9,BID
486,1712694420.2002902,24938530.0689908,865.5,0.0,886.9,BID
487,1712694423.2382593,24941446.6873361,865.5,-1.209334721051163e-07,886.9,ASK
488,1712694450.1933897,24941446.6873361,865.5,-0.0,886.9,ASK
489,1712694480.1180296,24941446.6873361,865.5,-0.0,886.9,ASK
490,1712694510.1127176,24941446.6873361,865.5,-0.0,886.9,ASK
491,1712694516.3078449,24941456.6873361,866.0,4.1459252208914836e-10,886.9,BID
492,1712694540.139065,24941456.6873361,866.0,0.0,886.9,BID
493,1712694570.1206572,24941456.6873361,866.0,0.0,886.9,BID
494,1712694600.287715,24941456.6873361,866.0,0.0,886.9,BID
495,1712694629.257584,24941514.42405665,866.0,2.394335056704753e-09,886.9,BID
496,1712694630.1794198,24941514.42405665,866.0,0.0,886.9,BID
497,1712694660.120145,24941514.42405665,866.0,0.0,886.9,BID
498,1712694679.5872982,24941596.27625604,866.0,3.394394108872896e-09,886.9,BID
499,1712694679.5971277,24941642.87213666,866.0,1.932321719545474e-09,886.9,BID
500,1712694690.0379007,24941698.60796468,866.1,2.3113534845960062e-09,886.9,BID
501,1712694690.0476315,24941846.70353408,866.1,6.14149322890904e-09,886.9,BID
502,1712694690.1207592,24941846.70353408,866.1,0.0,886.9,BID
503,1712694700.1376183,24941900.30949615,866.3,2.2230018463310847e-09,886.9,BID
504,1712694700.143181,24941975.5913271,866.3,3.121885005789683e-09,886.9,BID
505,1712694705.0375645,24942552.20376508,866.7,2.3911715503234362e-08,886.9,BID
506,1712694708.8382175,24945297.6842899,867.0,1.138531618556786e-07,886.9,BID
507,1712694708.8438425,24945640.7980619,867.0,1.4228688736055094e-08,886.9,BID
508,1712694708.8493092,24948754.44947777,866.7,1.2912095183646956e-07,886.9,BID
509,1712694708.8547008,24948865.52115482,866.8,4.606064953149303e-09,886.9,BID
510,1712694720.1790404,24948865.52115482,866.8,0.0,886.9,BID
511,1712694724.6078372,24948980.87471347,866.9,4.7824249744480625e-09,886.9,BID
512,1712694732.940191,24950252.83605808,866.3,-5.2734044552038273e-08,886.9,ASK
513,1712694745.8779197,24954947.26574477,866.5,1.9462561916151265e-07,886.9,BID
514,1712694746.439898,24955441.16574477,866.5,-2.047652211643313e-08,886.9,ASK
515,1712694746.637876,24955467.15174477,866.5,-1.077349471043791e-09,886.9,ASK
516,1712694750.1777165,24955467.15174477,866.5,-0.0,886.9,ASK
517,1712694753.277907,24956037.09774477,866.5,-2.3623698888705082e-08,886.9,ASK
518,1712694755.6010823,24956535.68474477,866.5,-2.06659388045194e-08,886.9,ASK
519,1712694758.2481406,24959999.96263499,866.5,-1.4359089763865988e-07,886.9,ASK
520,1712694760.0211968,24960115.91763499,866.5,-4.806220246487014e-09,886.9,ASK
521,1712694765.8385522,24960212.04845277,866.5,-3.984527469493042e-09,886.9,ASK
522,1712694765.8408687,24960311.18347873,866.5,-4.109048932151556e-09,886.9,ASK
523,1712694765.8430204,24960311.63473499,866.4,-1.87041262267314e-11,886.9,ASK
524,1712694767.7481356,24960316.95563939,866.4,-2.205462330926288e-10,886.9,ASK
525,1712694772.278,24960322.72846635,866.3,-2.3927797702117007e-10,886.9,ASK
526,1712694780.148383,24960322.72846635,866.3,-0.0,886.9,ASK
527,1712694781.6053388,24960662.08337397,866.0,-1.4063473274741372e-08,886.9,ASK
528,1712694797.1784449,24961030.43477479,866.0,-1.526513972480129e-08,886.9,ASK
529,1712694797.4766614,24961258.06882185,866.0,-9.433561340579288e-09,886.9,ASK
530,1712694797.4814246,24961493.69582994,866.0,-9.764803916599676e-09,886.9,ASK
531,1712694797.5698416,24962428.29582994,866.0,-3.873149268636824e-08,886.9,ASK
532,1712694801.6509435,24962587.09582994,866.0,-6.580955530295663e-09,886.9,ASK
533,1712694806.34826,24966102.75772508,866.0,-1.456953059908367e-07,886.9,ASK
534,1712694810.1161656,24966102.75772508,866.0,-0.0,886.9,ASK
535,1712694821.9261897,24967099.95597218,866.0,-4.131710511296697e-08,886.9,ASK
536,1712694821.9306445,24968095.17529919,866.0,-4.123511213950823e-08,886.9,ASK
537,1712694827.79888,24972805.32590284,866.0,-1.9515656806915645e-07,886.9,ASK
538,1712694827.803832,24972988.15909079,866.0,-7.57536233816872e-09,886.9,ASK
539,1712694840.2000976,24972988.15909079,866.0,-0.0,886.9,ASK
540,1712694859.2376142,24972996.33911388,865.9,3.3884074371183205e-10,886.9,BID
541,1712694870.179005,24972996.33911388,865.9,0.0,886.9,BID
542,1712694899.8992808,24974151.20688152,865.9,4.783802370760152e-08,886.9,BID
543,1712694900.126778,24974151.20688152,865.9,0.0,886.9,BID
544,1712694930.1242602,24974151.20688152,865.9,0.0,886.9,BID
545,1712694960.1895618,24974151.20688152,865.9,0.0,886.9,BID
546,1712694987.2697935,24974161.23758152,865.8,-4.1586025331718174e-10,886.9,ASK
547,1712694990.1797948,24974161.23758152,865.8,-0.0,886.9,ASK
548,1712695003.480037,24975316.37215469,865.7,-4.789041474318906e-08,886.9,ASK
549,1712695020.1128223,24975316.37215469,865.7,-0.0,886.9,ASK
550,1712695050.1230874,24975316.37215469,865.7,-0.0,886.9,ASK
551,1712695051.5912166,24975339.47484616,865.5,-9.577685871779007e-10,886.9,ASK
552,1712695068.2501545,24975349.50623916,865.5,-4.1587159301373375e-10,886.9,ASK
553,1712695080.200057,24975349.50623916,865.5,-0.0,886.9,ASK
554,1712695087.680357,24975359.50623916,865.5,-4.145696400070008e-10,886.9,ASK
555,1712695087.6853576,24976402.20334242,865.5,-4.3227056273410375e-08,886.9,ASK
556,1712695090.250224,24976459.94006297,865.0,-2.393589145393216e-09,886.9,ASK
557,1712695110.1900873,24976459.94006297,865.0,-0.0,886.9,ASK
558,1712695127.2103472,24980079.91579673,865.4,1.5006722465726745e-07,886.9,BID
559,1712695140.1219454,24980079.91579673,865.4,0.0,886.9,BID
560,1712695142.4309187,24981795.77890761,865.0,-7.112240463390756e-08,886.9,ASK
561,1712695142.4361672,24981980.91446121,865.0,-7.673855607676501e-09,886.9,ASK
562,1712695142.4413064,24983038.18787767,865.0,-4.3823908362743454e-08,886.9,ASK
563,1712695142.4456809,24983153.8081806,864.9,-4.792453382082693e-09,886.9,ASK
564,1712695170.116352,24983153.8081806,864.9,-0.0,886.9,ASK
565,1712695200.1527216,24983153.8081806,864.9,-0.0,886.9,ASK
566,1712695216.8506546,24983283.8081806,864.9,-5.394363624166614e-09,886.9,ASK
567,1712695216.8559074,24983821.18079903,864.8,-2.229833311906554e-08,886.9,ASK
568,1712695217.951066,24983883.5578337,864.8,-2.588341590891413e-09,886.9,ASK
569,1712695218.840767,24983999.20487892,864.7,-4.798786261256829e-09,886.9,ASK
570,1712695218.8461025,24984009.20487892,864.7,-4.149510480128165e-10,886.9,ASK
571,1712695230.1219864,24984009.20487892,864.7,-0.0,886.9,ASK
572,1712695244.330476,24984014.99589892,864.6,-2.4029160593115936e-10,886.9,ASK
573,1712695260.1818564,24984014.99589892,864.6,-0.0,886.9,ASK
574,1712695290.180446,24984014.99589892,864.6,-0.0,886.9,ASK
575,1712695298.630793,24984124.86529992,864.6,-4.5589014222162015e-09,886.9,ASK
576,1712695299.480766,24984195.37181903,864.5,-2.925584988310758e-09,886.9,ASK
577,1712695304.3908794,24984215.37181903,864.5,-8.29876449803879e-10,886.9,ASK
578,1712695317.4209597,24984235.37181903,864.5,-8.29876449803879e-10,886.9,ASK
579,1712695320.1228647,24984235.37181903,864.5,-0.0,886.9,ASK
580,1712695323.1206443,24984240.5390998,864.5,-2.1440853602314668e-10,886.9,ASK
581,1712695323.12491,24984290.63061918,864.5,-2.078472181664846e-09,886.9,ASK
582,1712695324.571057,24984310.63061918,864.5,-8.29869889142348e-10,886.9,ASK
583,1712695327.1318884,24984471.85991918,864.5,-6.68996706586552e-09,886.9,ASK
584,1712695333.7611914,24984471.8599418,864.5,-9.385812965915234e-16,886.9,ASK
585,1712695333.767532,24984491.85991918,864.4,-8.29868950561051e-10,886.9,ASK
586,1712695333.8806858,24984587.54712366,864.4,-3.970396488715043e-09,886.9,ASK
587,1712695333.8863742,24985100.27194534,864.4,-2.1274744546376298e-08,886.9,ASK
588,1712695335.7107265,24985158.02994534,864.4,-2.396581252908597e-09,886.9,ASK
589,1712695341.8909538,24985681.00818999,864.4,-2.1700194895623778e-08,886.9,ASK
590,1712695347.220745,24985701.00818999,864.4,-8.29869889142348e-10,886.9,ASK
591,1712695348.8950436,24986274.4026854,864.4,-2.3792141316994223e-08,886.9,ASK
592,1712695350.1307802,24986274.4026854,864.4,-0.0,886.9,ASK
593,1712695355.1907897,24986505.75028516,864.4,-9.598718347434771e-09,886.9,ASK
594,1712695355.1938727,24987132.63836062,864.4,-2.6009874655945384e-08,886.9,ASK
595,1712695355.2559094,24987248.28110617,864.3,-4.798070715315099e-09,886.9,ASK
596,1712695355.2611988,24987347.25961656,864.2,-4.1066639320156314e-09,886.9,ASK
597,1712695355.3932478,24987363.99506127,864.2,-6.943613002855301e-10,886.9,ASK
598,1712695355.3984993,24987367.25961656,864.2,-1.3544790088232358e-10,886.9,ASK
599,1712695355.93084,24987567.25961656,864.2,-8.298092011678545e-09,886.9,ASK
600,1712695356.5409913,24990011.78868543,864.2,-1.0142463569347292e-07,886.9,ASK
601,1712695356.5472453,24990189.02394134,864.2,-7.353572306353621e-09,886.9,ASK
602,1712695356.640893,24990358.689703,864.2,-7.039510507308994e-09,886.9,ASK
603,1712695356.9011512,24990474.35921461,864.1,-4.79918125153242e-09,886.9,ASK
604,1712695356.9074502,24990590.08656098,864.1,-4.8015808421508444e-09,886.9,ASK
605,1712695356.911341,24990817.92759374,863.7,-9.453229269478044e-09,886.9,ASK
606,1712695356.9141247,24990827.92759374,864.0,-4.1490460058392717e-10,886.9,ASK
607,1712695356.9169886,24990996.00680371,863.0,-6.973683747842083e-09,886.9,ASK
608,1712695356.9198394,24991111.689703,864.0,-4.7997367123823995e-09,886.9,ASK
609,1712695358.4407425,24991311.689703,863.0,-8.298092011678545e-09,886.9,ASK
610,1712695373.310952,24991919.023903,863.0,-2.5198575367289377e-08,886.9,ASK
611,1712695374.0808225,24992419.023903,863.0,-2.074523002919636e-08,886.9,ASK
612,1712695374.3806982,24992919.023903,863.0,-2.074523002919636e-08,886.9,ASK
613,1712695380.180739,24992919.023903,863.0,-0.0,886.9,ASK
614,1712695387.365051,24992929.054603,863.0,-4.1607926734337084e-10,886.9,ASK
615,1712695410.186753,24992929.054603,863.0,-0.0,886.9,ASK
616,1712695440.122516,24992929.054603,863.0,-0.0,886.9,ASK
617,1712695470.1249485,24992929.054603,863.0,-0.0,886.9,ASK
618,1712695500.1445484,24992929.054603,863.0,-0.0,886.9,ASK
619,1712695530.127402,24992929.054603,863.0,-0.0,886.9,ASK
620,1712695551.5222387,24992934.83561814,864.9,2.400606610180117e-10,886.9,BID
621,1712695560.1910243,24992934.83561814,864.9,0.0,886.9,BID
622,1712695589.4910264,24992984.83561814,863.0,-2.0762842286301647e-09,886.9,ASK
623,1712695590.1807964,24992984.83561814,863.0,-0.0,886.9,ASK
624,1712695620.1227036,24992984.83561814,863.0,-0.0,886.9,ASK
625,1712695630.4711945,24993019.59807469,863.1,-1.443532219144632e-09,886.9,ASK
626,1712695650.125503,24993019.59807469,863.1,-0.0,886.9,ASK
627,1712695680.214706,24993019.59807469,863.1,-0.0,886.9,ASK
628,1712695685.283409,24993537.38835563,863.0,-2.150153056491657e-08,886.9,ASK
629,1712695685.2891335,24993544.99862742,863.0,-3.160207858357741e-10,886.9,ASK
630,1712695686.261537,24993756.76609353,863.1,8.793762287156626e-09,886.9,BID
631,1712695696.5111225,24994756.76609353,863.1,4.152555842841376e-08,886.9,BID
632,1712695710.180858,24994756.76609353,863.1,0.0,886.9,BID
633,1712695712.4810896,24995756.76609353,863.1,4.1522973243289305e-08,886.9,BID
634,1712695740.1142418,24995756.76609353,863.1,0.0,886.9,BID
635,1712695740.3273766,24995988.51580384,863.0,-9.62259216129312e-09,886.9,ASK
636,1712695740.3315146,24996451.35744397,863.0,-1.921787229968748e-08,886.9,ASK
637,1712695762.4309735,24996567.31291706,862.4,-4.8146434570947605e-09,886.9,ASK
638,1712695762.435285,24996577.31291706,862.4,-4.15214851764477e-10,886.9,ASK
639,1712695762.5767252,24997327.48416348,862.4,3.114822428804992e-08,886.9,BID
640,1712695770.1208053,24997327.48416348,862.4,0.0,886.9,BID
641,1712695785.8513148,24998202.39375433,862.5,-3.63255018697507e-08,886.9,ASK
642,1712695785.9510486,24998456.86933789,862.4,1.0565609730583752e-08,886.9,BID
643,1712695800.1709907,24998456.86933789,862.4,0.0,886.9,BID
644,1712695830.1208105,24998456.86933789,862.4,0.0,886.9,BID
645,1712695860.201713,24998456.86933789,862.4,0.0,886.9,BID
646,1712695867.441146,24998688.6190482,862.8,-9.631214055454392e-09,886.9,ASK
647,1712695867.447857,24999556.98124928,862.4,-3.608799434988744e-08,886.9,ASK
648,1712695867.4542663,25000400.56973229,862.7,-3.50584311139096e-08,886.9,ASK
649,1712695890.176168,25000410.56973229,862.1,-4.155868864975402e-10,886.9,ASK
650,1712695890.1839824,25000420.56973229,862.3,-4.155868864975402e-10,886.9,ASK
651,1712695890.1881225,25002761.89578765,862.1,-9.730244056222541e-08,886.9,ASK
652,1712695890.1921823,25002761.89578765,862.1,-0.0,886.9,ASK
653,1712695896.9409733,25002921.70680948,862.1,-6.641073768929781e-09,886.9,ASK
654,1712695908.041579,25018176.35157164,862.1,-6.339188625646928e-07,886.9,ASK
655,1712695920.120973,25018176.35157164,862.1,-0.0,886.9,ASK
656,1712695950.1242085,25018176.35157164,862.1,-0.0,886.9,ASK
657,1712695952.2111175,25021676.35157164,862.1,-1.4535271229247656e-07,886.9,ASK
658,1712695980.192547,25021676.35157164,862.1,-0.0,886.9,ASK
659,1712696010.1908183,25021676.35157164,862.1,-0.0,886.9,ASK
660,1712696040.1648395,25021676.35157164,862.1,-0.0,886.9,ASK
661,1712696070.1245606,25021676.35157164,862.1,-0.0,886.9,ASK
662,1712696080.7810023,25022370.07338864,862.8,2.8806203957715323e-08,886.9,BID
663,1712696100.1806903,25022370.07338864,862.8,0.0,886.9,BID
664,1712696112.4612465,25022370.07338919,862.8,2.293197122539048e-17,886.9,BID
665,1712696112.4679296,25022375.8631061,863.6,2.40811310244381e-10,886.9,BID
666,1712696130.1915023,25022375.8631061,863.6,0.0,886.9,BID
667,1712696140.6408265,25022723.2461538,863.4,1.4448676985147053e-08,886.9,BID
668,1712696146.360943,25022820.09789798,862.1,-4.028347313869713e-09,886.9,ASK
669,1712696160.1161969,25022820.09789798,862.1,-0.0,886.9,ASK
670,1712696190.1220472,25022820.09789798,862.1,-0.0,886.9,ASK
671,1712696194.8113792,25022876.25108411,862.1,-2.335538002152654e-09,886.9,ASK
672,1712696220.1906872,25022876.25108411,862.1,-0.0,886.9,ASK
673,1712696250.1907084,25022876.25108411,862.1,-0.0,886.9,ASK
674,1712696280.122252,25022876.25108411,862.1,-0.0,886.9,ASK
675,1712696310.1255505,25022876.25108411,862.1,-0.0,886.9,ASK
676,1712696340.200354,25022876.25108411,862.1,-0.0,886.9,ASK
677,1712696367.150688,25025018.49772994,862.2,-8.910070330931755e-08,886.9,ASK
678,1712696370.1940324,25025018.49772994,862.2,-0.0,886.9,ASK
679,1712696400.2027445,25025018.49772994,862.2,-0.0,886.9,ASK
680,1712696405.3204746,25025186.2449408,863.6,7.001872859098941e-09,886.9,BID
681,1712696422.1306458,25025527.63249054,863.6,1.4249728545242766e-08,886.9,BID
682,1712696422.1402848,25027502.13192551,863.6,8.241683383645851e-08,886.9,BID
683,1712696430.127623,25027502.13192551,863.6,0.0,886.9,BID
684,1712696438.4104366,25028081.23778606,863.4,2.4170074712790323e-08,886.9,BID
685,1712696445.4122868,25028255.1709957,862.4,-7.259430371001166e-09,886.9,ASK
686,1712696451.420745,25028661.01515155,862.4,-1.6938670866291318e-08,886.9,ASK
687,1712696460.2027805,25028661.01515155,862.4,-0.0,886.9,ASK
688,1712696477.7906537,25029321.96315515,862.9,2.7584759524698203e-08,886.9,BID
689,1712696477.7968163,25031087.34283832,862.9,7.36783737369787e-08,886.9,BID
690,1712696487.280402,25031667.18743996,862.3,-2.419989743632623e-08,886.9,ASK
691,1712696489.115129,25031674.18581996,862.2,-2.920783909712775e-10,886.9,ASK
692,1712696489.118847,25032254.09767335,862.2,-2.420270419770982e-08,886.9,ASK
693,1712696490.212832,25032254.09767335,862.2,-0.0,886.9,ASK
694,1712696499.4633102,25050274.04103462,862.1,-7.519676354388134e-07,886.9,ASK
695,1712696499.4703968,25050285.64061703,862.1,-4.840476123074958e-10,886.9,ASK
696,1712696499.473309,25052403.68782732,862.1,-8.838556928489509e-08,886.9,ASK
697,1712696502.760601,25052577.61478495,862.0,-7.257927533163275e-09,886.9,ASK
698,1712696502.766645,25052722.30866569,862.0,-6.0380386986557115e-09,886.9,ASK
699,1712696520.1331527,25052722.30866569,862.0,-0.0,886.9,ASK
700,1712696545.3504126,25052728.68252129,862.5,2.6578365785920173e-10,886.9,BID
701,1712696550.128018,25052728.68252129,862.5,0.0,886.9,BID
702,1712696551.271599,25052763.48934342,861.9,-1.451410725431503e-09,886.9,ASK
703,1712696551.2778113,25052786.69658407,861.8,-9.677194275466528e-10,886.9,ASK
704,1712696551.2825036,25052795.39658407,861.9,-3.6278156244566405e-10,886.9,ASK
705,1712696551.287213,25053375.64493036,861.7,-2.4195793287434047e-08,886.9,ASK
706,1712696551.2910092,25056102.98849984,861.6,-1.1372758173828873e-07,886.9,ASK
707,1712696551.2937336,25056683.23684613,861.7,-2.4195793287589388e-08,886.9,ASK
708,1712696551.2964756,25056888.71056697,861.9,-8.568054880773244e-09,886.9,ASK
709,1712696551.2992344,25058060.81222648,861.8,-4.88755024409927e-08,886.9,ASK
710,1712696551.3019762,25059145.40825856,861.9,-4.522660264428893e-08,886.9,ASK
711,1712696551.3047752,25059168.6101147,862.0,-9.674948987635092e-10,886.9,ASK
712,1712696551.3077228,25059400.68252129,861.8,-9.677194279816075e-09,886.9,ASK
713,1712696557.420238,25059407.04868906,862.0,-2.6546302174464555e-10,886.9,ASK
714,1712696560.1323192,25059895.66203875,862.0,-2.037470280137949e-08,886.9,ASK
715,1712696560.3863046,25061720.86203875,862.0,-7.610906983318771e-08,886.9,ASK
716,1712696580.292736,25061720.86203875,862.0,-0.0,886.9,ASK
717,1712696580.5800931,25068392.86203875,861.6,-2.781260548250868e-07,886.9,ASK
718,1712696580.5904534,25068392.86813613,861.6,-2.541727014629276e-13,886.9,ASK
719,1712696580.6603208,25071909.16813613,861.6,-1.4657893384017682e-07,886.9,ASK
720,1712696580.7826543,25075425.48223613,861.6,-1.465795216064253e-07,886.9,ASK
721,1712696580.8499637,25075753.18223613,861.6,-1.3660357938700513e-08,886.9,ASK
722,1712696580.9969256,25079232.44363613,861.6,-1.4503495906579774e-07,886.9,ASK
723,1712696581.0717518,25080014.35133374,861.6,-3.259426006801426e-08,886.9,ASK
724,1712696581.57055,25080598.3869232,861.6,-2.434585047572432e-08,886.9,ASK
725,1712696581.7902954,25081770.0869232,861.6,-4.8842970389440483e-08,886.9,ASK
726,1712696582.0502808,25081886.15006154,861.6,-4.838156891041707e-09,886.9,ASK
727,1712696582.055975,25082168.6068103,861.5,-1.1774367684604837e-08,886.9,ASK
728,1712696582.0615718,25082604.6721232,861.6,-1.8177626667093287e-08,886.9,ASK
729,1712696583.9542437,25083482.98148006,861.5,-3.661281719703568e-08,886.9,ASK
730,1712696583.9609947,25083492.98148006,861.5,-4.168555977594225e-10,886.9,ASK
731,1712696590.5411198,25086806.89845422,861.2,-1.3814248411889058e-07,886.9,ASK
732,1712696602.6402404,25093480.89845423,861.2,-2.782094259451045e-07,886.9,ASK
733,1712696610.1825287,25093480.89845423,861.2,-0.0,886.9,ASK
734,1712696612.5001144,25093530.89845423,861.2,-2.081903513538783e-09,886.9,ASK
735,1712696640.1199102,25093530.89845423,861.2,-0.0,886.9,ASK
736,1712696644.052406,25093546.14845423,861.2,-6.349794331522847e-10,886.9,ASK
737,1712696646.023369,25099147.67619494,861.2,-2.3323638751360694e-07,886.9,ASK
738,1712696646.029101,25099907.1982438,861.1,-3.1624975741133456e-08,886.9,ASK
739,1712696646.032456,25100224.14845424,861.2,-1.319717147300082e-08,886.9,ASK
740,1712696646.0574915,25107121.23969224,861.1,-2.87181054734722e-07,886.9,ASK
741,1712696646.0735755,25109610.36413492,861.1,-1.0364215263325497e-07,886.9,ASK
742,1712696646.084279,25120922.01675038,861.1,-4.709945420184459e-07,886.9,ASK
743,1712696646.090534,25121554.29178591,861.0,-2.632666515786156e-08,886.9,ASK
744,1712696646.0938258,25121564.29178591,861.0,-4.1637995616543247e-10,886.9,ASK
745,1712696646.1007757,25121807.47320286,861.0,-1.0125586773035508e-08,886.9,ASK
746,1712696646.1100273,25123582.35223018,861.0,7.390240515937017e-08,886.9,BID
747,1712696646.1498983,25123864.74762766,860.4,-1.1758378322428264e-08,886.9,ASK
748,1712696646.1634493,25123876.36337861,860.9,-4.836565871318721e-10,886.9,ASK
749,1712696646.1700804,25123952.01093674,860.0,-3.1498126938326273e-09,886.9,ASK
750,1712696646.1753292,25127453.28574374,860.7,-1.4578606506612397e-07,886.9,ASK
751,1712696646.178587,25127463.28574374,860.4,-4.1637995616543247e-10,886.9,ASK
752,1712696646.1818964,25128074.1941019,860.1,-2.543699953919264e-08,886.9,ASK
753,1712696646.185218,25134592.35223018,860.0,-2.714030395732665e-07,886.9,ASK
754,1712696649.4101255,25134603.96393477,861.2,-4.834881048882047e-10,886.9,ASK
755,1712696670.1136231,25134603.96393477,861.2,-0.0,886.9,ASK
756,1712696680.9802494,25134963.96393477,861.2,1.4967641972445953e-08,886.9,BID
757,1712696700.2123342,25134963.96393477,861.2,0.0,886.9,BID
758,1712696729.409787,25137327.41015907,860.0,-9.849195302856813e-08,886.9,ASK
759,1712696730.2115047,25137327.41015907,860.0,-0.0,886.9,ASK
760,1712696760.123803,25137327.41015907,860.0,-0.0,886.9,ASK
761,1712696769.4308212,25137913.07103261,860.0,-2.4404192974788865e-08,886.9,ASK
762,1712696771.9110975,25140501.44617229,860.0,-1.0785628552938341e-07,886.9,ASK
763,1712696774.0511286,25141086.3040623,860.0,-2.4370733056423533e-08,886.9,ASK
764,1712696774.0612466,25141097.93196927,860.0,-4.84529014018389e-10,886.9,ASK
765,1712696774.442653,25141197.93196927,860.0,4.1669495227313805e-09,886.9,BID
766,1712696780.971904,25144686.30406229,860.0,1.453587042811142e-07,886.9,BID
767,1712696781.3151853,25144704.90871345,860.0,7.752464227398844e-10,886.9,BID
768,1712696781.3919566,25144716.53932522,859.8,-4.846417216347131e-10,886.9,ASK
769,1712696781.3972056,25144932.65637045,859.8,-9.005488184801127e-09,886.9,ASK
770,1712696782.781599,25144932.6563712,859.8,-3.120142422873554e-17,886.9,ASK
771,1712696790.1367218,25144932.6563712,859.8,-0.0,886.9,ASK
772,1712696793.3214445,25144938.47032468,860.0,2.4219849857776917e-10,886.9,BID
773,1712696815.0624645,25145038.47032468,860.0,4.165814180379517e-09,886.9,BID
774,1712696820.1255047,25145387.59170168,859.3,-1.4543747829749016e-08,886.9,ASK
775,1712696820.1891716,25145387.59170168,859.3,-0.0,886.9,ASK
776,1712696820.7680013,25145984.21557168,859.7,-2.4853836952416293e-08,886.9,ASK
777,1712696820.7773335,25145984.2155719,859.7,-9.155982483608677e-18,886.9,ASK
778,1712696824.8426182,25145984.21557276,859.3,-3.5847999215484815e-17,886.9,ASK
779,1712696824.849433,25145994.2155713,859.0,-4.165745718984736e-10,886.9,ASK
780,1712696824.856104,25146252.1784479,859.0,-1.0746079057769218e-08,886.9,ASK
781,1712696829.1825054,25146262.1784479,859.3,-4.165746327314419e-10,886.9,ASK
782,1712696834.262873,25146262.17844936,859.0,-6.08329683656712e-17,886.9,ASK
783,1712696834.3425136,25151595.28033936,858.9,-2.221634961146711e-07,886.9,ASK
784,1712696834.3629577,25159664.70884436,858.9,-3.3615192158228897e-07,886.9,ASK
785,1712696834.3695009,25167243.13754836,858.9,-3.156981154050638e-07,886.9,ASK
786,1712696835.5564685,25167747.28443436,858.9,-2.1001480387754493e-08,886.9,ASK
787,1712696836.2762628,25168329.42438019,858.9,-2.425047341329127e-08,886.9,ASK
788,1712696836.2829342,25176476.93803836,858.9,-3.394047509826432e-07,886.9,ASK
789,1712696839.0428228,25176476.93803897,858.9,-2.545052758155632e-17,886.9,ASK
790,1712696839.0481946,25176482.7612807,858.8,-2.425814784685094e-10,886.9,ASK
791,1712696839.053687,25177064.52257673,858.6,-2.4234699823112083e-08,886.9,ASK
792,1712696839.0577505,25177076.16673136,858.8,-4.85065943871089e-10,886.9,ASK
793,1712696840.6164474,25177335.33640434,859.3,1.0796351133559636e-08,886.9,BID
794,1712696848.343252,25177335.33640562,858.6,-5.338403346375228e-17,886.9,ASK
795,1712696848.355528,25177341.74292862,858.5,-2.668794965997553e-10,886.9,ASK
796,1712696848.3590596,25177841.74292741,858.2,-2.08287315861366e-08,886.9,ASK
797,1712696848.3625617,25177876.68759834,858.5,-1.455706345879613e-09,886.9,ASK
798,1712696850.1842742,25177876.68759834,858.5,-0.0,886.9,ASK
799,1712696852.3230698,25177895.30740515,859.3,7.74753306741375e-10,886.9,BID
800,1712696854.6174426,25177914.07455694,858.5,7.80884197843484e-10,886.9,BID
801,1712696854.81825,25177920.01515099,858.5,2.4718274103007227e-10,886.9,BID
1002,1712696858.796327,25177920.0151522,858.2,-5.037693608395562e-17,886.9,ASK
802,1712696858.796327,25177920.0151522,858.2,-5.0376936083955616e-17,886.9,ASK
803,1712696858.8044157,25177938.6997522,858.0,-7.77449292648374e-10,886.9,ASK
804,1712696858.807474,25178134.90488039,858.0,-8.163917778815719e-09,886.9,ASK
805,1712696858.810518,25179986.97695456,857.6,-7.706304250822383e-08,886.9,ASK
806,1712696858.813614,25180016.69377078,858.1,-1.236489823231703e-09,886.9,ASK
807,1712696858.8167267,25180232.15387931,858.0,-8.965100081154966e-09,886.9,ASK
808,1712696861.1459608,25180243.80210295,858.5,4.846720416123131e-10,886.9,BID
809,1712696867.5234334,25180249.742697,858.5,2.4718274103007227e-10,886.9,BID
810,1712696880.1252348,25180249.742697,858.5,0.0,886.9,BID
811,1712696884.5245233,25180268.37985483,858.5,7.754095970132962e-10,886.9,BID
812,1712696910.134526,25180268.37985483,858.5,0.0,886.9,BID
813,1712696940.1888678,25180268.37985483,858.5,0.0,886.9,BID
814,1712696950.4815054,25181106.73452551,858.5,3.488020171765968e-08,886.9,BID
815,1712696953.6051652,25181112.57368634,858.0,-2.4294145989562824e-10,886.9,ASK
816,1712696953.6154077,25181122.57368634,858.0,-4.1605543498050557e-10,886.9,ASK
817,1712696953.6208143,25181126.73452551,857.2,-1.7311397508487738e-10,886.9,ASK
818,1712696953.832558,25181326.73452551,857.3,-8.321108699610112e-09,886.9,ASK
819,1712696954.0551455,25181376.73452551,857.3,-2.080277174902528e-09,886.9,ASK
820,1712696960.858684,25181396.73452551,857.3,-8.32110869961011e-10,886.9,ASK
821,1712696970.1954873,25181396.73452551,857.3,-0.0,886.9,ASK
822,1712696972.2359383,25183777.41150215,857.3,-9.904536907320744e-08,886.9,ASK
823,1712696972.2414274,25187197.675356,857.3,-1.4229620358266328e-07,886.9,ASK
824,1712697000.1588802,25187197.675356,857.3,-0.0,886.9,ASK
825,1712697002.0662892,25187232.10408754,857.3,-1.4343038900203183e-09,886.9,ASK
1026,1712697003.2361674,25187304.24438481,857.3,-3.00537093236188e-09,886.9,ASK
826,1712697003.2361674,25187304.24438481,857.3,-3.0053709323618804e-09,886.9,ASK
827,1712697006.366436,25187311.74354604,858.4,3.124156958846468e-10,886.9,BID
1027,1712697006.366436,25187311.74354604,858.4,3.1241569588464676e-10,886.9,BID
828,1712697006.3727772,25187327.54354604,858.4,6.582293465602431e-10,886.9,BID
829,1712697007.8725364,25187346.18287502,858.4,7.76516033769676e-10,886.9,BID
830,1712697030.131923,25187346.18287502,858.4,0.0,886.9,BID
831,1712697060.2089186,25187346.18287502,858.4,0.0,886.9,BID
832,1712697071.037334,25187462.67868117,858.2,4.8531994618066115e-09,886.9,BID
833,1712697089.497965,25187482.67868117,858.2,-8.33197283608968e-10,886.9,ASK
834,1712697090.2318747,25187482.67868117,858.2,-0.0,886.9,ASK
835,1712697092.842789,25187579.20163619,858.2,-4.021113573245018e-09,886.9,ASK
836,1712697120.1415234,25187579.20163619,858.2,-0.0,886.9,ASK
837,1712697123.748198,25187597.84530899,858.2,7.766864060061189e-10,886.9,BID
838,1712697130.920735,25187606.27947899,857.7,-3.51363449475771e-10,886.9,ASK
839,1712697130.929035,25188769.9469685,857.7,-4.8477825695318884e-08,886.9,ASK
840,1712697149.7990189,25188788.5906413,858.2,7.76686406161312e-10,886.9,BID
841,1712697150.1372323,25188788.5906413,858.2,0.0,886.9,BID
842,1712697180.2388525,25188788.5906413,858.2,0.0,886.9,BID
843,1712697199.1894934,25188800.2429368,858.2,4.854080274380278e-10,886.9,BID
844,1712697205.4892287,25188810.2429368,858.2,4.165771692250331e-10,886.9,BID
845,1712697210.2008936,25188810.2429368,858.2,0.0,886.9,BID
846,1712697211.6656148,25188942.57169412,857.7,-5.5125096459826695e-09,886.9,ASK
847,1712697220.665048,25189240.06407161,857.7,-1.2392843654974584e-08,886.9,ASK
848,1712697220.6688497,25189327.12916104,857.7,-3.626930041787458e-09,886.9,ASK
849,1712697223.3295588,25189523.33088201,857.7,-8.173309424962728e-09,886.9,ASK
850,1712697240.1338174,25189523.33088201,857.7,-0.0,886.9,ASK
851,1712697245.8597326,25189607.28050383,857.7,-3.497057774815477e-09,886.9,ASK
852,1712697270.1331153,25189607.28050383,857.7,-0.0,886.9,ASK
853,1712697274.3001423,25189625.91549101,858.6,7.76268313290313e-10,886.9,BID
854,1712697283.0602963,25190423.92860901,857.7,-3.3242432159238633e-08,886.9,ASK
855,1712697283.0686822,25190640.51949159,857.7,-9.022417749917153e-09,886.9,ASK
856,1712697283.6003222,25190659.30414801,857.7,7.82503009792631e-10,886.9,BID
857,1712697292.1403515,25190789.74903767,857.7,5.433877335183065e-09,886.9,BID
858,1712697300.1631415,25190789.74903767,857.7,0.0,886.9,BID
859,1712697301.3671486,25190881.21021724,857.7,-3.8157882874704144e-09,886.9,ASK
860,1712697312.8106887,25190981.21021629,857.3,-4.172030438693937e-09,886.9,ASK
861,1712697312.8184705,25190981.21021724,857.3,-3.963216289777888e-17,886.9,ASK
862,1712697312.8249972,25190992.98589543,857.1,-4.91284883016634e-10,886.9,ASK
863,1712697312.8299356,25198461.50858238,857.1,-3.1158904278028936e-07,886.9,ASK
864,1712697314.5504286,25198566.14733957,857.1,-4.36556084217513e-09,886.9,ASK
865,1712697314.560322,25199099.35342781,857.1,-2.224552051355737e-08,886.9,ASK
866,1712697315.2206914,25199732.87234248,857.1,-2.643060220598277e-08,886.9,ASK
867,1712697315.229014,25199782.87234181,857.1,-2.086015211342825e-09,886.9,ASK
868,1712697316.620582,25199782.87234248,857.1,-2.7820224151774203e-17,886.9,ASK
869,1712697316.7824929,25199802.48744475,857.1,8.18348045162731e-10,886.9,BID
870,1712697322.2106683,25199814.15605618,857.0,-4.86818025241677e-10,886.9,ASK
871,1712697322.219021,25199824.15605618,857.0,-4.1720304783261004e-10,886.9,ASK
872,1712697322.2253072,25200260.26500284,857.0,-1.8194598173306663e-08,886.9,ASK
873,1712697324.6405544,25200275.43242787,857.0,6.32789594986297e-10,886.9,BID
874,1712697330.132813,25200275.43242787,857.0,0.0,886.9,BID
875,1712697332.571336,25200294.10220616,857.0,7.78644679865166e-10,886.9,BID
876,1712697358.2011695,25200410.80193775,856.9,-4.867097173243601e-09,886.9,ASK
877,1712697358.2087598,25200417.80392164,856.9,-2.9202583009941766e-10,886.9,ASK
878,1712697360.210825,25200417.80392164,856.9,-0.0,886.9,ASK
879,1712697366.0916417,25200717.80392164,856.9,1.2511783041258254e-08,886.9,BID
880,1712697366.9509175,25200729.04628314,856.9,4.688732932338187e-10,886.9,BID
881,1712697372.650908,25201907.07419821,856.9,-4.913076563292085e-08,886.9,ASK
882,1712697390.2012534,25201907.07419821,856.9,-0.0,886.9,ASK
883,1712697420.1381912,25201907.07419821,856.9,-0.0,886.9,ASK
884,1712697450.141857,25201907.07419821,856.9,-0.0,886.9,ASK
885,1712697451.451821,25201925.74615526,856.9,7.78690140756138e-10,886.9,BID
886,1712697454.5322073,25202313.86173888,856.9,1.618586512586524e-08,886.9,BID
887,1712697454.5395925,25204257.96783762,856.9,8.10764639003246e-08,886.9,BID
888,1712697460.2125242,25204491.3673008,856.9,9.733626762015145e-09,886.9,BID
889,1712697462.9823356,25204503.038636,856.8,-4.8673814019754e-10,886.9,ASK
890,1712697462.989793,25205940.67670171,856.8,-5.995486090588819e-08,886.9,ASK
891,1712697465.2418785,25211775.66328124,856.8,-2.433406690511554e-07,886.9,ASK
892,1712697465.2617416,25213847.11193081,856.8,-8.638712247598132e-08,886.9,ASK
893,1712697465.8518443,25213853.36266035,856.7,2.6067869860962377e-10,886.9,BID
894,1712697480.2071917,25213853.36266035,856.7,0.0,886.9,BID
895,1712697493.6924198,25214453.36266035,856.7,-2.5011557569802373e-08,886.9,ASK
896,1712697493.892351,25214463.36266035,856.5,-4.1685929283003917e-10,886.9,ASK
897,1712697493.9024212,25214649.11280632,856.3,-7.743167449287071e-09,886.9,ASK
898,1712697493.9058616,25215362.48029069,856.5,-2.9737386506174853e-08,886.9,ASK
1099,1712697493.9091864,25215537.65254235,856.3,-7.3022180950590325e-09,886.9,ASK
899,1712697493.9091864,25215537.65254235,856.3,-7.302218095059032e-09,886.9,ASK
900,1712697495.3821924,25215551.07771162,856.6,5.59640656821821e-10,886.9,BID
901,1712697509.6203413,25215562.75040918,856.7,-4.86587244986327e-10,886.9,ASK
902,1712697510.2122054,25215562.75040918,856.7,-0.0,886.9,ASK
903,1712697519.65229,25215581.4245455,856.8,7.78401217103299e-10,886.9,BID
904,1712697540.1464102,25215581.4245455,856.8,0.0,886.9,BID
905,1712697570.1364124,25215581.4245455,856.8,0.0,886.9,BID
1106,1712697595.7831018,25215581.42454655,856.3,-4.378969512686775e-17,886.9,ASK
906,1712697595.7831018,25215581.42454655,856.3,-4.3789695126867746e-17,886.9,ASK
907,1712697595.7905638,25215588.43143665,856.3,-2.9207070409796047e-10,886.9,ASK
908,1712697595.7964723,25215631.4245455,856.3,-1.792097120814777e-09,886.9,ASK
909,1712697599.8329334,25215787.0095046,856.8,6.4853034522308885e-09,886.9,BID
910,1712697599.8408947,25216798.55806557,856.7,4.216474016809764e-08,886.9,BID
911,1712697599.9129398,25216817.23220189,856.8,7.78400697805999e-10,886.9,BID
912,1712697600.165618,25216817.23220189,856.8,0.0,886.9,BID
913,1712697604.8730483,25216851.63084534,856.3,-1.439217856614391e-09,886.9,ASK
914,1712697627.1484206,25216869.35762625,856.3,-7.41677492479223e-10,886.9,ASK
915,1712697627.1568067,25216881.03714038,856.2,-4.886636102122556e-10,886.9,ASK
916,1712697627.1602397,25218054.95211234,856.2,-4.9115872610343024e-08,886.9,ASK
917,1712697630.1328604,25218054.95211234,856.2,-0.0,886.9,ASK
918,1712697637.4330754,25218054.95211352,856.2,-4.940664350377872e-17,886.9,ASK
919,1712697637.443702,25218066.95211352,856.1,-5.0205027930724e-10,886.9,ASK
920,1712697637.4494777,25218166.95211352,856.0,-4.18375232756034e-09,886.9,ASK
921,1712697637.4553387,25218358.09446505,856.0,-7.996922581110539e-09,886.9,ASK
922,1712697637.4600618,25218369.77534345,856.1,-4.88699021973072e-10,886.9,ASK
923,1712697637.4634974,25219549.50656034,856.0,-4.9357032245544224e-08,886.9,ASK
924,1712697660.1731727,25219549.50656034,856.0,-0.0,886.9,ASK
925,1712697667.2598965,25219568.18723751,856.5,7.815114358473131e-10,886.9,BID
926,1712697690.1333191,25219568.18723751,856.5,0.0,886.9,BID
927,1712697708.3336792,25220491.12906879,856.0,-3.8611507841604585e-08,886.9,ASK
928,1712697720.20372,25220491.12906879,856.0,-0.0,886.9,ASK
929,1712697721.87715,25220496.98187252,856.0,-2.4484545035976673e-10,886.9,ASK
930,1712697721.8807845,25223791.42906879,856.0,-1.3781948690351833e-07,886.9,ASK
931,1712697721.8842986,25223816.42906879,856.0,-1.0458468347865871e-09,886.9,ASK
932,1712697721.9273496,25223836.88294463,856.2,8.55664852243151e-10,886.9,BID
933,1712697735.163923,25226306.91555739,856.0,-1.033310315949717e-07,886.9,ASK
934,1712697735.1717122,25226605.73623494,856.0,-1.2500826391477272e-08,886.9,ASK
935,1712697735.178861,25226704.42382554,856.0,-4.128484170429661e-09,886.9,ASK
936,1712697736.1437275,25226716.10743343,855.9,-4.88770573276047e-10,886.9,ASK
937,1712697736.1515825,25226775.57226166,855.8,-2.4876440954373763e-09,886.9,ASK
938,1712697736.157263,25226787.25860033,855.7,-4.888848123536261e-10,886.9,ASK
939,1712697736.8169706,25226793.81463632,855.7,2.7426437947324313e-10,886.9,BID
940,1712697749.8613722,25226800.79138051,855.6,-2.9186423312316634e-10,886.9,ASK
941,1712697749.8672774,25226859.22990318,855.6,-2.444709758578436e-09,886.9,ASK
942,1712697749.9942725,25226976.12061036,855.5,-4.889991044802735e-09,886.9,ASK
943,1712697750.0003085,25227066.50798321,855.3,-3.78125391205129e-09,886.9,ASK
944,1712697750.0086613,25227078.20252186,855.1,-4.892278492210208e-10,886.9,ASK
945,1712697750.0120983,25227088.20252186,855.3,-4.1833873391463484e-10,886.9,ASK
946,1712697750.015575,25228023.6463296,855.1,-3.9133237817813814e-08,886.9,ASK
1146,1712697750.015575,25228023.6463296,855.1,-3.913323781781381e-08,886.9,ASK
947,1712697750.0190513,25228547.03814246,855.0,-2.18955068333542e-08,886.9,ASK
948,1712697750.022509,25229726.48804307,855.3,-4.93409578136306e-08,886.9,ASK
949,1712697750.025991,25230523.57103303,855.0,-3.3345068884513825e-08,886.9,ASK
950,1712697750.0295222,25230535.57103303,855.1,-5.020064806975619e-10,886.9,ASK
951,1712697750.033044,25235441.77910318,855.0,-2.052456872387388e-07,886.9,ASK
952,1712697750.0365665,25235447.77910318,855.0,-2.5100324034878093e-10,886.9,ASK
953,1712697750.0403297,25235567.77910318,855.0,-5.020064806975618e-09,886.9,ASK
954,1712697750.203678,25235567.77910318,855.0,-0.0,886.9,ASK
955,1712697759.4342802,25235586.48161633,855.5,7.819766531093884e-10,886.9,BID
956,1712697761.1037955,25235636.48161633,855.0,-2.090565708472658e-09,886.9,ASK
957,1712697761.1669784,25239152.48161633,855.0,-1.4700858061979733e-07,886.9,ASK
958,1712697761.2879162,25243742.49681633,855.0,-1.919145675697761e-07,886.9,ASK
959,1712697761.3841264,25244242.49681633,855.0,-2.090565708472658e-08,886.9,ASK
960,1712697762.3238442,25256188.80924322,855.0,-4.994910220471895e-07,886.9,ASK
961,1712697771.805433,25256223.89696251,855.0,-1.4670636546285803e-09,886.9,ASK
962,1712697771.813703,25256635.59286894,855.0,-1.721354688604271e-08,886.9,ASK
963,1712697771.8203113,25260812.96738124,855.0,-1.746615181372371e-07,886.9,ASK
964,1712697780.139251,25260812.96738124,855.0,-0.0,886.9,ASK
965,1712697795.0627916,25260831.68302049,854.9,7.81819893972352e-10,886.9,BID
966,1712697795.2339866,25260856.24729701,854.9,1.026138610906796e-09,886.9,BID
967,1712697795.7184558,25260862.73995711,854.9,2.712218781756157e-10,886.9,BID
968,1712697796.3939807,25260881.45559636,854.9,7.81819893972352e-10,886.9,BID
969,1712697798.0842445,25260900.17123561,854.9,7.818198938167335e-10,886.9,BID
970,1712697802.604046,25260958.65076777,855.0,2.442901416117316e-09,886.9,BID
971,1712697810.1440356,25260958.65076777,855.0,0.0,886.9,BID
972,1712697815.9745915,25260964.61568005,855.0,2.491746480118965e-10,886.9,BID
973,1712697824.2540674,25260970.46480285,855.0,2.443377280887798e-10,886.9,BID
974,1712697835.5142152,25261087.3080777,855.0,4.880940492431861e-09,886.9,BID
975,1712697840.2042174,25261087.3080777,855.0,0.0,886.9,BID
976,1712697847.7346282,25261099.00945846,854.6,-4.88804176312252e-10,886.9,ASK
977,1712697847.742319,25261109.00945846,854.6,-4.1773204919969975e-10,886.9,ASK
978,1712697847.7482514,25261137.3080777,854.6,-1.1821240204865468e-09,886.9,ASK
979,1712697867.920605,25261143.50425982,854.6,-2.588343854449188e-10,886.9,ASK
1179,1712697867.920605,25261143.50425982,854.6,-2.5883438544491876e-10,886.9,ASK
980,1712697867.9245658,25261257.1106171,854.6,-4.745701642875654e-09,886.9,ASK
981,1712697870.1960852,25261257.1106171,854.6,-0.0,886.9,ASK
982,1712697887.8283794,25261275.82406739,855.0,7.81716055092836e-10,886.9,BID
983,1712697900.1453884,25261275.82406739,855.0,0.0,886.9,BID
984,1712697909.795192,25261714.16792703,855.0,1.8315845719575e-08,886.9,BID
985,1712697916.316766,25261735.46981339,855.0,8.900821935705656e-10,886.9,BID
986,1712697922.1162746,25262748.37157591,854.7,-4.232328571150076e-08,886.9,ASK
987,1712697930.1340203,25262748.37157591,854.7,-0.0,886.9,ASK
988,1712697946.2048924,25262754.22275176,854.7,2.4447382007272726e-10,886.9,BID
989,1712697950.8545508,25262766.22275176,854.7,-5.013839810809366e-10,886.9,ASK
990,1712697960.1965122,25262766.22275176,854.7,-0.0,886.9,ASK
991,1712697971.2750742,25263977.37506936,854.7,-5.0604331965080135e-08,886.9,ASK
992,1712697971.2830648,25263983.22624521,854.7,-2.444736642245159e-10,886.9,ASK
993,1712697971.2873564,25266923.66645941,854.6,-1.2285739007421346e-07,886.9,ASK
994,1712697971.4750032,25266930.52931922,854.6,2.867438148793436e-10,886.9,BID
995,1712697972.7747018,25266936.49004853,854.6,2.49051023956495e-10,886.9,BID
996,1712697984.7050836,25266942.53451899,854.5,-2.5254989420091925e-10,886.9,ASK
997,1712697990.213534,25266942.53451899,854.5,-0.0,886.9,ASK
998,1712697992.9450252,25266961.25672821,854.6,7.82134179214212e-10,886.9,BID
999,1712698007.0150783,25269295.762287,854.5,-9.752570157436696e-08,886.9,ASK
1000,1712698007.023621,25269378.65228112,854.5,-3.462790996499488e-09,886.9,ASK
1201,1712698020.165674,25269378.65228112,854.5,-0.0,886.9,ASK
1202,1712698026.28663,25269832.84572847,854.5,1.897261828964852e-08,886.9,BID
1203,1712698026.2879665,25269964.20699147,854.5,5.487237025455736e-09,886.9,BID
1204,1712698028.794895,25270181.01354412,854.5,9.056466996861376e-09,886.9,BID
1205,1712698029.0384192,25270464.20699147,854.5,-1.1829587613172532e-08,886.9,ASK
1206,1712698050.1370506,25270464.20699147,854.5,-0.0,886.9,ASK
1207,1712698051.5977223,25270757.71481286,854.5,1.2259965721853396e-08,886.9,BID
1208,1712698080.2056844,25270757.71481286,854.5,0.0,886.9,BID
1209,1712698106.7390995,25270776.42826315,855.0,7.81661812398265e-10,886.9,BID
1210,1712698110.205327,25270776.42826315,855.0,0.0,886.9,BID
1211,1712698140.1390283,25270776.42826315,855.0,0.0,886.9,BID
1212,1712698170.1374075,25270776.42826315,855.0,0.0,886.9,BID
1213,1712698181.2055233,25275468.06063646,855.0,1.959696024108018e-07,886.9,BID
1214,1712698181.2153578,25277855.18993646,855.0,9.971045099037358e-08,886.9,BID
1215,1712698194.075804,25277873.87715907,856.2,7.8056575918092e-10,886.9,BID
1216,1712698200.1922648,25277873.87715907,856.2,0.0,886.9,BID
1217,1712698223.1264608,25280673.87715907,855.8,-1.170127528038667e-07,886.9,ASK
1218,1712698230.1365125,25280673.87715907,855.8,-0.0,886.9,ASK
1219,1712698230.7157323,25281646.24512154,856.2,4.0631449767343375e-08,886.9,BID
1220,1712698230.8155253,25281847.92336467,856.2,8.427344093195515e-09,886.9,BID
1221,1712698260.199716,25281847.92336467,856.2,0.0,886.9,BID
1222,1712698285.8158414,25283407.748116,856.8,6.517623106862922e-08,886.9,BID
1223,1712698285.8186882,25283477.748116,856.8,2.9249030513888803e-09,886.9,BID
1224,1712698285.915807,25283843.48808599,856.9,1.5282199346158412e-08,886.9,BID
1225,1712698287.62581,25286139.34015995,857.0,9.593063909518733e-08,886.9,BID
1226,1712698287.6292517,25286517.30759754,857.0,1.5793115879096186e-08,886.9,BID
1227,1712698289.6060405,25286624.75342121,857.1,4.4895516787102556e-09,886.9,BID
1228,1712698290.200734,25286624.75342121,857.1,0.0,886.9,BID
1229,1712698300.257545,25286669.34832632,857.8,1.86304954525895e-09,886.9,BID
1230,1712698300.3860369,25287207.63987492,857.8,-2.2488304937883987e-08,886.9,ASK
1231,1712698320.139433,25287207.63987492,857.8,-0.0,886.9,ASK
1232,1712698341.8734658,25287485.99801457,857.8,-1.1628776240187221e-08,886.9,ASK
1233,1712698350.14103,25287485.99801457,857.8,-0.0,886.9,ASK
1234,1712698350.4558215,25287500.72307492,857.8,6.15152566002295e-10,886.9,BID
1235,1712698351.0360692,25288235.3993408,858.0,3.069175808849839e-08,886.9,BID
1236,1712698351.037656,25289899.3176408,858.0,6.951167516129689e-08,886.9,BID
1237,1712698355.6969037,25290704.92493242,858.2,3.365496512822049e-08,886.9,BID
1238,1712698357.1014023,25290905.77804335,858.3,8.390818348459095e-09,886.9,BID
1239,1712698360.416351,25291006.10625728,858.4,4.191300868695368e-09,886.9,BID
1240,1712698363.0662563,25294481.53931272,858.4,-1.4518932425638817e-07,886.9,ASK
1241,1712698370.956136,25294531.53931272,858.4,-2.0887947191077527e-09,886.9,ASK
1242,1712698380.1565704,25294531.53931272,858.4,-0.0,886.9,ASK
1243,1712698381.9362063,25294631.53931272,858.4,-4.176534411776225e-09,886.9,ASK
1244,1712698406.7808695,25294645.28581785,858.4,-5.741275171744743e-10,886.9,ASK
1245,1712698410.146068,25294645.28581785,858.4,-0.0,886.9,ASK
1246,1712698423.896355,25294902.09836965,858.4,-1.0725820860138008e-08,886.9,ASK
1247,1712698433.3767393,25295135.17241344,858.9,9.734377947241154e-09,886.9,BID
1248,1712698433.3797667,25296050.06511344,859.0,3.821065262456904e-08,886.9,BID
1249,1712698433.3826773,25296810.72480678,859.3,3.1769084295612214e-08,886.9,BID
1250,1712698440.2062328,25296810.72480678,859.3,0.0,886.9,BID
1251,1712698470.21017,25296810.72480678,859.3,0.0,886.9,BID
1252,1712698500.1586263,25296810.72480678,859.3,0.0,886.9,BID
1253,1712698530.14084,25296810.72480678,859.3,0.0,886.9,BID
1254,1712698560.2066016,25296810.72480678,859.3,0.0,886.9,BID
1255,1712698561.1370428,25296817.1326351,859.3,2.6814199426813273e-10,886.9,BID
1256,1712698590.204297,25296817.1326351,859.3,0.0,886.9,BID
1257,1712698597.3470454,25296933.50642772,859.3,4.8697767926701135e-09,886.9,BID
1258,1712698598.649138,25297049.88022034,859.3,4.8697767926701135e-09,886.9,BID
1259,1712698602.5966182,25297055.69890997,859.3,2.434888395711503e-10,886.9,BID
1260,1712698620.141508,25297055.69890997,859.3,0.0,886.9,BID
1261,1712698640.7168386,25297067.33628923,859.3,4.86973501830892e-10,886.9,BID
1262,1712698647.8072965,25297125.52318554,859.3,2.4348675089985748e-09,886.9,BID
1263,1712698650.1573222,25297125.52318554,859.3,0.0,886.9,BID
1264,1712698665.0468738,25297395.42523631,859.3,1.1294193808674986e-08,886.9,BID
1265,1712698680.169615,25298087.4667588,859.6,2.89588428702484e-08,886.9,BID
1266,1712698680.210206,25298087.4667588,859.6,0.0,886.9,BID
1267,1712698710.1969016,25298087.4667588,859.6,0.0,886.9,BID
1268,1712698721.3273177,25298110.73339444,859.6,9.735709682565503e-10,886.9,BID
1269,1712698740.1443846,25298110.73339444,859.6,0.0,886.9,BID
1270,1712698742.997236,25298122.36671226,859.6,4.867850767467993e-10,886.9,BID
1271,1712698749.6880312,25298180.53330137,859.6,2.433925383889877e-09,886.9,BID
1272,1712698751.607323,25300507.19686581,859.6,9.735701536167448e-08,886.9,BID
1273,1712698762.1488984,25300737.29481504,859.3,-9.628228988728311e-09,886.9,ASK
1274,1712698762.1523688,25300798.99793277,859.3,-2.581908047361821e-09,886.9,ASK
1275,1712698762.16768,25301206.40102903,859.1,-1.7047393575683448e-08,886.9,ASK
1276,1712698762.1701648,25302370.37011005,858.7,-4.8705174840556203e-08,886.9,ASK
1277,1712698762.1726189,25303246.19028242,858.6,-3.6647858881981374e-08,886.9,ASK
1278,1712698762.1750553,25303446.19028242,858.5,-8.368809040520894e-09,886.9,ASK
1279,1712698762.177456,25304085.62523303,858.5,-2.6756544977554e-08,886.9,ASK
1280,1712698762.1799233,25307005.51225842,858.6,-1.2217988467690998e-07,886.9,ASK
1281,1712698762.1823084,25307105.51225842,858.5,-4.184404520260447e-09,886.9,ASK
1282,1712698762.1837192,25309075.99793277,858.6,-8.24530916284909e-08,886.9,ASK
1283,1712698770.1406183,25309075.99793277,858.6,-0.0,886.9,ASK
1284,1712698772.82713,25310048.36589524,858.4,-4.0671781421691615e-08,886.9,ASK
1285,1712698783.4406264,25312277.39814317,858.4,-9.32349849732816e-08,886.9,ASK
1286,1712698783.4470232,25313391.711453,858.4,-4.660900926584472e-08,886.9,ASK
1287,1712698787.536857,25313411.47359958,858.4,-8.26602415119615e-10,886.9,ASK
1288,1712698789.8668065,25313696.4814595,858.4,-1.1921183985358573e-08,886.9,ASK
1289,1712698793.4404194,25317386.74531335,858.6,1.543547408438255e-07,886.9,BID
1290,1712698793.4437463,25322887.77756128,858.9,2.3009476845852705e-07,886.9,BID
1291,1712698793.4469726,25325340.28379799,859.0,1.0258235713689345e-07,886.9,BID
1292,1712698794.316593,25326893.61629294,858.4,-6.497211153390755e-08,886.9,ASK
1293,1712698794.3191795,25332712.98314582,858.4,-2.434099289443488e-07,886.9,ASK
1294,1712698794.4167607,25335866.04120202,858.4,-1.31884731933736e-07,886.9,ASK
1295,1712698800.1534145,25335866.04120202,858.4,-0.0,886.9,ASK
1296,1712698830.147782,25335866.04120202,858.4,-0.0,886.9,ASK
1297,1712698831.236089,25335982.53700817,858.2,-4.8827421528843725e-09,886.9,ASK
1298,1712698831.2400632,25336099.03281432,858.3,-4.8827421528843725e-09,886.9,ASK
1299,1712698831.2438695,25336448.72387304,858.2,-1.4656761726728337e-08,886.9,ASK
1300,1712698860.2050023,25336448.72387304,858.2,-0.0,886.9,ASK
1301,1712698871.8184707,25336548.72387304,858.2,4.191258016723929e-09,886.9,BID
1302,1712698879.5148098,25336560.37616854,858.2,4.883777692777904e-10,886.9,BID
1303,1712698890.2009325,25336560.37616854,858.2,0.0,886.9,BID
1304,1712698893.9847915,25336676.87197469,858.1,-4.882620205502385e-09,886.9,ASK
1305,1712698893.988039,25336782.87197469,858.1,-4.442715655499484e-09,886.9,ASK
1306,1712698907.2340777,25336899.36778084,858.0,-4.882620205346251e-09,886.9,ASK
1307,1712698907.237147,25337423.26984202,858.0,-2.1957998954398e-08,886.9,ASK
1308,1712698920.152516,25337423.26984202,858.0,-0.0,886.9,ASK
1309,1712698937.0335944,25337772.92019167,858.0,-1.4654234715793476e-08,886.9,ASK
1310,1712698937.0433302,25337782.92019167,858.0,-4.1911111287147477e-10,886.9,ASK
1311,1712698937.0452492,25339465.92861987,858.0,-7.053675353138647e-08,886.9,ASK
1312,1712698943.3835454,25339699.02885297,858.0,9.769489810528984e-09,886.9,BID
1313,1712698949.1433268,25340281.77943572,858.0,2.4423724526322463e-08,886.9,BID
1314,1712698950.15649,25340281.77943572,858.0,0.0,886.9,BID
1315,1712698980.2026682,25340281.77943572,858.0,0.0,886.9,BID
1316,1712699005.6021464,25341320.59813572,858.0,4.3533571272986864e-08,886.9,BID
1317,1712699010.1938767,25341320.59813572,858.0,0.0,886.9,BID
1318,1712699012.241976,25341553.69836882,858.0,9.7681208388041e-09,886.9,BID
1319,1712699025.893779,25343842.9358977,858.0,9.593104439835606e-08,886.9,BID
1320,1712699025.8965757,25344800.06372669,858.0,4.010866985158021e-08,886.9,BID
1321,1712699040.142846,25344800.06372669,858.0,0.0,886.9,BID
1322,1712699070.1322725,25344800.06372669,858.0,0.0,886.9,BID
1323,1712699100.153943,25344800.06372669,858.0,0.0,886.9,BID
1324,1712699113.2206442,25345048.41143119,858.2,1.0414895097524702e-08,886.9,BID
1325,1712699113.2248783,25346058.39466769,858.2,4.235541246324919e-08,886.9,BID
1326,1712699113.3210857,25346058.39466791,858.2,9.217367065748345e-18,886.9,BID
1327,1712699124.2801914,25346158.39466791,858.7,4.193674799005997e-09,886.9,BID
1328,1712699130.138199,25346158.39466791,858.7,0.0,886.9,BID
1329,1712699143.1700585,25347932.37988891,858.7,7.43915342543045e-08,886.9,BID
1330,1712699158.4097345,25347932.37988951,858.7,2.515124662136623e-17,886.9,BID
1331,1712699158.4135947,25350124.0117844,858.7,9.190542133684726e-08,886.9,BID
1332,1712699160.1997616,25350124.0117844,858.7,0.0,886.9,BID
1333,1712699176.0496883,25351729.33984396,859.6,6.730933542790927e-08,886.9,BID
1334,1712699190.2070866,25351729.33984396,859.6,0.0,886.9,BID
1335,1712699216.559226,25351845.67302218,859.6,4.877417945373945e-09,886.9,BID
1336,1712699220.153442,25351845.67302218,859.6,0.0,886.9,BID
1337,1712699245.258799,25351851.48968109,859.6,2.438698747816808e-10,886.9,BID
1338,1712699250.09076,25351871.23618147,859.7,8.278939249040432e-10,886.9,BID
1339,1712699250.1018307,25352887.46574594,859.6,4.260655136490838e-08,886.9,BID
1340,1712699250.1412616,25352887.46574594,859.6,0.0,886.9,BID
1341,1712699255.548677,25352899.09906376,859.6,-4.877214375925525e-10,886.9,ASK
1342,1712699273.938517,25353399.09906376,859.6,-2.0962267390457967e-08,886.9,ASK
1343,1712699274.698238,25353738.90646376,859.6,-1.4246267160085377e-08,886.9,ASK
1344,1712699276.325438,25354062.43084576,859.6,-1.3563609205588322e-08,886.9,ASK
1345,1712699280.202602,25354062.43084576,859.6,-0.0,886.9,ASK
1346,1712699300.4307294,25354062.43084598,859.6,-9.214292530548756e-18,886.9,ASK
1347,1712699310.1981547,25354062.43084598,859.6,-0.0,886.9,ASK
1348,1712699327.105125,25354069.43084598,859.6,-2.9345931728960356e-10,886.9,ASK
1349,1712699339.0479777,25356267.31697383,859.5,9.214145179424429e-08,886.9,BID
1350,1712699339.0497928,25356297.57047345,859.7,1.2683101920010735e-09,886.9,BID
1351,1712699339.288623,25356413.90365168,859.7,-4.877007865913856e-09,886.9,ASK
1352,1712699339.4282596,25360702.53625168,859.7,-1.7979131355734693e-07,886.9,ASK
1353,1712699340.1380403,25360702.53625168,859.7,-0.0,886.9,ASK
1354,1712699342.6575215,25360702.53630092,859.7,-2.0638200086547544e-15,886.9,ASK
1355,1712699342.9975667,25360740.91731976,859.8,1.608653279713384e-09,886.9,BID
1356,1712699357.3876514,25361007.4523913,859.8,1.1171212488713673e-08,886.9,BID
1357,1712699357.3914242,25361107.4523913,859.8,4.191272999887751e-09,886.9,BID
1358,1712699357.4675455,25361900.54801848,859.8,-3.3240802885337395e-08,886.9,ASK
1359,1712699367.7274516,25361921.20350805,858.9,-8.65727957244268e-10,886.9,ASK
1360,1712699367.7305152,25361928.18918648,858.9,-2.9278885392267573e-10,886.9,ASK
1361,1712699370.137277,25361928.18918648,858.9,-0.0,886.9,ASK
1362,1712699372.2375598,25361939.82115111,859.7,4.87505861143938e-10,886.9,BID
1363,1712699400.155334,25361939.82115111,859.7,0.0,886.9,BID
1364,1712699408.6095016,25362074.54970266,859.7,5.6609480878584595e-09,886.9,BID
1365,1712699426.428923,25362506.82629438,859.7,1.816315337185839e-08,886.9,BID
1366,1712699430.1315112,25362506.82629438,859.7,0.0,886.9,BID
1367,1712699432.1270344,25362506.8262953,858.9,-3.866141199288311e-17,886.9,ASK
1368,1712699445.7368894,25362513.2469953,858.9,2.6977581610656236e-10,886.9,BID
1369,1712699446.5969212,25363534.98399668,858.7,-4.292988824385081e-08,886.9,ASK
1370,1712699460.1930132,25363534.98399668,858.7,-0.0,886.9,ASK
1371,1712699467.0165937,25363801.13920009,858.7,-1.1182514955888752e-08,886.9,ASK
1372,1712699468.8070056,25363876.13920009,859.9,3.151126150968214e-09,886.9,BID
1373,1712699468.811713,25364888.48150243,860.0,4.253357736835201e-08,886.9,BID
1374,1712699468.8156562,25365029.46080151,858.9,5.923247414333081e-09,886.9,BID
1375,1712699480.9267092,25365041.10360043,860.0,4.891723754212157e-10,886.9,BID
1376,1712699485.206458,25365070.17336787,860.0,1.22136672501404e-09,886.9,BID
1377,1712699490.194119,25365070.17336787,860.0,0.0,886.9,BID
1378,1712699520.142768,25365070.17336787,860.0,0.0,886.9,BID
1379,1712699530.6461556,25365076.10360042,860.0,2.491449966703249e-10,886.9,BID
1380,1712699544.5760388,25365125.78481536,858.7,-2.0872412716385604e-09,886.9,ASK
1381,1712699550.1343403,25365125.78481536,858.7,-0.0,886.9,ASK
1382,1712699558.4460795,25365218.03992869,858.7,-3.875877309189277e-09,886.9,ASK
1383,1712699558.4496105,25365667.40524835,858.7,-1.887900608596738e-08,886.9,ASK
1384,1712699558.453475,25366456.47458836,858.7,-3.3150855707993886e-08,886.9,ASK
1385,1712699558.865877,25367906.93542736,858.7,-6.093763316568384e-08,886.9,ASK
1386,1712699580.1880355,25367906.93542736,858.7,-0.0,886.9,ASK
1387,1712699581.2858524,25368023.39053391,858.7,-4.8920911395454456e-09,886.9,ASK
1388,1712699581.2957528,25379348.03002998,858.7,-4.757298342599809e-07,886.9,ASK
1389,1712699581.4057343,25379464.4986999,858.6,-4.892660914928447e-09,886.9,ASK
1390,1712699581.408904,25379704.12289943,858.6,-1.006622601695993e-08,886.9,ASK
1391,1712699587.681691,25379883.94869943,858.2,-7.554191730196798e-09,886.9,ASK
1392,1712699610.185497,25379883.94869943,858.2,-0.0,886.9,ASK
1393,1712699640.130525,25379883.94869943,858.2,-0.0,886.9,ASK
1394,1712699644.096069,25382034.58199987,858.2,-9.030561981135373e-08,886.9,ASK
1395,1712699644.1004465,25387134.58199987,858.2,-2.141502509721179e-07,886.9,ASK
1396,1712699661.265274,25387141.56767922,858.9,2.933303894476745e-10,886.9,BID
1397,1712699670.143658,25387141.56767922,858.9,0.0,886.9,BID
1398,1712699679.0158987,25387153.21047814,858.9,4.887561551499107e-10,886.9,BID
1399,1712699684.099615,25387164.86413156,858.1,-4.892118191485e-10,886.9,ASK
1400,1712699684.1038194,25387514.86413156,858.1,-1.4692743170193985e-08,886.9,ASK
1401,1712699700.1627054,25387514.86413156,858.1,-0.0,886.9,ASK
1402,1712699730.1522384,25387514.86413156,858.1,-0.0,886.9,ASK
1403,1712699750.1750877,25387534.86413156,858.1,-8.405668071199701e-10,886.9,ASK
1404,1712699750.1792347,25387538.17143841,858.1,-1.3900061804563826e-10,886.9,ASK
1405,1712699760.1545725,25387538.17143841,858.1,-0.0,886.9,ASK
1406,1712699790.1379552,25387538.17143841,858.1,-0.0,886.9,ASK
1407,1712699810.6349187,25387548.17143841,858.2,-4.2028305028400317e-10,886.9,ASK
1408,1712699810.6391823,25388231.08856353,858.1,-2.8701849243693493e-08,886.9,ASK
1409,1712699810.6432216,25388242.74085903,858.2,-4.89726229556739e-10,886.9,ASK
1410,1712699820.198444,25388242.74085903,858.2,-0.0,886.9,ASK
1411,1712699847.4089906,25388928.96529099,859.3,2.8840116916129898e-08,886.9,BID
1412,1712699847.412632,25390570.02573504,859.4,6.896923640241067e-08,886.9,BID
1413,1712699850.1868682,25390570.02573504,859.4,0.0,886.9,BID
1414,1712699877.894083,25391151.82699173,859.4,-2.4449444283642534e-08,886.9,ASK
1415,1712699880.1338682,25391151.82699173,859.4,-0.0,886.9,ASK
1416,1712699910.158341,25391151.82699173,859.4,-0.0,886.9,ASK
1417,1712699931.480015,25391326.28009854,859.4,7.331011829927422e-09,886.9,BID
1418,1712699940.1876268,25391326.28009854,859.4,0.0,886.9,BID
1419,1712699970.1941698,25391326.28009854,859.4,0.0,886.9,BID
1420,1712700000.1753776,25391326.28009854,859.4,0.0,886.9,BID
1421,1712700030.1387875,25391326.28009854,859.4,0.0,886.9,BID
1422,1712700039.6235318,25394885.28704807,858.4,-1.4993128459675434e-07,886.9,ASK
1423,1712700060.187617,25394885.28704807,858.4,-0.0,886.9,ASK
1424,1712700090.1867712,25394885.28704807,858.4,-0.0,886.9,ASK
1425,1712700101.1132925,25395199.82572467,858.4,1.3248953950338065e-08,886.9,BID
1426,1712700101.8631475,25395933.74930343,858.4,3.09142258855867e-08,886.9,BID
1427,1712700103.863329,25399041.77830343,859.3,1.309159609329699e-07,886.9,BID
1428,1712700120.1312034,25399041.77830343,859.3,0.0,886.9,BID
1429,1712700150.126294,25399041.77830343,859.3,0.0,886.9,BID
1430,1712700154.6532516,25400205.65160343,859.2,4.9017135186398906e-08,886.9,BID
1431,1712700173.923461,25400205.65167401,859.2,2.972486386665401e-15,886.9,BID
1432,1712700173.9262228,25400321.84960482,859.3,4.893736872256606e-09,886.9,BID
1433,1712700180.1964357,25400321.84960482,859.3,0.0,886.9,BID
1434,1712700210.186355,25400321.84960482,859.3,0.0,886.9,BID
1435,1712700221.8569407,25400333.48931155,859.3,4.901896551148761e-10,886.9,BID
1436,1712700240.1380734,25400333.48931155,859.3,0.0,886.9,BID
1437,1712700261.502739,25402195.4699935,859.3,7.841462890461372e-08,886.9,BID
1438,1712700265.6527672,25403197.23445268,859.0,-4.21878642878062e-08,886.9,ASK
1439,1712700265.6631427,25404068.10095973,859.0,-3.667528596714477e-08,886.9,ASK
1440,1712700265.6670558,25404766.58757206,859.0,-2.94157555079858e-08,886.9,ASK
1441,1712700270.125554,25404766.58757206,859.0,-0.0,886.9,ASK
1442,1712700285.323714,25404882.96136468,858.6,-4.900128358786923e-09,886.9,ASK
1443,1712700285.3287885,25404947.02029782,858.6,-2.697316877473837e-09,886.9,ASK
1444,1712700291.773619,25406111.16465172,859.0,4.901839695959261e-08,886.9,BID
1445,1712700300.1824818,25406111.16465172,859.0,0.0,886.9,BID
1446,1712700330.1900992,25406111.16465172,859.0,0.0,886.9,BID
1447,1712700330.2552724,25407974.88043506,858.5,-7.91253177293372e-08,886.9,ASK
1448,1712700331.4536197,25407984.88043506,858.3,-4.245567829423967e-10,886.9,ASK
1449,1712700331.4570992,25408567.50686246,858.2,-2.473580016745298e-08,886.9,ASK
1450,1712700331.4605188,25408867.50686246,858.1,-1.2736703488271902e-08,886.9,ASK
1451,1712700331.4639146,25413367.50686246,858.3,-1.9105055232407854e-07,886.9,ASK
1452,1712700331.4663038,25414680.88043506,858.1,-5.576016587842545e-08,886.9,ASK
1453,1712700332.1480515,25415958.50499787,858.1,-5.424241741952694e-08,886.9,ASK
1454,1712700360.126414,25415958.50499787,858.1,-0.0,886.9,ASK
1455,1712700367.8426037,25416028.50499787,858.0,-2.9708314778825518e-09,886.9,ASK
1456,1712700374.071642,25416221.15499787,858.0,-8.176152631566382e-09,886.9,ASK
1457,1712700374.1628923,25416586.89496786,858.0,-1.55221687938503e-08,886.9,ASK
1458,1712700375.3729782,25417712.13964,858.0,-4.7755889890113243e-08,886.9,ASK
1459,1712700375.37827,25418382.40970813,858.0,-2.8446563101245825e-08,886.9,ASK
1460,1712700375.5139432,25418482.40970813,858.0,-4.244044968403645e-09,886.9,ASK
1461,1712700375.516468,25418976.4455989,858.0,-2.0967105364298933e-08,886.9,ASK
1462,1712700375.518807,25428392.40970813,858.0,-3.996177510045023e-07,886.9,ASK
1463,1712700375.5436063,25439061.67894384,858.0,-4.528085841634958e-07,886.9,ASK
1464,1712700375.6957138,25440011.03291821,857.9,-4.02910095816812e-08,886.9,ASK
1465,1712700375.6980877,25440057.65296483,857.9,-1.978575742814933e-09,886.9,ASK
1466,1712700375.7005694,25442388.92700609,857.9,-9.894031864770193e-08,886.9,ASK
1467,1712700375.7029078,25442447.20885712,857.9,-2.4735079661688327e-09,886.9,ASK
1468,1712700377.0799828,25442563.78614786,857.8,-4.947592641946492e-09,886.9,ASK
1469,1712700377.0867865,25443064.69428495,857.8,-2.1258766588513976e-08,886.9,ASK
1470,1712700377.0890658,25443106.50175712,857.8,-1.7743279190221435e-09,886.9,ASK
1471,1712700378.1037066,25443156.50175712,857.8,-2.1220224842018227e-09,886.9,ASK
1472,1712700378.1087892,25443256.50175712,857.8,-4.244044968403645e-09,886.9,ASK
1473,1712700378.1129,25443274.96240769,857.7,-7.834783116799747e-10,886.9,ASK
1474,1712700378.1169984,25444753.94486075,857.7,-6.276868038264049e-08,886.9,ASK
1475,1712700378.120371,25445839.11803674,857.8,-4.605523757409431e-08,886.9,ASK
1476,1712700378.1228127,25446836.26326397,857.7,-4.231929184397797e-08,886.9,ASK
1477,1712700378.1251383,25446952.84055471,857.8,-4.947592641946492e-09,886.9,ASK
1478,1712700378.127489,25447027.0080958,857.7,-3.147703795835786e-09,886.9,ASK
1479,1712700378.129796,25453099.91436978,857.8,-2.577368731567045e-07,886.9,ASK
1480,1712700378.1321878,25453656.57485712,857.7,-2.3624921403997823e-08,886.9,ASK
1481,1712700378.2224674,25453656.57491843,857.7,-2.6020590994502303e-15,886.9,ASK
1482,1712700378.3031704,25453807.16147932,857.2,-6.39096136054747e-09,886.9,ASK
1483,1712700378.3084388,25453930.49597937,857.1,-5.2343716436060735e-09,886.9,ASK
1484,1712700378.31326,25454027.34523296,857.1,-4.11032587397169e-09,886.9,ASK
1485,1712700378.3174026,25454545.95487181,857.0,-2.201002628331796e-08,886.9,ASK
1486,1712700378.320778,25454592.57491843,857.1,-1.978575742814933e-09,886.9,ASK
1487,1712700390.1332903,25454592.57491843,857.1,-0.0,886.9,ASK
1488,1712700410.5956545,25454711.29746384,857.1,5.031560533583789e-09,886.9,BID
1489,1712700415.192568,25454827.58508168,857.1,4.9283662714597514e-09,886.9,BID
1490,1712700420.1857803,25454827.58508168,857.1,0.0,886.9,BID
1491,1712700422.012928,25454847.43383282,858.1,8.41199453527237e-10,886.9,BID
1492,1712700433.3526309,25454859.09020302,857.9,4.9400247773367e-10,886.9,BID
1493,1712700441.8224175,25456115.81010044,857.9,5.326038316205429e-08,886.9,BID
1494,1712700447.3223994,25458849.65605505,857.9,1.158616835363838e-07,886.9,BID
1495,1712700447.328679,25461098.16098118,857.9,9.52927013833324e-08,886.9,BID
1496,1712700450.2023048,25461098.16098118,857.9,0.0,886.9,BID
1497,1712700453.8525083,25461468.85486648,857.9,1.5706601142186062e-08,886.9,BID
1498,1712700453.9623084,25462333.80726548,857.9,3.664873599701356e-08,886.9,BID
1499,1712700454.0522375,25462333.80726552,857.9,1.736279347859603e-18,886.9,BID
1500,1712700457.7472863,25464753.00240652,857.9,1.0250326393703606e-07,886.9,BID
1501,1712700480.1277688,25464753.00240652,857.9,0.0,886.9,BID
1502,1712700481.0725667,25464764.65877587,857.9,4.938242351137083e-10,886.9,BID
1503,1712700481.077327,25464764.65877672,857.9,3.598355504360308e-17,886.9,BID
1504,1712700482.4754288,25465305.48077283,857.9,2.2912023506093148e-08,886.9,BID
1505,1712700482.5723412,25466567.39876376,857.9,5.3461388181041873e-08,886.9,BID
1506,1712700510.1347518,25466567.39876376,857.9,0.0,886.9,BID
1507,1712700537.2625933,25466856.15429087,857.9,1.2232374449559287e-08,886.9,BID
1508,1712700540.1922498,25466856.15429087,857.9,0.0,886.9,BID
1509,1712700543.372233,25467356.15439168,857.9,-2.1180977332666825e-08,886.9,ASK
1510,1712700546.093756,25467487.56434078,859.0,5.566781184036549e-09,886.9,BID
1511,1712700546.0968652,25471389.06242427,859.0,1.652750516167863e-07,886.9,BID
1512,1712700556.3933496,25471712.20273627,858.8,1.3688852487584109e-08,886.9,BID
1513,1712700556.4019053,25475389.06242427,858.9,1.557589320096608e-07,886.9,BID
1514,1712700570.195762,25475389.06242427,858.9,0.0,886.9,BID
1515,1712700575.9220147,25476254.01482327,857.9,-3.6629694811867785e-08,886.9,ASK
1516,1712700577.3979328,25476260.01482327,858.5,2.5409279068439597e-10,886.9,BID
