,time,acc_trade_volume,trade_price,dev,high,ask_bid
0,1712300395.4928875,2541144.52354194,455.6,0.0,469.1,BID
1,1712300400.272263,2541144.52354194,455.6,0.0,469.1,BID
2,1712300430.195596,2541144.52354194,455.6,0.0,469.1,BID
3,1712300460.283849,2541144.52354194,455.6,0.0,469.1,BID
4,1712300480.3338478,2541254.29302602,455.5,3.860949357679595e-08,469.1,BID
5,1712300490.2636478,2541254.29302602,455.5,0.0,469.1,BID
6,1712300520.1926568,2541254.29302602,455.5,0.0,469.1,BID
7,1712300538.3326669,2541270.75844863,455.5,5.791322186113939e-09,469.1,BID
8,1712300550.1828172,2541270.75844863,455.5,0.0,469.1,BID
9,1712300580.262929,2541270.75844863,455.5,0.0,469.1,BID
10,1712300584.0530236,2541292.77033388,454.3,-7.742138549645501e-09,469.1,ASK
11,1712300584.0542252,2541309.25856863,454.4,-5.799330517299337e-09,469.1,ASK
12,1712300584.352756,2541309.25856979,454.3,-4.079881608973185e-16,469.1,ASK
13,1712300584.6328874,2541354.29252679,453.6,1.5839585322757952e-08,469.1,BID
14,1712300585.3430278,2541601.29252679,453.6,8.687616712719085e-08,469.1,BID
15,1712300585.6428232,2543100.22044257,453.6,5.272109802546727e-07,469.1,BID
16,1712300586.1231513,2544786.51434783,453.6,5.931123527892092e-07,469.1,BID
17,1712300586.2628214,2545226.01434783,453.6,1.5458330142672218e-07,469.1,BID
18,1712300586.762781,2545525.07434783,453.6,1.0518699004478765e-07,469.1,BID
19,1712300588.812933,2545773.21234783,453.6,8.727643060174163e-08,469.1,BID
20,1712300593.9530923,2545784.26219344,453.4,-3.886511068533809e-09,469.1,ASK
21,1712300593.9547694,2545838.04697517,453.1,-1.891747241480892e-08,469.1,ASK
22,1712300593.9564626,2545904.24291515,453.2,-2.32827916795238e-08,469.1,ASK
23,1712300593.958097,2546651.3682205,453.1,-2.627829266905879e-07,469.1,ASK
24,1712300594.5728395,2547551.3682205,453.6,3.165528356861205e-07,469.1,BID
25,1712300610.2745347,2547551.3682205,453.6,0.0,469.1,BID
26,1712300640.1942434,2547551.3682205,453.6,0.0,469.1,BID
27,1712300670.2042348,2547551.3682205,453.6,0.0,469.1,BID
28,1712300700.2747338,2547551.3682205,453.6,0.0,469.1,BID
29,1712300700.524335,2547772.11877237,453.0,-7.765674826192571e-08,469.1,ASK
30,1712300700.5251522,2547811.2537295,453.0,-1.3767093619252776e-08,469.1,ASK
31,1712300701.1836104,2547811.25373026,453.0,-2.673423074409589e-16,469.1,ASK
32,1712300701.1871789,2548601.7329695,452.8,-2.780787942229725e-07,469.1,ASK
33,1712300701.203136,2548601.73297054,452.8,-3.657937331591062e-16,469.1,ASK
34,1712300717.065498,2548612.80479374,452.5,-3.894902095497902e-09,469.1,ASK
35,1712300717.0733323,2548833.79926854,452.5,-7.774255670691608e-08,469.1,ASK
36,1712300727.9166377,2549055.03820659,452.0,-7.782855522835549e-08,469.1,ASK
37,1712300727.9178593,2549055.03820692,452.5,-1.1614319606350484e-16,469.1,ASK
38,1712300727.919268,2549315.58478802,451.9,-9.16563971759288e-08,469.1,ASK
39,1712300727.920333,2549326.66640713,452.1,-3.898348150454393e-09,469.1,ASK
40,1712300727.921427,2549337.75293069,451.9,-3.900073462546297e-09,469.1,ASK
41,1712300727.922501,2549364.61446574,452.1,-9.449486978119781e-09,469.1,ASK
42,1712300727.92363,2549712.06799528,451.9,-1.222289640849434e-07,469.1,ASK
43,1712300727.924775,2549757.00128084,452.0,-1.5806858989754205e-08,469.1,ASK
44,1712300727.9256036,2549978.19128305,452.1,-7.781134033050628e-08,469.1,ASK
45,1712300727.9262297,2552868.05914493,451.8,-1.0166123670340022e-06,469.1,ASK
46,1712300728.0132856,2553106.81300176,451.8,8.39900421510531e-08,469.1,BID
47,1712300728.114975,2553615.62852876,451.8,1.7899370559822613e-07,469.1,BID
48,1712300728.1733174,2554124.44405576,451.8,1.7899370559822613e-07,469.1,BID
49,1712300728.1962123,2554334.34806514,451.8,7.38410965570214e-08,469.1,BID
50,1712300728.3132458,2555375.56616314,451.9,3.662849811124224e-07,469.1,BID
51,1712300728.8011236,2556620.59954902,451.9,4.379841563526424e-07,469.1,BID
52,1712300730.2632873,2556620.59954902,451.9,0.0,469.1,BID
53,1712300760.185572,2556620.59954902,451.9,0.0,469.1,BID
54,1712300774.633465,2559440.59954902,452.7,9.906054185501748e-07,469.1,BID
55,1712300774.6350498,2562188.59954902,452.7,9.65313365310596e-07,469.1,BID
56,1712300774.6894622,2563244.19298755,452.7,-3.7080729787010825e-07,469.1,ASK
57,1712300790.194831,2563244.19298755,452.7,-0.0,469.1,ASK
58,1712300820.2553246,2563244.19298755,452.7,-0.0,469.1,ASK
59,1712300820.9951537,2563544.19298755,451.5,-1.0527267052441689e-07,469.1,ASK
60,1712300820.9960415,2563776.77327547,451.5,-8.161449340219969e-08,469.1,ASK
61,1712300823.2172222,2563787.87453848,451.3,-3.8955320108354435e-09,469.1,ASK
62,1712300823.2184095,2563817.87453848,451.1,-1.0527267052441689e-08,469.1,ASK
63,1712300823.2191374,2564086.13951567,451.0,-9.41365685232727e-08,469.1,ASK
64,1712300823.219852,2564546.06169828,450.6,-1.613907879891714e-07,469.1,ASK
65,1712300823.2205932,2564557.58586628,451.0,-4.0439331364719804e-09,469.1,ASK
66,1712300823.221343,2564587.58586628,450.9,-1.0527267052441689e-08,469.1,ASK
67,1712300823.2220674,2564609.74772828,451.0,-7.776794655073978e-09,469.1,ASK
68,1712300823.2227976,2564620.86376999,450.7,-3.900717988288917e-09,469.1,ASK
69,1712300835.563751,2566459.86709987,450.8,-6.453226387992338e-07,469.1,ASK
70,1712300850.2747982,2566459.86709987,450.8,-0.0,469.1,ASK
71,1712300860.6239676,2604992.87006686,450.7,-1.3514697310251204e-05,469.1,ASK
72,1712300860.6252732,2606830.03489172,450.8,-6.44349638108647e-07,469.1,ASK
73,1712300862.4842966,2628156.52639649,450.7,-7.479849873717903e-06,469.1,ASK
74,1712300863.3535988,2628756.43083149,450.7,2.104047499502324e-07,469.1,BID
75,1712300865.443805,2633195.9424852,450.7,1.5570719016272316e-06,469.1,BID
76,1712300865.5636268,2635406.5054852,450.7,7.753117465522944e-07,469.1,BID
77,1712300880.1651642,2635406.5054852,450.7,0.0,469.1,BID
78,1712300910.185562,2635406.5054852,450.7,0.0,469.1,BID
79,1712300910.4337158,2635738.83582382,450.5,-1.1530172317979973e-07,469.1,ASK
80,1712300910.4344935,2636134.30349767,450.1,-1.3720716695974996e-07,469.1,ASK
81,1712300910.435283,2637714.20340199,450.5,-5.481449035800397e-07,469.1,ASK
82,1712300910.436213,2638170.09229087,450.0,-1.58170255188442e-07,469.1,ASK
83,1712300910.43698,2638192.30464093,450.2,-7.706555617076179e-09,469.1,ASK
84,1712300910.4386308,2638203.43550073,450.1,-3.861842167961911e-09,469.1,ASK
85,1712300910.4394135,2638728.4230555,450.0,-1.821439774781441e-07,469.1,ASK
86,1712300910.4401877,2641368.4230555,450.1,-9.159457137093502e-07,469.1,ASK
87,1712300910.440965,2668331.5086106,450.0,-9.354819182792674e-06,469.1,ASK
88,1712300910.4938128,2668704.0789256,450.0,1.292629481360947e-07,469.1,BID
89,1712300910.5138004,2668882.00943851,450.0,6.173283736297097e-08,469.1,BID
90,1712300910.6137874,2670239.93376015,450.6,-4.711306674044196e-07,469.1,ASK
91,1712300911.958321,2671603.34366015,450.0,-4.730338840659795e-07,469.1,ASK
92,1712300911.9637997,2672467.88850175,450.6,-2.999530840805792e-07,469.1,ASK
93,1712300911.9651785,2674228.46717218,450.0,-6.108312450107812e-07,469.1,ASK
94,1712300912.0837855,2678483.5138354,450.0,1.4762847548521472e-06,469.1,BID
95,1712300912.1036866,2681218.5145171,450.0,9.489061179528164e-07,469.1,BID
96,1712300912.124021,2684980.2145171,450.0,1.3051185572955328e-06,469.1,BID
97,1712300912.223898,2685302.11451709,450.0,1.1168292622499909e-07,469.1,BID
98,1712300912.4836786,2689747.54683538,450.0,1.5423388930011196e-06,469.1,BID
99,1712300913.4670577,2691964.93383538,450.0,7.693204993501909e-07,469.1,BID
100,1712300914.4037292,2692234.12406871,450.0,9.339531833002096e-08,469.1,BID
101,1712300916.2813363,2693805.47706871,450.0,5.45179562528196e-07,469.1,BID
102,1712300916.4137738,2694238.71895637,450.0,1.5031289772776904e-07,469.1,BID
103,1712300917.4637158,2694541.98827773,450.0,1.0521902840885677e-07,469.1,BID
104,1712300919.2238832,2695041.98727773,451.1,1.7347422004121637e-07,469.1,BID
105,1712300940.2570243,2695041.98727773,451.1,0.0,469.1,BID
106,1712300956.6937888,2696241.60918965,450.7,4.123678928505474e-07,469.1,BID
107,1712300970.273904,2696241.60918965,450.7,0.0,469.1,BID
108,1712300997.1941855,2698463.83141187,450.0,-7.637429809916774e-07,469.1,ASK
109,1712300997.1964462,2698810.38801062,450.0,-1.1910607641533909e-07,469.1,ASK
110,1712300997.1986568,2698832.58556888,450.5,-7.628953192329711e-09,469.1,ASK
111,1712300997.201043,2700834.00032369,450.0,-6.878549119682683e-07,469.1,ASK
112,1712300997.3374588,2701180.61980427,450.0,1.191276879157226e-07,469.1,BID
113,1712300998.3575718,2701516.31980427,450.0,1.153748334235193e-07,469.1,BID
114,1712300999.3441503,2701978.31980427,450.0,1.587821657483176e-07,469.1,BID
115,1712301000.2152226,2701978.31980427,450.0,0.0,469.1,BID
116,1712301004.9639654,2702178.31880427,450.0,6.915792273650208e-08,469.1,BID
117,1712301005.5240777,2704328.5010609,450.0,7.435144094378944e-07,469.1,BID
118,1712301005.5638852,2711212.96644712,450.0,2.3805885292507704e-06,469.1,BID
119,1712301010.7640555,2711830.96644712,450.0,2.136990497507177e-07,469.1,BID
120,1712301011.7641647,2711853.18866934,450.0,7.684252057922166e-09,469.1,BID
121,1712301018.054135,2718564.7705587,450.0,2.3208069127513017e-06,469.1,BID
122,1712301018.056223,2720660.95126301,450.0,7.24841140156719e-07,469.1,BID
123,1712301018.213951,2721169.9936375,450.0,1.760224461348308e-07,469.1,BID
124,1712301021.2043254,2724169.94190805,450.0,1.0373561403201352e-06,469.1,BID
125,1712301022.3278615,2726119.06290805,450.0,6.739891675553844e-07,469.1,BID
126,1712301022.3641803,2726241.60918965,450.0,4.2375443249811714e-08,469.1,BID
127,1712301022.3740747,2726822.74574877,450.0,2.009519910345103e-07,469.1,BID
128,1712301022.594111,2727044.85685988,450.0,7.680409932572716e-08,469.1,BID
129,1712301023.134016,2727320.12558202,450.0,9.518554101514896e-08,469.1,BID
130,1712301027.3640993,2727820.12458202,450.0,1.728953255281126e-07,469.1,BID
131,1712301029.614196,2734363.91692414,450.0,2.262786739930478e-06,469.1,BID
132,1712301029.616367,2736407.69311084,450.0,7.067201116519918e-07,469.1,BID
133,1712301029.674316,2739286.18950875,450.0,9.95359134214026e-07,469.1,BID
134,1712301029.6764696,2747776.19154099,450.0,2.935769201733549e-06,469.1,BID
135,1712301029.67865,2750544.96323065,450.0,9.574172800275294e-07,469.1,BID
136,1712301029.6839209,2788431.60151777,450.0,1.310087152137008e-05,469.1,BID
137,1712301029.6941388,2791742.10781558,450.0,1.144744417533599e-06,469.1,BID
138,1712301029.6958022,2808667.22848806,450.0,5.852560201658977e-06,469.1,BID
139,1712301029.704131,2826415.11911141,450.0,6.137066927652918e-06,469.1,BID
140,1712301030.1962435,2826415.11911141,450.0,0.0,469.1,BID
141,1712301033.9340465,2832795.31664498,450.0,2.1643092791160868e-06,469.1,BID
142,1712301033.9739263,2834787.99842701,450.0,6.759633457241628e-07,469.1,BID
143,1712301044.0941465,2836730.86316449,450.0,6.590642620812837e-07,469.1,BID
144,1712301044.095948,2842951.55575972,450.0,2.110201547137837e-06,469.1,BID
145,1712301047.5244076,2843798.45575971,450.0,2.8728789646679855e-07,469.1,BID
146,1712301048.8741124,2849863.63104006,450.0,2.0574465084595926e-06,469.1,BID
147,1712301048.875888,2851757.92415911,450.0,6.425876555316764e-07,469.1,BID
148,1712301052.934116,2870224.72415911,450.0,6.264361939467309e-06,469.1,BID
149,1712301053.69404,2870269.1587292,450.0,1.507322490457751e-08,469.1,BID
150,1712301057.6741166,2870403.30211428,450.0,4.55045116602464e-08,469.1,BID
151,1712301057.8741205,2870716.80211428,450.0,1.0634638746415304e-07,469.1,BID
152,1712301060.285373,2870716.80211428,450.0,0.0,469.1,BID
153,1712301060.350222,2876630.34801262,450.0,1.9925354938074645e-06,469.1,BID
154,1712301060.3645325,2878477.28380369,450.0,6.22314459337077e-07,469.1,BID
155,1712301060.368609,2879209.58380368,450.0,2.467442998123976e-07,469.1,BID
156,1712301060.6058376,2879856.58380368,450.0,2.180029523158476e-07,469.1,BID
157,1712301060.9642572,2884301.02824812,450.0,1.4975301550104385e-06,469.1,BID
158,1712301065.5441256,2884781.02824811,450.0,1.617332567378261e-07,469.1,BID
159,1712301065.564568,2886581.7906444,450.0,6.067565978525087e-07,469.1,BID
160,1712301065.5724697,2892347.49789528,450.0,1.9427221064617405e-06,469.1,BID
161,1712301065.9842846,2892815.14583312,450.0,1.5757129999011894e-07,469.1,BID
162,1712301066.0645623,2898742.80484506,450.0,1.997290826776756e-06,469.1,BID
163,1712301066.0669792,2906659.44801365,450.0,2.6674676710720427e-06,469.1,BID
164,1712301066.0841222,2909970.42762706,450.0,1.1156156580850557e-06,469.1,BID
165,1712301066.0861893,2922403.1264984,450.0,4.189126830302866e-06,469.1,BID
166,1712301066.1040668,2923036.56860478,450.0,2.1343469754565218e-07,469.1,BID
167,1712301066.1240468,2924990.96860478,450.0,6.58523910364872e-07,469.1,BID
168,1712301066.1641085,2927070.16082974,450.0,7.00571937362447e-07,469.1,BID
169,1712301066.2072203,2929002.93982974,450.0,6.512388379815961e-07,469.1,BID
170,1712301066.2443287,2931767.32040157,450.0,9.31442234904835e-07,469.1,BID
171,1712301066.3474424,2935244.39283956,450.0,1.1715796860863676e-06,469.1,BID
172,1712301066.3642263,2936771.99283956,450.0,5.147160895791484e-07,469.1,BID
173,1712301066.3842428,2937318.59283956,450.0,1.841737461141617e-07,469.1,BID
174,1712301067.8642735,2938220.8634645,450.0,3.040149304864685e-07,469.1,BID
175,1712301067.8844469,2941099.50970047,450.0,9.699433973947923e-07,469.1,BID
176,1712301067.9041457,2948162.63277355,450.0,2.379878952861888e-06,469.1,BID
177,1712301068.1942906,2961722.54876782,450.0,4.568936197690405e-06,469.1,BID
178,1712301068.1971457,2968504.93675589,450.0,2.2852868704031025e-06,469.1,BID
179,1712301068.2942655,2970272.74431692,450.0,5.956526544526269e-07,469.1,BID
180,1712301068.3140354,2973219.09025195,450.0,9.927544240808602e-07,469.1,BID
181,1712301090.274221,2973219.09025195,450.0,0.0,469.1,BID
182,1712301114.2943685,2976079.09025195,451.1,9.48912745774071e-07,469.1,BID
183,1712301114.3944235,2978832.17564537,451.1,-9.134397972100062e-07,469.1,ASK
184,1712301114.396859,2980585.20564537,451.1,-5.816337450084354e-07,469.1,ASK
185,1712301120.1757605,2980585.20564537,451.1,-0.0,469.1,ASK
186,1712301131.624354,2980598.50646558,451.1,4.4081882419610735e-09,469.1,BID
187,1712301150.205717,2980598.50646558,451.1,0.0,469.1,BID
188,1712301155.135219,2980611.35528391,451.1,4.258376277638321e-09,469.1,BID
189,1712301176.734292,2986083.34373482,451.1,1.81353531602894e-06,469.1,BID
190,1712301176.7373178,2987792.30164637,451.1,5.663856117400464e-07,469.1,BID
191,1712301180.265114,2987792.30164637,451.1,0.0,469.1,BID
192,1712301191.674972,2988188.6392929,451.1,1.3121374688956316e-07,469.1,BID
193,1712301210.2642698,2988188.6392929,451.1,0.0,469.1,BID
194,1712301240.1840563,2988188.6392929,451.1,0.0,469.1,BID
195,1712301252.6920905,2988201.91069303,452.1,4.393443532475942e-09,469.1,BID
196,1712301268.6113498,2988518.58872458,452.2,1.0483498620905485e-07,469.1,BID
197,1712301270.1730127,2988518.58872458,452.2,0.0,469.1,BID
198,1712301274.1215096,2988553.94492073,452.7,1.1703948169376684e-08,469.1,BID
199,1712301300.2213252,2988553.94492073,452.7,0.0,469.1,BID
200,1712301306.0606756,2988569.67689773,452.2,-5.209821281603144e-09,469.1,ASK
201,1712301306.1207254,2991539.34960873,452.2,9.8344054843217e-07,469.1,BID
202,1712301306.200879,2993192.65476261,452.4,-5.475106132856841e-07,469.1,ASK
203,1712301306.20357,2995529.83808759,452.4,-7.739845681954191e-07,469.1,ASK
204,1712301320.8403666,2997140.34156248,452.7,5.333363554614517e-07,469.1,BID
205,1712301320.860173,2998315.70355312,452.7,3.892343544794521e-07,469.1,BID
206,1712301321.0003393,2998315.70355386,452.7,-2.4503806498029064e-16,469.1,ASK
207,1712301321.0031,3002309.93541586,452.7,-1.322734844947854e-06,469.1,ASK
208,1712301321.3806882,3003276.50685837,452.3,-3.200910140703241e-07,469.1,ASK
209,1712301330.1714575,3003276.50685837,452.3,-0.0,469.1,ASK
210,1712301349.399878,3003288.50685837,452.3,-3.965187331497489e-09,469.1,ASK
211,1712301349.4996636,3004199.95003974,452.2,3.011702463458015e-07,469.1,BID
212,1712301349.579684,3008332.68609345,452.4,-1.3655893870494424e-06,469.1,ASK
213,1712301349.5822976,3009904.15105444,452.4,-5.192627462674813e-07,469.1,ASK
214,1712301349.659519,3010125.19437893,451.4,-7.303984916501208e-08,469.1,ASK
215,1712301349.9805834,3012865.19437893,451.2,-9.053844406919264e-07,469.1,ASK
216,1712301349.9839635,3013016.35371369,451.4,-4.994792326889376e-08,469.1,ASK
217,1712301355.279505,3015187.95256707,452.2,-7.17566355209722e-07,469.1,ASK
218,1712301355.4794524,3015862.23265143,452.1,-2.2280390403224e-07,469.1,ASK
219,1712301355.4815657,3020927.50829634,452.1,-1.6737305681448567e-06,469.1,ASK
220,1712301355.508953,3021786.87722585,452.1,-2.839632326979691e-07,469.1,ASK
221,1712301360.2104888,3021786.87722585,452.1,-0.0,469.1,ASK
222,1712301390.1794531,3021786.87722585,452.1,-0.0,469.1,ASK
223,1712301403.7886014,3024879.40382585,452.3,1.0190529242689525e-06,469.1,BID
224,1712301403.7967434,3025563.51758485,452.3,2.254299531785194e-07,469.1,BID
225,1712301403.87846,3026486.96076622,452.3,3.042940598703677e-07,469.1,BID
226,1712301403.8911188,3026986.90342585,452.3,1.6474168056069405e-07,469.1,BID
227,1712301420.2830844,3026986.90342585,452.3,0.0,469.1,BID
228,1712301436.621699,3028691.92472585,453.0,5.614054780176818e-07,469.1,BID
229,1712301436.6231616,3031193.85822585,453.0,8.238015399196075e-07,469.1,BID
230,1712301450.2592351,3031193.85822585,453.0,0.0,469.1,BID
231,1712301471.067248,3032076.86043335,453.0,-2.905602448130605e-07,469.1,ASK
232,1712301471.070518,3032076.88412409,452.7,-7.795662557059258e-12,469.1,ASK
233,1712301480.1970184,3032076.88412409,452.7,-0.0,469.1,ASK
234,1712301482.8372767,3032407.25690912,452.7,-1.0869798831563484e-07,469.1,ASK
235,1712301482.8408122,3032627.98412409,452.7,-7.262282282602452e-08,469.1,ASK
236,1712301484.5672016,3032628.00746099,452.7,-7.678217429299923e-12,469.1,ASK
237,1712301490.7069275,3032728.00746099,452.3,-3.2901616973621613e-08,469.1,ASK
238,1712301490.793184,3033547.28083387,452.2,2.6955418711190864e-07,469.1,BID
239,1712301490.794482,3034221.8445726,452.8,2.21942377559822e-07,469.1,BID
240,1712301490.8068068,3036387.28083387,452.8,7.124635444910318e-07,469.1,BID
241,1712301490.8667488,3039050.71917447,452.8,-8.763142811526799e-07,469.1,ASK
242,1712301491.2267911,3041549.61346887,452.2,-8.221766293192494e-07,469.1,ASK
243,1712301501.2866683,3043003.90229573,452.7,4.784845395036596e-07,469.1,BID
244,1712301510.1931915,3043003.90229573,452.7,0.0,469.1,BID
245,1712301540.2693996,3043003.90229573,452.7,0.0,469.1,BID
246,1712301542.856027,3043103.90229573,452.7,-3.284816796075229e-08,469.1,ASK
247,1712301542.859194,3043103.90800133,451.8,-1.8741851167467155e-12,469.1,ASK
248,1712301543.8560395,3043126.02492188,451.8,-7.265003209973402e-09,469.1,ASK
249,1712301543.8588674,3043203.90800133,451.8,-2.5583164750778883e-08,469.1,ASK
250,1712301570.2705004,3043203.90800133,451.8,-0.0,469.1,ASK
251,1712301600.2068124,3043203.90800133,451.8,-0.0,469.1,ASK
252,1712301619.6448555,3043253.90800133,453.4,1.6439942233108667e-08,469.1,BID
253,1712301630.1863742,3043253.90800133,453.4,0.0,469.1,BID
254,1712301660.2545831,3043253.90800133,453.4,0.0,469.1,BID
255,1712301667.434317,3043264.92121718,454.0,3.621105656127206e-09,469.1,BID
256,1712301690.274174,3043264.92121718,454.0,0.0,469.1,BID
257,1712301691.0844955,3046012.92121718,453.1,9.035310049294222e-07,469.1,BID
258,1712301691.1897898,3047852.49291582,453.2,-6.048435464017213e-07,469.1,ASK
259,1712301691.2137232,3047961.3354182,453.2,-3.5786963447840394e-08,469.1,ASK
260,1712301691.6039176,3049909.7354182,451.8,-6.406258406129556e-07,469.1,ASK
261,1712301720.1845553,3049909.7354182,451.8,-0.0,469.1,ASK
262,1712301732.523483,3050640.63025702,451.8,-2.400777173277424e-07,469.1,ASK
263,1712301750.183101,3050640.63025702,451.8,-0.0,469.1,ASK
264,1712301780.2848885,3050640.63025702,451.8,-0.0,469.1,ASK
265,1712301810.263569,3050640.63025702,451.8,-0.0,469.1,ASK
266,1712301840.1922357,3050640.63025702,451.8,-0.0,469.1,ASK
267,1712301870.2141216,3050640.63025702,451.8,-0.0,469.1,ASK
268,1712301888.352179,3053380.63025702,452.0,-8.999127743296966e-07,469.1,ASK
269,1712301888.3557506,3056128.63025702,452.0,-9.02540256882484e-07,469.1,ASK
270,1712301888.35883,3056537.16655528,451.8,-1.341777494823447e-07,469.1,ASK
271,1712301888.361843,3056557.16655528,451.9,-6.568706381968588e-09,469.1,ASK
272,1712301900.2717893,3056557.16655528,451.9,-0.0,469.1,ASK
273,1712301930.2583869,3056557.16655528,451.9,-0.0,469.1,ASK
274,1712301960.181056,3056557.16655528,451.9,-0.0,469.1,ASK
275,1712301990.172789,3056557.16655528,451.9,-0.0,469.1,ASK
276,1712302020.2830627,3056557.16655528,451.9,-0.0,469.1,ASK
277,1712302050.2627635,3056557.16655528,451.9,-0.0,469.1,ASK
278,1712302080.1801727,3056557.16655528,451.9,-0.0,469.1,ASK
279,1712302108.5301514,3056579.1978397,453.9,7.230688631239134e-09,469.1,BID
280,1712302110.1728168,3056579.1978397,453.9,0.0,469.1,BID
281,1712302140.2608936,3056579.1978397,453.9,0.0,469.1,BID
282,1712302170.2413025,3056579.1978397,453.9,0.0,469.1,BID
283,1712302200.3594227,3056579.1978397,453.9,0.0,469.1,BID
284,1712302204.8993742,3059327.1978397,452.6,-9.036062258953232e-07,469.1,ASK
285,1712302205.0332472,3063910.78030101,452.6,1.507188372978159e-06,469.1,BID
286,1712302205.0386653,3064350.33478835,452.6,1.4453572466549806e-07,469.1,BID
287,1712302205.0401442,3064903.50520354,452.6,1.818952806211167e-07,469.1,BID
288,1712302205.5591123,3065822.77857642,452.6,3.022784363298131e-07,469.1,BID
289,1712302205.909433,3067700.47857642,452.6,6.174313720390815e-07,469.1,BID
290,1712302206.2692611,3067978.27857642,452.6,9.134709226854921e-08,469.1,BID
291,1712302215.401822,3072447.2714762,452.6,1.4695086636546314e-06,469.1,BID
292,1712302229.3001068,3073300.1714762,452.6,2.804533297185072e-07,469.1,BID
293,1712302230.2710085,3073300.1714762,452.6,0.0,469.1,BID
294,1712302234.289363,3073651.94658095,452.1,-1.1538468944915285e-07,469.1,ASK
295,1712302234.299252,3073684.91748208,451.9,-1.0814685679423388e-08,469.1,ASK
296,1712302234.3020384,3073832.27578699,452.1,-4.8334552446137705e-08,469.1,ASK
297,1712302234.3046176,3074125.91648054,451.9,-9.631619684680209e-08,469.1,ASK
298,1712302235.659144,3074535.25798201,452.6,1.3426686933790126e-07,469.1,BID
299,1712302235.8006332,3074819.45574799,452.6,9.321885070020857e-08,469.1,BID
300,1712302236.1589308,3075294.02752151,452.6,1.5566285382214985e-07,469.1,BID
301,1712302237.777323,3075590.1275215,452.6,9.712286652294121e-08,469.1,BID
302,1712302246.938878,3076079.52205035,452.6,1.605248210205472e-07,469.1,BID
303,1712302254.0293949,3076410.32205035,452.6,1.085047087027097e-07,469.1,BID
304,1712302260.1709652,3076410.32205035,452.6,0.0,469.1,BID
305,1712302261.399167,3076692.10497513,452.6,9.238412479001196e-08,469.1,BID
306,1712302261.4387932,3076994.50497513,452.6,9.914354944781369e-08,469.1,BID
307,1712302262.3391633,3081915.51950763,452.0,-1.6133824326602792e-06,469.1,ASK
308,1712302262.342562,3093180.93082051,452.0,-3.69342878157679e-06,469.1,ASK
309,1712302262.3458858,3100415.98137735,452.0,-2.3720522243378192e-06,469.1,ASK
310,1712302268.0388582,3101850.73145428,452.6,4.703909232718636e-07,469.1,BID
311,1712302290.1715138,3101850.73145428,452.6,0.0,469.1,BID
312,1712302320.2485723,3101850.73145428,452.6,0.0,469.1,BID
313,1712302350.2482257,3101850.73145428,452.6,0.0,469.1,BID
314,1712302356.9920723,3103069.75869005,452.6,3.981637216376204e-07,469.1,BID
315,1712302357.0282664,3106495.91734017,452.6,1.119066120119538e-06,469.1,BID
316,1712302376.098277,3107129.34344638,452.6,2.068922567359285e-07,469.1,BID
317,1712302380.1599698,3107129.34344638,452.6,0.0,469.1,BID
318,1712302384.0281987,3107609.30021307,452.6,1.566432311972275e-07,469.1,BID
319,1712302392.3881242,3111125.69989565,452.6,1.1476454686925257e-06,469.1,BID
320,1712302392.390839,3112482.1066206,452.6,4.426897315752778e-07,469.1,BID
321,1712302400.3779922,3113804.60317742,452.6,4.316224882838708e-07,469.1,BID
322,1712302410.1617842,3113804.60317742,452.6,0.0,469.1,BID
323,1712302415.3080518,3114025.54882479,452.6,7.203887897919397e-08,469.1,BID
324,1712302416.2980564,3114434.54882479,451.8,-1.3335361820067958e-07,469.1,ASK
325,1712302430.1280315,3119564.24882479,451.8,-1.672528252528242e-06,469.1,ASK
326,1712302440.2580185,3119564.24882479,451.8,-0.0,469.1,ASK
327,1712302470.2677038,3119564.24882479,451.8,-0.0,469.1,ASK
328,1712302481.988001,3119635.04006179,451.8,-2.3061770888978533e-08,469.1,ASK
329,1712302500.179917,3119635.04006179,451.8,-0.0,469.1,ASK
330,1712302503.0758746,3121926.67834442,451.8,-7.477083409663231e-07,469.1,ASK
331,1712302503.0815735,3122420.0954204,451.8,-1.609905306966797e-07,469.1,ASK
332,1712302503.0833387,3122652.52127254,451.8,-7.583515671669915e-08,469.1,ASK
333,1712302503.084882,3122657.64006179,451.7,-1.670142031972134e-09,469.1,ASK
334,1712302503.0864606,3122757.64006179,451.8,-3.262767717897319e-08,469.1,ASK
335,1712302503.1475143,3122973.90714812,451.7,-7.056292677208123e-08,469.1,ASK
336,1712302503.1574576,3123007.11724331,451.7,-1.0835682649415541e-08,469.1,ASK
337,1712302515.577516,3123659.30751478,451.8,2.1279453636797565e-07,469.1,BID
338,1712302515.6774502,3123798.36556115,452.2,-4.537141046092956e-08,469.1,ASK
339,1712302515.6808095,3124438.05730825,452.2,-2.0871655818435178e-07,469.1,ASK
340,1712302515.6973796,3128492.64457814,452.2,-1.3229176453594914e-06,469.1,ASK
341,1712302516.0376136,3132995.69057345,451.5,-1.4692393105704103e-06,469.1,ASK
342,1712302516.0411408,3133295.25877539,451.6,-9.774214585985108e-08,469.1,ASK
343,1712302516.0475175,3133314.85930683,451.6,-6.395198123528874e-09,469.1,ASK
344,1712302516.0493057,3133325.94457814,451.5,-3.616866537460105e-09,469.1,ASK
345,1712302527.0431964,3137410.92184004,452.4,1.3328331938471803e-06,469.1,BID
346,1712302530.1985943,3137410.92184004,452.4,0.0,469.1,BID
347,1712302534.1478243,3141393.77467039,452.4,1.2961148128135698e-06,469.1,BID
348,1712302534.170989,3142652.13502363,452.4,4.095003162717269e-07,469.1,BID
349,1712302542.460293,3143572.02113072,452.4,2.9935276553914586e-07,469.1,BID
350,1712302560.249179,3143572.02113072,452.4,0.0,469.1,BID
351,1712302590.249265,3143572.02113072,452.4,0.0,469.1,BID
352,1712302593.3775496,3143681.93539759,452.4,3.57362958767641e-08,469.1,BID
353,1712302598.3972187,3144328.584177,451.6,-2.102441545345197e-07,469.1,ASK
354,1712302611.027249,3149065.584177,452.4,1.5401352198310736e-06,469.1,BID
355,1712302616.1074412,3151905.584177,452.8,9.233658484948806e-07,469.1,BID
356,1712302616.111112,3152929.88012743,453.0,3.330281335840312e-07,469.1,BID
357,1712302616.1146357,3152930.40534578,452.4,1.7076362228288196e-10,469.1,BID
358,1712302620.2011757,3152930.40534578,452.4,0.0,469.1,BID
359,1712302650.1768875,3152930.40534578,452.4,0.0,469.1,BID
360,1712302667.3668473,3153237.69093141,453.2,9.977002552120653e-08,469.1,BID
361,1712302667.3703818,3153489.20851163,453.2,8.166317123569854e-08,469.1,BID
362,1712302670.0567672,3154337.20851163,453.2,2.753301345667247e-07,469.1,BID
363,1712302680.23822,3154337.20851163,453.2,0.0,469.1,BID
364,1712302694.7667418,3164885.20851163,453.2,3.424034437701946e-06,469.1,BID
365,1712302710.2566912,3164885.20851163,453.2,0.0,469.1,BID
366,1712302713.8066516,3165099.20851163,453.2,6.935988627570494e-08,469.1,BID
367,1712302715.956633,3167195.20851163,453.2,6.793379515601754e-07,469.1,BID
368,1712302724.2666006,3167818.20851163,453.2,2.0192153808301015e-07,469.1,BID
369,1712302725.4964066,3168441.20851163,453.2,2.0192153808301015e-07,469.1,BID
370,1712302729.44656,3168562.53082802,453.0,-3.932197227810866e-08,469.1,ASK
371,1712302729.548322,3169229.368848,453.2,2.161299496735384e-07,469.1,BID
372,1712302729.626433,3169625.64138517,453.2,1.284365332350221e-07,469.1,BID
373,1712302735.166524,3169896.84138517,453.2,8.789907083155048e-08,469.1,BID
374,1712302740.166376,3169896.84138517,453.2,0.0,469.1,BID
375,1712302744.8664982,3170347.52342755,453.2,1.459638365141089e-07,469.1,BID
376,1712302746.5966206,3170717.01767709,453.2,1.196692860179103e-07,469.1,BID
377,1712302746.6005397,3171083.88792685,453.2,1.1881944280497801e-07,469.1,BID
378,1712302751.904282,3171504.88792685,453.2,1.3635061838248645e-07,469.1,BID
379,1712302752.996769,3172068.34039434,453.2,1.8248715527647898e-07,469.1,BID
380,1712302754.27643,3172949.48658997,453.2,2.8537964052146413e-07,469.1,BID
381,1712302758.3422415,3174418.66168204,453.2,4.758264425555274e-07,469.1,BID
382,1712302758.3562107,3174857.91232719,453.2,1.4226151328053166e-07,469.1,BID
383,1712302770.176299,3174857.91232719,453.2,0.0,469.1,BID
384,1712302776.3267474,3176940.49037043,453.1,6.740004255162101e-07,469.1,BID
385,1712302776.4885044,3178146.70078403,453.2,3.903749656188258e-07,469.1,BID
386,1712302781.666407,3178588.00705057,453.2,1.4282327252826365e-07,469.1,BID
387,1712302794.107751,3178910.03187645,453.2,1.0421932103543701e-07,469.1,BID
388,1712302800.1906824,3178910.03187645,453.2,0.0,469.1,BID
389,1712302802.5962791,3179382.03187645,453.2,1.5309978227729057e-07,469.1,BID
390,1712302803.576246,3179753.03187645,453.2,1.203390237815144e-07,469.1,BID
391,1712302830.1839576,3179753.03187645,453.2,0.0,469.1,BID
392,1712302841.9661317,3182415.19399393,453.2,8.634024130367167e-07,469.1,BID
393,1712302855.7600486,3183156.31826791,453.2,2.4036420709051545e-07,469.1,BID
394,1712302855.764248,3183956.19399393,453.2,2.594186985986076e-07,469.1,BID
395,1712302860.255947,3183956.19399393,453.2,0.0,469.1,BID
396,1712302861.199384,3183956.31826791,453.2,4.028011891274312e-11,469.1,BID
397,1712302861.2960443,3184876.204375,453.2,-2.9815671606345226e-07,469.1,ASK
398,1712302885.6658666,3185054.8545735,453.4,5.7904729833594324e-08,469.1,BID
399,1712302890.2659051,3185054.8545735,453.4,0.0,469.1,BID
400,1712302920.2087436,3185054.8545735,453.4,0.0,469.1,BID
401,1712302950.1774695,3185054.8545735,453.4,0.0,469.1,BID
402,1712302980.2573593,3185054.8545735,453.4,0.0,469.1,BID
403,1712303010.237622,3185054.8545735,453.4,0.0,469.1,BID
404,1712303021.5952995,3185098.96573362,453.3,1.4295156961569272e-08,469.1,BID
405,1712303040.1878655,3185098.96573362,453.3,0.0,469.1,BID
406,1712303070.1847162,3185098.96573362,453.3,0.0,469.1,BID
407,1712303100.2043116,3185098.96573362,453.3,0.0,469.1,BID
408,1712303112.2250354,3185112.20492161,453.2,4.3120404997956885e-09,469.1,BID
409,1712303122.0950425,3185154.61445382,453.2,1.3812903072308747e-08,469.1,BID
410,1712303129.725289,3185289.21286511,452.0,-4.3839078432536784e-08,469.1,ASK
411,1712303130.1749194,3185289.21286511,452.0,-0.0,469.1,ASK
412,1712303152.5948584,3186289.21286511,452.1,3.2569366354271095e-07,469.1,BID
413,1712303160.194879,3186289.21286511,452.1,0.0,469.1,BID
414,1712303169.0148628,3186686.03826193,452.2,-1.292244894743037e-07,469.1,ASK
415,1712303190.1848326,3186686.03826193,452.2,-0.0,469.1,ASK
416,1712303211.6447656,3186952.63612915,452.2,-8.68113798328279e-08,469.1,ASK
417,1712303211.764906,3189724.7234759,452.2,9.026656143116591e-07,469.1,BID
418,1712303211.8848283,3189724.7234765,452.7,-1.9530168304782064e-16,469.1,ASK
419,1712303211.8890224,3194197.4401925,452.7,-1.4564359188840563e-06,469.1,ASK
420,1712303220.257284,3194197.4401925,452.7,-0.0,469.1,ASK
421,1712303232.6449594,3194292.99887539,452.2,-3.108205648002925e-08,469.1,ASK
422,1712303244.7694654,3194847.11858284,453.0,1.8023668308143961e-07,469.1,BID
423,1712303250.2656057,3194847.11858284,453.0,0.0,469.1,BID
424,1712303280.1827235,3194847.11858284,453.0,0.0,469.1,BID
425,1712303296.4658515,3194858.20756026,451.8,-3.606529826314867e-09,469.1,ASK
426,1712303296.6255083,3195269.98918526,451.8,1.3392602908939824e-07,469.1,BID
427,1712303310.1883502,3195269.98918526,451.8,0.0,469.1,BID
428,1712303340.2713983,3195269.98918526,451.8,0.0,469.1,BID
429,1712303361.536003,3195269.9891856,451.8,1.1055134700841812e-16,469.1,BID
430,1712303370.2560167,3195269.9891856,451.8,0.0,469.1,BID
431,1712303379.5262184,3195309.63598471,453.0,1.2893747891391996e-08,469.1,BID
432,1712303400.219968,3195309.63598471,453.0,0.0,469.1,BID
433,1712303411.7764337,3195712.91111671,453.0,1.3173117800759266e-07,469.1,BID
434,1712303411.956441,3195712.91111713,453.0,1.3720306253965666e-16,469.1,BID
435,1712303430.1867774,3195712.91111713,453.0,0.0,469.1,BID
436,1712303460.2595818,3195712.91111713,453.0,0.0,469.1,BID
437,1712303472.1771648,3198484.99846388,453.0,-9.054576213530356e-07,469.1,ASK
438,1712303472.2168767,3200080.9559694,453.0,-5.212937782869357e-07,469.1,ASK
439,1712303472.3205414,3203008.71685664,453.0,-9.563058725256182e-07,469.1,ASK
440,1712303490.2670846,3203008.71685664,453.0,-0.0,469.1,ASK
441,1712303520.2220528,3203008.71685664,453.0,-0.0,469.1,ASK
442,1712303522.7845469,3214268.87647592,452.0,-3.673983369999688e-06,469.1,ASK
443,1712303522.786516,3219663.74262635,452.0,-1.7602457860469438e-06,469.1,ASK
444,1712303522.9121149,3221088.74262635,452.0,4.649513398802294e-07,469.1,BID
445,1712303522.9184463,3225132.61066195,452.0,1.3194399027726854e-06,469.1,BID
446,1712303526.827271,3225572.11066195,452.4,-1.4340078166832337e-07,469.1,ASK
447,1712303531.6473224,3226479.64055606,452.4,-2.9611034403348866e-07,469.1,ASK
448,1712303531.6517673,3226998.99829013,452.4,-1.6945689426882842e-07,469.1,ASK
449,1712303550.1773746,3226998.99829013,452.4,-0.0,469.1,ASK
450,1712303550.742041,3227782.54329013,452.4,2.547549463183763e-07,469.1,BID
451,1712303550.8172383,3227782.54390687,452.4,2.0052142234776805e-13,469.1,BID
452,1712303566.7876053,3227931.37587127,452.5,-4.83899190234352e-08,469.1,ASK
453,1712303566.792075,3230141.32062265,452.5,-7.185220459634683e-07,469.1,ASK
454,1712303567.327245,3231128.72062265,452.4,3.210345723535533e-07,469.1,BID
455,1712303569.4972184,3231918.62062265,452.4,2.5682115525832064e-07,469.1,BID
456,1712303569.9773622,3234419.29422518,452.4,8.130470737129832e-07,469.1,BID
457,1712303574.2074313,3235078.34964638,452.4,2.1427949696403682e-07,469.1,BID
458,1712303580.257427,3235078.34964638,452.4,0.0,469.1,BID
459,1712303584.107309,3241204.88904934,452.4,-1.989564741182187e-06,469.1,ASK
460,1712303587.50748,3241709.64938034,452.4,1.639185339801042e-07,469.1,BID
461,1712303610.2576213,3241709.64938034,452.4,0.0,469.1,BID
462,1712303636.9578154,3241709.64938113,452.4,2.563727856209878e-16,469.1,BID
463,1712303636.962312,3241750.21916832,452.8,1.3162023901318944e-08,469.1,BID
464,1712303640.1791835,3241750.21916832,452.8,0.0,469.1,BID
465,1712303647.309671,3241778.60603495,452.8,-9.209473754318456e-09,469.1,ASK
466,1712303670.1706133,3241778.60603495,452.8,-0.0,469.1,ASK
467,1712303700.1977055,3241778.60603495,452.8,-0.0,469.1,ASK
468,1712303726.6280694,3242885.29040856,451.8,-3.602513675970729e-07,469.1,ASK
469,1712303726.6391106,3248433.29040856,451.6,-1.8060023572109844e-06,469.1,ASK
470,1712303726.642526,3248444.36957706,452.2,-3.6065256717340815e-09,469.1,ASK
471,1712303726.6459029,3256645.48044513,451.7,-2.6696513265109403e-06,469.1,ASK
472,1712303726.649332,3256756.00210737,451.6,-3.597735806218577e-08,469.1,ASK
473,1712303726.6520665,3258159.43478877,451.5,-4.568498072810176e-07,469.1,ASK
474,1712303730.1879036,3258159.43478877,451.5,-0.0,469.1,ASK
475,1712303735.7479815,3258172.63300877,451.6,-4.286003636903046e-09,469.1,ASK
476,1712303735.7524676,3258452.3330627,451.5,-9.083008529731753e-08,469.1,ASK
477,1712303736.0279143,3258463.42940821,451.5,-3.603438737279355e-09,469.1,ASK
478,1712303736.0321968,3263934.79731953,451.5,-1.7767776841505993e-06,469.1,ASK
479,1712303736.107968,3264078.34855628,452.8,4.6616977348949783e-08,469.1,BID
480,1712303736.110616,3266425.20930519,452.8,7.621219910736909e-07,469.1,BID
481,1712303736.1131809,3266884.65806844,452.8,1.4920186739115752e-07,469.1,BID
482,1712303760.24797,3266884.65806844,452.8,0.0,469.1,BID
483,1712303761.8281791,3269544.65806844,451.6,-8.62707276845815e-07,469.1,ASK
484,1712303761.8325791,3272364.65806844,451.4,-9.145994438741348e-07,469.1,ASK
485,1712303761.836852,3275112.65806844,451.6,-8.912479687113909e-07,469.1,ASK
486,1712303761.839975,3275426.95595825,451.3,-1.0193499121669889e-07,469.1,ASK
487,1712303790.2815106,3275426.95595825,451.3,-0.0,469.1,ASK
488,1712303820.1871288,3275426.95595825,451.3,-0.0,469.1,ASK
489,1712303850.1720085,3275426.95595825,451.3,-0.0,469.1,ASK
490,1712303856.4083643,3275681.18519853,452.8,8.235014868531396e-08,469.1,BID
491,1712303880.289719,3275681.18519853,452.8,0.0,469.1,BID
492,1712303910.2617226,3275681.18519853,452.8,0.0,469.1,BID
493,1712303940.1838222,3275681.18519853,452.8,0.0,469.1,BID
494,1712303970.164512,3275681.18519853,452.8,0.0,469.1,BID
495,1712303997.0682988,3275725.15648828,452.7,1.4242685962727456e-08,469.1,BID
496,1712304000.2814891,3275725.15648828,452.7,0.0,469.1,BID
497,1712304030.1686769,3275725.15648828,452.7,0.0,469.1,BID
498,1712304040.2084117,3275736.2035393,452.7,3.590769573306537e-09,469.1,BID
499,1712304060.3164332,3275736.2035393,452.7,0.0,469.1,BID
500,1712304080.6287458,3276086.65193798,451.3,-1.139107078601084e-07,469.1,ASK
501,1712304080.633426,3277416.14451496,451.3,-4.321419105030733e-07,469.1,ASK
502,1712304080.708568,3279538.14451496,451.3,6.897406950333166e-07,469.1,BID
503,1712304080.7286046,3279650.86604217,451.3,3.663931410148143e-08,469.1,BID
504,1712304080.7331736,3279985.04451496,452.2,1.086222865632906e-07,469.1,BID
505,1712304090.2616866,3279985.04451496,452.2,0.0,469.1,BID
506,1712304096.928697,3280681.39949179,450.7,-2.2620412155341225e-07,469.1,ASK
507,1712304096.933658,3280699.05463363,451.2,-5.735100607657184e-09,469.1,ASK
508,1712304096.9369495,3280763.85262266,451.0,-2.1048994657380964e-08,469.1,ASK
509,1712304110.378513,3280802.19000935,452.3,1.245352610009314e-08,469.1,BID
510,1712304120.191542,3280802.19000935,452.3,0.0,469.1,BID
511,1712304150.1616592,3280802.19000935,452.3,0.0,469.1,BID
512,1712304180.2585196,3280802.19000935,452.3,0.0,469.1,BID
513,1712304210.2628093,3280802.19000935,452.3,0.0,469.1,BID
514,1712304210.7191782,3280824.29922889,452.3,-7.18110498316726e-09,469.1,ASK
515,1712304210.7239575,3280846.40844843,452.3,-7.18110498316726e-09,469.1,ASK
516,1712304220.338638,3280847.30588862,452.7,2.9148981093323636e-10,469.1,BID
517,1712304220.3434875,3280911.4588376,452.7,2.083696626069372e-08,469.1,BID
518,1712304240.1723642,3280911.4588376,452.7,0.0,469.1,BID
519,1712304270.1754177,3280911.4588376,452.7,0.0,469.1,BID
520,1712304296.1487117,3281634.79844441,452.2,2.3493792807447975e-07,469.1,BID
521,1712304300.271724,3281634.79844441,452.2,0.0,469.1,BID
522,1712304330.2616303,3281634.79844441,452.2,0.0,469.1,BID
523,1712304335.668648,3282004.36849666,452.2,1.2023162758359489e-07,469.1,BID
524,1712304346.9887142,3282188.45194966,452.2,5.988757214130526e-08,469.1,BID
525,1712304355.5585334,3282773.57266866,452.2,1.903563774983075e-07,469.1,BID
526,1712304356.9084003,3283173.57266866,452.2,1.301313532863523e-07,469.1,BID
527,1712304358.2909844,3283933.57266866,452.2,2.4724957124406934e-07,469.1,BID
528,1712304360.1718452,3283933.57266866,452.2,0.0,469.1,BID
529,1712304370.4984343,3286634.79844441,452.2,8.784883265197036e-07,469.1,BID
530,1712304370.5008602,3287141.25603466,452.2,1.6470932748621236e-07,469.1,BID
531,1712304370.5791607,3288070.0290415,452.2,3.020540718292068e-07,469.1,BID
532,1712304370.6785638,3288244.00738673,452.2,5.6580959179369364e-08,469.1,BID
533,1712304390.1707003,3288244.00738673,452.2,0.0,469.1,BID
534,1712304396.8185873,3288403.02385626,452.7,5.1682320019347406e-08,469.1,BID
535,1712304396.822946,3288691.26650155,452.7,9.368242598492334e-08,469.1,BID
536,1712304420.26414,3288691.26650155,452.7,0.0,469.1,BID
537,1712304449.958877,3288866.69819255,452.7,5.701371821334656e-08,469.1,BID
538,1712304450.0784776,3290001.0269074,452.7,-3.68646607355964e-07,469.1,ASK
539,1712304450.258652,3290001.0269074,452.7,-0.0,469.1,ASK
540,1712304455.0986068,3290023.1410162,452.2,-7.1855014003849795e-09,469.1,ASK
541,1712304470.7654457,3290151.14623088,452.7,4.159252618588095e-08,469.1,BID
542,1712304480.1918514,3290151.14623088,452.7,0.0,469.1,BID
543,1712304484.718694,3290766.66955392,452.8,1.9999657654394165e-07,469.1,BID
544,1712304484.7236345,3290837.47149632,452.7,2.3005052063123807e-08,469.1,BID
545,1712304506.558557,3290876.34236454,452.8,1.2629969134060626e-08,469.1,BID
546,1712304510.161807,3290876.34236454,452.8,0.0,469.1,BID
547,1712304526.47853,3291318.03847761,452.8,1.435011205694418e-07,469.1,BID
548,1712304540.2638657,3291318.03847761,452.8,0.0,469.1,BID
549,1712304570.2517204,3291318.03847761,452.8,0.0,469.1,BID
550,1712304600.228614,3291318.03847761,452.8,0.0,469.1,BID
551,1712304630.1830344,3291318.03847761,452.8,0.0,469.1,BID
552,1712304631.69929,3291984.87794856,452.8,2.178155386264234e-07,469.1,BID
553,1712304633.083077,3292117.49294856,452.8,4.3317183390242993e-08,469.1,BID
554,1712304639.1013713,3292917.49194856,452.8,2.613105862454887e-07,469.1,BID
555,1712304641.6004598,3293717.49094856,452.8,2.613105862456409e-07,469.1,BID
556,1712304653.7789366,3293844.0619141,452.8,4.134296818725265e-08,469.1,BID
557,1712304660.2584577,3293844.0619141,452.8,0.0,469.1,BID
558,1712304690.2504754,3293844.0619141,452.8,0.0,469.1,BID
559,1712304709.9845316,3294243.91838651,452.8,1.3055979714112033e-07,469.1,BID
560,1712304712.1585424,3294910.75807645,452.8,2.17734263795668e-07,469.1,BID
561,1712304717.6383305,3295956.35807645,452.8,3.414058126104356e-07,469.1,BID
562,1712304718.5938964,3297347.35807645,452.8,4.541846646337735e-07,469.1,BID
563,1712304720.178486,3297347.35807645,452.8,0.0,469.1,BID
564,1712304721.3083982,3297468.92615298,452.8,3.967345258616328e-08,469.1,BID
565,1712304721.408414,3300450.37491573,452.8,9.729887113731871e-07,469.1,BID
566,1712304750.191899,3300450.37491573,452.8,0.0,469.1,BID
567,1712304762.868446,3301081.63945093,452.8,2.0591725944662217e-07,469.1,BID
568,1712304762.8884156,3301555.04738771,452.8,1.5442474510485628e-07,469.1,BID
569,1712304763.9382894,3302355.04738771,452.8,2.609584387710693e-07,469.1,BID
570,1712304777.1083074,3303275.32363132,452.8,3.0019231471331256e-07,469.1,BID
571,1712304777.112584,3305200.54738771,452.8,6.280042321905343e-07,469.1,BID
572,1712304779.4785247,3305856.54738771,452.8,2.139859197922768e-07,469.1,BID
573,1712304779.5985043,3308001.74738771,452.8,6.997600535646829e-07,469.1,BID
574,1712304780.2583518,3308001.74738771,452.8,0.0,469.1,BID
575,1712304780.26271,3308321.90539919,452.8,1.0431856616290345e-07,469.1,BID
576,1712304781.40852,3309974.10539919,452.8,5.383439702718788e-07,469.1,BID
577,1712304781.7084374,3311295.80539919,452.8,4.306556261399117e-07,469.1,BID
578,1712304784.9685168,3312948.03131497,452.8,5.383524145302637e-07,469.1,BID
579,1712304785.088365,3313674.93131497,452.8,2.3684919016495242e-07,469.1,BID
580,1712304785.1327388,3315161.93463915,452.8,4.845171730700908e-07,469.1,BID
581,1712304785.2484028,3315743.43463915,452.8,1.8947283543945179e-07,469.1,BID
582,1712304789.42838,3316582.92763915,452.8,2.735358882916921e-07,469.1,BID
583,1712304801.278443,3316582.92832965,452.8,2.2498874011734626e-13,469.1,BID
584,1712304801.282601,3317249.76761809,453.3,2.172793306331316e-07,469.1,BID
585,1712304810.258098,3317249.76761809,453.3,0.0,469.1,BID
586,1712304838.5399475,3317651.5892093,453.3,1.307489756733233e-07,469.1,BID
587,1712304840.171905,3317651.5892093,453.3,0.0,469.1,BID
588,1712304870.1819887,3317651.5892093,453.3,0.0,469.1,BID
589,1712304892.0183885,3318064.5892093,453.3,1.343783606064138e-07,469.1,BID
590,1712304893.2782016,3318464.5892093,453.3,1.3014853327497705e-07,469.1,BID
591,1712304895.26818,3318589.1722093,453.3,4.0535736802523895e-08,469.1,BID
592,1712304900.2083232,3318589.1722093,453.3,0.0,469.1,BID
593,1712304930.1782131,3318589.1722093,453.3,0.0,469.1,BID
594,1712304960.2480962,3318589.1722093,453.3,0.0,469.1,BID
595,1712304990.2520034,3318589.1722093,453.3,0.0,469.1,BID
596,1712305006.5481706,3318589.17292213,453.3,2.321380166133731e-13,469.1,BID
597,1712305019.478477,3318941.28574275,453.9,1.146679565362743e-07,469.1,BID
598,1712305020.1818085,3318941.28574275,453.9,0.0,469.1,BID
599,1712305050.1806052,3318941.28574275,453.9,0.0,469.1,BID
600,1712305080.2797115,3318941.28574275,453.9,0.0,469.1,BID
601,1712305110.2507825,3318941.28574275,453.9,0.0,469.1,BID
602,1712305140.1904545,3318941.28574275,453.9,0.0,469.1,BID
603,1712305170.1609526,3318941.28574275,453.9,0.0,469.1,BID
604,1712305200.2879913,3318941.28574275,453.9,0.0,469.1,BID
605,1712305201.8078933,3318954.28574275,453.5,-4.2427948790631665e-09,469.1,ASK
606,1712305201.8121486,3319154.03542908,453.5,-6.519207278890653e-08,469.1,ASK
607,1712305202.2900963,3319638.7236864,453.9,1.5818714277682477e-07,469.1,BID
608,1712305230.1604788,3319638.7236864,453.9,0.0,469.1,BID
609,1712305231.0679624,3319972.14350688,453.9,1.0880660037499777e-07,469.1,BID
610,1712305256.08423,3320193.94068516,453.9,7.238021095049521e-08,469.1,BID
611,1712305256.0904365,3320590.20257873,453.9,1.2931417645006576e-07,469.1,BID
612,1712305256.0992613,3320713.8933132,453.9,4.036463188126877e-08,469.1,BID
613,1712305256.1017404,3321333.80799347,453.9,2.0229993761504625e-07,469.1,BID
614,1712305256.193173,3321764.0515132,453.9,1.4040357483183488e-07,469.1,BID
615,1712305256.2015693,3322568.80799347,453.9,2.626203103998564e-07,469.1,BID
616,1712305256.9519763,3323287.8044132,453.9,2.346337899167008e-07,469.1,BID
617,1712305256.9567692,3323298.82886254,454.0,3.597665105728001e-09,469.1,BID
618,1712305260.2549305,3323298.82886254,454.0,0.0,469.1,BID
619,1712305273.9735456,3324615.23135341,455.2,4.293556033672601e-07,469.1,BID
620,1712305273.9760976,3324756.20665341,455.2,4.598026470718266e-08,469.1,BID
621,1712305274.128276,3325899.36682323,455.6,3.728511818099028e-07,469.1,BID
622,1712305290.2619624,3325899.36682323,455.6,0.0,469.1,BID
623,1712305298.6308491,3325911.36682323,455.6,3.91238850788356e-09,469.1,BID
624,1712305314.2386808,3325933.57793423,456.0,7.241541285399641e-09,469.1,BID
625,1712305314.2439413,3326000.21126723,456.0,2.172462385589528e-08,469.1,BID
626,1712305314.2481332,3326169.54187881,455.6,5.5207261564890686e-08,469.1,BID
627,1712305314.252272,3328929.54187881,456.1,8.998493568132188e-07,469.1,BID
628,1712305314.2559285,3328941.09165581,456.0,3.765601233535186e-09,469.1,BID
629,1712305314.298033,3334651.42688849,456.1,-1.861754161708384e-06,469.1,ASK
630,1712305319.938192,3335117.82966414,456.1,-1.5206240495814274e-07,469.1,ASK
631,1712305320.1021705,3335658.90976302,456.1,-1.764096300585475e-07,469.1,ASK
632,1712305320.1923852,3335658.90976302,456.1,-0.0,469.1,ASK
633,1712305320.207007,3336382.71915503,456.1,-2.356433196323716e-07,469.1,ASK
634,1712305320.2828343,3336885.90589258,456.1,-1.6381742837296481e-07,469.1,ASK
635,1712305350.1883132,3336885.90589258,456.1,-0.0,469.1,ASK
636,1712305380.2686222,3336885.90589258,456.1,-0.0,469.1,ASK
637,1712305410.1655474,3336885.90589258,456.1,-0.0,469.1,ASK
638,1712305429.3192568,3337443.52763171,456.0,-1.8150621316990442e-07,469.1,ASK
639,1712305429.3248136,3337454.52763171,456.0,-3.580506649514746e-09,469.1,ASK
640,1712305440.282621,3337454.52763171,456.0,-0.0,469.1,ASK
641,1712305452.1292222,3337490.52763171,456.4,1.1717032849815916e-08,469.1,BID
642,1712305470.2531052,3337490.52763171,456.4,0.0,469.1,BID
643,1712305494.988986,3337523.42236856,456.0,-1.0706295864755068e-08,469.1,ASK
644,1712305500.1650095,3337523.42236856,456.0,-0.0,469.1,ASK
645,1712305530.1746335,3337523.42236856,456.0,-0.0,469.1,ASK
646,1712305560.2634568,3337523.42236856,456.0,-0.0,469.1,ASK
647,1712305590.2636073,3337523.42236856,456.0,-0.0,469.1,ASK
648,1712305620.2040482,3337523.42236856,456.0,-0.0,469.1,ASK
649,1712305648.3191931,3337545.64459078,456.3,-7.2529028720346995e-09,469.1,ASK
650,1712305650.1837626,3337545.64459078,456.3,-0.0,469.1,ASK
651,1712305680.2622678,3337545.64459078,456.3,-0.0,469.1,ASK
652,1712305710.2621915,3337545.64459078,456.3,-0.0,469.1,ASK
653,1712305710.839514,3338462.93952122,456.3,-2.993863058061008e-07,469.1,ASK
654,1712305720.0472405,3339716.40482422,456.3,-4.091054404294426e-07,469.1,ASK
655,1712305720.0594244,3339716.4048247,456.3,-1.5669377294446598e-16,469.1,ASK
656,1712305740.1706543,3339716.4048247,456.3,-0.0,469.1,ASK
657,1712305746.2813048,3339902.76025228,456.0,-6.080294376288611e-08,469.1,ASK
658,1712305746.2873168,3340175.44054906,456.0,-8.89685101509819e-08,469.1,ASK
659,1712305746.3076208,3342016.68686968,456.0,-6.007509303063208e-07,469.1,ASK
660,1712305747.0396082,3342094.64676516,456.0,-2.5436292369829988e-08,469.1,ASK
661,1712305747.044099,3342568.7014045,456.0,-1.5467173642663725e-07,469.1,ASK
662,1712305770.1825435,3342568.7014045,456.0,-0.0,469.1,ASK
663,1712305774.2397115,3342610.5556625,455.6,-1.3650166404532134e-08,469.1,ASK
664,1712305800.2247975,3342610.5556625,455.6,-0.0,469.1,ASK
665,1712305808.710086,3342770.17586008,455.5,-5.21880947300602e-08,469.1,ASK
666,1712305808.719759,3342926.58389356,455.6,-5.1137872221440594e-08,469.1,ASK
667,1712305808.7224622,3342978.44887709,455.5,-1.6957344463238472e-08,469.1,ASK
668,1712305812.0902913,3343058.25449975,455.3,-2.609258388679671e-08,469.1,ASK
669,1712305812.0931027,3343070.25449975,455.4,-3.923420383237572e-09,469.1,ASK
670,1712305812.0959027,3343082.25449975,455.3,-3.923420383237572e-09,469.1,ASK
671,1712305830.1796825,3343082.25449975,455.3,-0.0,469.1,ASK
672,1712305838.0301309,3343122.12467375,455.0,-1.3034705461533704e-08,469.1,ASK
673,1712305838.0362308,3343134.12467375,455.0,-3.9231447934005906e-09,469.1,ASK
674,1712305838.109721,3343134.12467455,455.0,-2.6154497774404063e-16,469.1,ASK
675,1712305860.2877257,3343134.12467455,455.0,-0.0,469.1,ASK
676,1712305876.6003373,3343353.90489433,455.0,-7.185191434704023e-08,469.1,ASK
677,1712305890.2661514,3343353.90489433,455.0,-0.0,469.1,ASK
678,1712305899.293161,3343755.85344399,454.0,-1.314032201517573e-07,469.1,ASK
679,1712305900.710241,3344303.73860726,454.0,-1.791121644497859e-07,469.1,ASK
680,1712305920.1656742,3344303.73860726,454.0,-0.0,469.1,ASK
681,1712305935.190285,3344507.82082313,454.9,6.670824011871965e-08,469.1,BID
682,1712305940.3403332,3344609.8113705,454.9,3.333759335552612e-08,469.1,BID
683,1712305950.190406,3344609.8113705,454.9,0.0,469.1,BID
684,1712305980.2103474,3344609.8113705,454.9,0.0,469.1,BID
685,1712305985.3802695,3344945.51284335,454.9,1.0972555956203505e-07,469.1,BID
686,1712305986.310276,3344996.48228718,454.9,1.6659595495227512e-08,469.1,BID
687,1712305990.8076968,3345047.40208997,454.9,1.6643370094540783e-08,469.1,BID
688,1712306006.4601684,3347051.73860726,454.9,6.551265445548806e-07,469.1,BID
689,1712306006.5801716,3347474.07839726,454.9,-1.3804368920292008e-07,469.1,ASK
690,1712306006.600096,3347474.07839789,454.9,-2.0593136046121507e-16,469.1,ASK
691,1712306010.1806464,3347474.07839789,454.9,-0.0,469.1,ASK
692,1712306010.3884108,3347776.32581376,454.7,9.874889338792988e-08,469.1,BID
693,1712306027.2324634,3347787.32581376,454.7,3.5938696916256405e-09,469.1,BID
694,1712306040.271165,3347787.32581376,454.7,0.0,469.1,BID
695,1712306070.265657,3347787.32581376,454.7,0.0,469.1,BID
696,1712306091.0204155,3347809.29417931,455.2,7.1770699336655274e-09,469.1,BID
697,1712306100.1932018,3347809.29417931,455.2,0.0,469.1,BID
698,1712306118.320354,3347821.93802931,455.1,4.132437806724593e-09,469.1,BID
699,1712306130.165896,3347821.93802931,455.1,0.0,469.1,BID
700,1712306139.4399793,3350809.29417931,455.2,-9.763671887381406e-07,469.1,ASK
701,1712306160.2501118,3350809.29417931,455.2,-0.0,469.1,ASK
702,1712306190.2647262,3350809.29417931,455.2,-0.0,469.1,ASK
703,1712306220.1730716,3350809.29417931,455.2,-0.0,469.1,ASK
704,1712306250.1800752,3350809.29417931,455.2,-0.0,469.1,ASK
705,1712306250.769929,3352459.82234833,454.4,-5.392077667355733e-07,469.1,ASK
706,1712306251.530066,3354110.35051734,454.4,-5.392077667322265e-07,469.1,ASK
707,1712306251.640535,3356619.15333384,454.4,-8.195958053039449e-07,469.1,ASK
708,1712306251.6609802,3357411.40685536,454.4,-2.588197281606602e-07,469.1,ASK
709,1712306252.0200417,3357762.40685536,454.0,-1.1466749230735717e-07,469.1,ASK
710,1712306280.2646532,3357762.40685536,454.0,-0.0,469.1,ASK
711,1712306310.2849011,3357762.40685536,454.0,-0.0,469.1,ASK
712,1712306340.1702905,3357762.40685536,454.0,-0.0,469.1,ASK
713,1712306359.6802156,3359057.19163274,454.0,-4.225545369524742e-07,469.1,ASK
714,1712306359.686473,3360680.90685536,454.0,-5.299013751344542e-07,469.1,ASK
715,1712306359.8311808,3360680.91941641,454.0,-4.099313388071967e-12,469.1,ASK
716,1712306370.1896286,3360680.91941641,454.0,-0.0,469.1,ASK
717,1712306375.7200377,3362378.35924275,454.0,5.537220476422282e-07,469.1,BID
718,1712306377.2900743,3362818.78426256,454.0,1.43671098095944e-07,469.1,BID
719,1712306400.2050855,3362818.78426256,454.0,0.0,469.1,BID
720,1712306417.7110753,3363039.2699296,453.4,-7.206147003198208e-08,469.1,ASK
721,1712306417.716538,3363480.28426256,453.5,-1.4413699341501066e-07,469.1,ASK
722,1712306418.070123,3363480.35439613,453.4,-2.292179908561452e-11,469.1,ASK
723,1712306418.074401,3363921.28426256,453.0,-1.441093871655762e-07,469.1,ASK
724,1712306419.5007813,3365014.28426256,453.5,3.572258814022117e-07,469.1,BID
725,1712306430.1814184,3365014.28426256,453.5,0.0,469.1,BID
726,1712306431.3708348,3365780.03976256,453.5,2.501909591660899e-07,469.1,BID
727,1712306431.3737328,3367179.65216256,453.5,4.572874355022754e-07,469.1,BID
728,1712306431.3764992,3367210.31526256,453.5,1.0018381062894534e-08,469.1,BID
729,1712306441.340202,3367855.11526256,453.0,-2.106718534445668e-07,469.1,ASK
730,1712306441.9625163,3369074.26420406,453.0,-3.983256314061712e-07,469.1,ASK
731,1712306441.965612,3369096.31526256,453.0,-7.204617500814225e-09,469.1,ASK
732,1712306460.2628715,3369096.31526256,453.0,-0.0,469.1,ASK
733,1712306490.2854512,3369096.31526256,453.0,-0.0,469.1,ASK
734,1712306493.260639,3369107.3821943,452.7,-3.6136514115166275e-09,469.1,ASK
735,1712306493.2653537,3369464.89754191,452.1,-1.1673839423937913e-07,469.1,ASK
736,1712306493.2682002,3369464.92153859,453.0,-7.835562624372028e-12,469.1,ASK
737,1712306493.2709408,3369936.88494777,452.3,-1.5410877014302197e-07,469.1,ASK
738,1712306493.273657,3370113.36325584,452.0,-5.762492278977624e-08,469.1,ASK
739,1712306499.6402,3370553.78827565,452.0,-1.4381063621241717e-07,469.1,ASK
740,1712306520.190236,3370553.78827565,452.0,-0.0,469.1,ASK
741,1712306550.1632614,3370553.78827565,452.0,-0.0,469.1,ASK
742,1712306580.2199886,3370553.78827565,452.0,-0.0,469.1,ASK
743,1712306610.1732104,3370553.78827565,452.0,-0.0,469.1,ASK
744,1712306640.2531292,3370553.78827565,452.0,-0.0,469.1,ASK
745,1712306667.140303,3370575.91216945,452.0,-7.222493395951445e-09,469.1,ASK
746,1712306667.146715,3372746.77073179,452.0,-7.086913258420059e-07,469.1,ASK
747,1712306668.6999586,3374070.1716379,453.1,4.320330946668249e-07,469.1,BID
748,1712306668.7099595,3377250.51711365,453.1,1.0382450938744716e-06,469.1,BID
749,1712306668.7798738,3380908.6575659,453.1,-1.1942244659305405e-06,469.1,ASK
750,1712306670.2648573,3380908.6575659,453.1,-0.0,469.1,ASK
751,1712306700.2032473,3380908.6575659,453.1,-0.0,469.1,ASK
752,1712306730.1635056,3380908.6575659,453.1,-0.0,469.1,ASK
753,1712306760.2648394,3380908.6575659,453.1,-0.0,469.1,ASK
754,1712306789.434713,3380925.79752825,453.0,5.597956136817243e-09,469.1,BID
755,1712306789.9298525,3381154.32567394,453.0,7.463788481421824e-08,469.1,BID
756,1712306790.273934,3381154.32567394,453.0,0.0,469.1,BID
757,1712306795.2499533,3381325.88258001,452.5,5.6028893790230614e-08,469.1,BID
758,1712306804.6701877,3381454.52898884,452.5,4.201472352198156e-08,469.1,BID
759,1712306813.1299915,3381550.91229641,452.9,3.147789399274481e-08,469.1,BID
760,1712306820.1728818,3381550.91229641,452.9,0.0,469.1,BID
761,1712306836.0900395,3382654.21643368,452.5,3.603077729721036e-07,469.1,BID
762,1712306836.10988,3384298.91229641,452.5,5.371109229980973e-07,469.1,BID
763,1712306836.2299364,3385584.11229641,452.5,-4.197097918706884e-07,469.1,ASK
764,1712306837.4799483,3385625.6431146,452.0,-1.3562784826277068e-08,469.1,ASK
765,1712306837.4862878,3385636.71229641,451.9,-3.614880169398387e-09,469.1,ASK
766,1712306850.2175884,3385636.71229641,451.9,-0.0,469.1,ASK
767,1712306854.6801753,3385858.19623882,451.5,-7.228671638512459e-08,469.1,ASK
768,1712306854.6900375,3385858.21358057,451.9,-5.659905477968187e-12,469.1,ASK
769,1712306854.6949668,3385869.30992608,451.5,-3.621564489304727e-09,469.1,ASK
770,1712306854.7900398,3388840.30476397,451.5,9.696570274637788e-07,469.1,BID
771,1712306854.7986734,3392503.90304151,451.5,1.1957051457362497e-06,469.1,BID
772,1712306854.8025782,3394212.90304151,452.6,5.577740623449044e-07,469.1,BID
773,1712306880.270054,3394212.90304151,452.6,0.0,469.1,BID
774,1712306890.8198404,3394235.02693532,452.0,-7.211557139415837e-09,469.1,ASK
775,1712306910.256375,3394235.02693532,452.0,-0.0,469.1,ASK
776,1712306914.9801776,3394602.63984144,452.6,1.1982758817271022e-07,469.1,BID
777,1712306915.5004106,3394844.63984144,452.6,7.888263946943715e-08,469.1,BID
778,1712306919.4100292,3395556.53054144,452.6,2.320488323542777e-07,469.1,BID
779,1712306919.416628,3395794.077087,452.6,7.743098558107516e-08,469.1,BID
780,1712306919.4335546,3396601.15264144,452.6,2.63075413163102e-07,469.1,BID
781,1712306938.5901256,3396711.28945657,453.4,3.5900341653847784e-08,469.1,BID
782,1712306940.1973553,3396711.28945657,453.4,0.0,469.1,BID
783,1712306943.7498608,3396741.03784144,453.4,9.693281344399133e-09,469.1,BID
784,1712306943.7549922,3396836.36704144,453.4,3.106228321205067e-08,469.1,BID
785,1712306970.173205,3396836.36704144,453.4,0.0,469.1,BID
786,1712306981.175435,3397336.36704144,453.4,-1.6291812600954425e-07,469.1,ASK
787,1712306981.1896818,3397426.86704144,453.4,-2.9488180807727512e-08,469.1,ASK
788,1712306981.1997323,3400304.86704144,453.4,-9.377567333109368e-07,469.1,ASK
789,1712306981.3198135,3402620.36704144,453.4,-7.544738415501995e-07,469.1,ASK
790,1712306981.4798443,3404768.36854644,453.4,-6.998967597204264e-07,469.1,ASK
791,1712306981.4997678,3404798.36854644,453.4,-9.775087560572656e-09,469.1,ASK
792,1712306981.5048048,3407627.48376623,453.4,-9.218282997465408e-07,469.1,ASK
793,1712306982.5198262,3408298.48376623,452.9,2.186361251048084e-07,469.1,BID
794,1712306984.4699674,3408608.48376623,452.9,1.0100923812591745e-07,469.1,BID
795,1712306998.6998491,3408638.48376623,452.9,-9.775087560572656e-09,469.1,ASK
796,1712307000.203088,3408638.48376623,452.9,-0.0,469.1,ASK
797,1712307018.501611,3408754.94970296,452.1,-3.788277905639571e-08,469.1,ASK
798,1712307018.5798702,3408871.33448317,452.1,3.785638134210246e-08,469.1,BID
799,1712307018.5898638,3409681.43221389,452.1,2.634998198491016e-07,469.1,BID
800,1712307018.7354012,3410595.58845248,452.2,-2.9734684476686095e-07,469.1,ASK
801,1712307019.0202048,3410611.47672681,452.0,-5.167965869988172e-09,469.1,ASK
802,1712307019.0271394,3410903.3767268,452.0,-9.494607193010533e-08,469.1,ASK
803,1712307019.0313716,3411768.74029554,451.9,-2.8147609334037735e-07,469.1,ASK
804,1712307019.0397522,3411779.83418393,451.6,-3.6084999146472685e-09,469.1,ASK
805,1712307019.044062,3412089.78385811,451.9,-1.008170745475346e-07,469.1,ASK
806,1712307030.165337,3412089.78385811,451.9,-0.0,469.1,ASK
807,1712307060.2608166,3412089.78385811,451.9,-0.0,469.1,ASK
808,1712307072.3398044,3412103.04938983,452.3,4.312679993022187e-09,469.1,BID
809,1712307090.2552445,3412103.04938983,452.3,0.0,469.1,BID
810,1712307109.529759,3412117.33099902,452.4,4.6430019829956965e-09,469.1,BID
811,1712307120.185836,3412117.33099902,452.4,0.0,469.1,BID
812,1712307150.1743362,3412117.33099902,452.4,0.0,469.1,BID
813,1712307180.2632728,3412117.33099902,452.4,0.0,469.1,BID
814,1712307198.2113523,3412669.66314417,452.4,-1.7956476923533144e-07,469.1,ASK
815,1712307198.329929,3412691.76259168,451.5,-7.184593957177571e-09,469.1,ASK
816,1712307198.3701904,3413222.01149995,451.5,1.723854454007729e-07,469.1,BID
817,1712307198.5298147,3414294.03778719,452.1,-3.48518829788986e-07,469.1,ASK
818,1712307198.535497,3417842.88404502,452.1,-1.1537401270861532e-06,469.1,ASK
819,1712307198.850213,3418853.16510516,451.7,-3.284452788414017e-07,469.1,ASK
820,1712307198.85632,3419068.07554387,451.5,-6.98680018394035e-08,469.1,ASK
821,1712307198.861509,3419090.22884471,451.4,-7.202101829590299e-09,469.1,ASK
822,1712307198.8645122,3419101.33010772,451.3,-3.6090525385960315e-09,469.1,ASK
823,1712307198.8675375,3421781.33010772,451.2,-8.712757093291286e-07,469.1,ASK
824,1712307209.2097564,3422825.81999219,452.0,3.395666660368682e-07,469.1,BID
825,1712307210.2732704,3422825.81999219,452.0,0.0,469.1,BID
826,1712307210.4119344,3426425.27994934,452.0,1.1683571125830816e-06,469.1,BID
827,1712307215.0496771,3426849.65582434,452.0,1.3774915622548706e-07,469.1,BID
828,1712307215.0696282,3427224.88050834,452.0,1.217950563659822e-07,469.1,BID
829,1712307215.149785,3428234.34090834,452.0,3.276631084250525e-07,469.1,BID
830,1712307215.1566186,3429135.691457,452.0,2.925714793314053e-07,469.1,BID
831,1712307240.1797926,3429135.691457,452.0,0.0,469.1,BID
832,1712307270.1897163,3429135.691457,452.0,0.0,469.1,BID
833,1712307286.1996584,3429152.6453943,452.0,-5.498028256793775e-09,469.1,ASK
834,1712307294.4517672,3429356.8453943,452.0,-6.622045075244815e-08,469.1,ASK
835,1712307300.1998725,3429356.8453943,452.0,-0.0,469.1,ASK
836,1712307307.3559396,3429356.93039505,452.0,-2.7594128137564505e-11,469.1,ASK
837,1712307307.3594203,3429423.3020763,452.0,-2.1546500166642983e-08,469.1,ASK
838,1712307313.229636,3429644.50207614,452.0,-7.180902673611318e-08,469.1,ASK
1039,1712307313.2331414,3429644.5020763,452.0,-5.1851123698343005e-17,469.1,ASK
839,1712307313.2331414,3429644.5020763,452.0,-5.185112369834301e-17,469.1,ASK
840,1712307321.329879,3429644.54101451,452.0,-1.2640664510853566e-11,469.1,ASK
841,1712307330.1775022,3429644.54101451,452.0,-0.0,469.1,ASK
842,1712307352.849691,3429865.74101451,452.0,-7.180599550617124e-08,469.1,ASK
843,1712307352.9496095,3429865.77995256,452.0,-1.2640078909091598e-11,469.1,ASK
844,1712307353.839963,3429887.9332534,451.4,-7.191409677042227e-09,469.1,ASK
845,1712307353.8465486,3430086.97995256,451.3,-6.461458582912903e-08,469.1,ASK
846,1712307360.2744377,3430086.97995256,451.3,-0.0,469.1,ASK
847,1712307390.2699497,3430086.97995256,451.3,-0.0,469.1,ASK
848,1712307391.439672,3430227.22792002,452.7,4.55243747425438e-08,469.1,BID
849,1712307413.786313,3430297.47206496,452.6,2.28011916009939e-08,469.1,BID
850,1712307416.812761,3430332.57701414,452.6,1.1395037594705641e-08,469.1,BID
1050,1712307416.812761,3430332.57701414,452.6,1.139503759470564e-08,469.1,BID
851,1712307420.1654105,3430332.57701414,452.6,0.0,469.1,BID
852,1712307420.809985,3430350.12120326,452.6,5.6946238439126454e-09,469.1,BID
1052,1712307420.809985,3430350.12120326,452.6,5.694623843912645e-09,469.1,BID
853,1712307424.5599272,3430367.64668709,452.6,5.688552341189633e-09,469.1,BID
854,1712307450.183388,3430367.64668709,452.6,0.0,469.1,BID
855,1712307480.2648609,3430367.64668709,452.6,0.0,469.1,BID
856,1712307510.2534423,3430367.64668709,452.6,0.0,469.1,BID
857,1712307540.1805353,3430367.64668709,452.6,0.0,469.1,BID
858,1712307570.1966782,3430367.64668709,452.6,0.0,469.1,BID
859,1712307572.6202912,3430588.59233409,452.6,-7.171581762703958e-08,469.1,ASK
860,1712307572.7201798,3430588.59233446,452.6,-1.2016189468290572e-16,469.1,ASK
861,1712307600.2163496,3430588.59233446,452.6,-0.0,469.1,ASK
862,1712307604.280408,3430809.59233446,452.6,-7.197244219414313e-08,469.1,ASK
863,1712307604.540371,3430809.6086491,452.6,-5.313142520149784e-12,469.1,ASK
864,1712307604.5459638,3430851.71816237,452.0,-1.3713685563935184e-08,469.1,ASK
865,1712307604.5804365,3430963.49233437,452.0,3.640117707274636e-08,469.1,BID
866,1712307604.6021397,3430963.49233446,452.0,2.9268563601726985e-17,469.1,BID
867,1712307630.1790867,3430963.49233446,452.0,0.0,469.1,BID
868,1712307660.2594166,3430963.49233446,452.0,0.0,469.1,BID
869,1712307690.2646053,3430963.49233446,452.0,0.0,469.1,BID
870,1712307719.3506637,3431565.30595657,452.0,-1.9598010891501209e-07,469.1,ASK
871,1712307720.1745238,3431565.30595657,452.0,-0.0,469.1,ASK
872,1712307740.030678,3433038.00595657,452.0,-4.795410592935207e-07,469.1,ASK
873,1712307740.037792,3435068.20595657,452.0,-6.61074393004311e-07,469.1,ASK
874,1712307740.0504577,3435909.00595657,452.0,-2.737815730658486e-07,469.1,ASK
875,1712307750.1721475,3435909.00595657,452.0,-0.0,469.1,ASK
876,1712307780.2563782,3435909.00595657,452.0,-0.0,469.1,ASK
877,1712307793.6606658,3435999.87949933,451.8,-2.9571367742882843e-08,469.1,ASK
878,1712307793.6663752,3435999.90595657,452.0,-8.609511041437642e-12,469.1,ASK
879,1712307804.320699,3437148.80595657,451.8,-3.7386618115583777e-07,469.1,ASK
880,1712307804.3606725,3437309.60595657,451.8,-5.232629639637388e-08,469.1,ASK
881,1712307804.883667,3440909.03241381,451.8,-1.1712976098179183e-06,469.1,ASK
882,1712307804.8893447,3441192.50595657,451.7,-9.22457749938664e-08,469.1,ASK
883,1712307805.0420103,3441414.08805273,451.3,-7.210553756099144e-08,469.1,ASK
884,1712307805.0506094,3441414.17195959,451.7,-2.7304323574657648e-11,469.1,ASK
885,1712307805.054269,3441703.62012086,451.4,-9.418998929115169e-08,469.1,ASK
1086,1712307805.059713,3441847.20595657,451.1,-4.6724595756689224e-08,469.1,ASK
886,1712307805.059713,3441847.20595657,451.1,-4.672459575668922e-08,469.1,ASK
887,1712307805.0651662,3444667.20595657,451.2,-9.176626606837392e-07,469.1,ASK
888,1712307810.2681477,3444667.20595657,451.2,-0.0,469.1,ASK
889,1712307830.7608054,3444689.36907713,452.3,7.202881905537037e-09,469.1,BID
1089,1712307830.7608054,3444689.36907713,452.3,7.2028819055370375e-09,469.1,BID
890,1712307840.200771,3444689.36907713,452.3,0.0,469.1,BID
891,1712307870.1830027,3444689.36907713,452.3,0.0,469.1,BID
892,1712307900.2542858,3444689.36907713,452.3,0.0,469.1,BID
893,1712307910.3134282,3445132.73958711,451.0,-1.444443263623025e-07,469.1,ASK
894,1712307910.3169246,3445354.46907713,451.0,-7.223657437666343e-08,469.1,ASK
895,1712307912.7609022,3445354.55754719,451.0,-2.8822391176085263e-11,469.1,ASK
896,1712307912.768445,3445365.6686583,450.9,-3.6198550044241685e-09,469.1,ASK
897,1712307914.1108737,3451215.0389283,450.9,1.905648502270492e-06,469.1,BID
898,1712307914.19269,3452279.57651982,450.9,3.468124555722769e-07,469.1,BID
899,1712307914.6775205,3453079.57651982,450.9,2.60629560353736e-07,469.1,BID
900,1712307915.2908254,3453625.26205551,450.9,1.7777722657293877e-07,469.1,BID
901,1712307915.3109362,3455284.9520331,450.9,5.407053364784778e-07,469.1,BID
902,1712307915.3707976,3456236.55861786,450.9,3.100210072696145e-07,469.1,BID
903,1712307915.3763988,3456521.73750523,450.9,9.290756004677724e-08,469.1,BID
904,1712307915.410877,3458303.28513099,450.9,5.804049680638655e-07,469.1,BID
905,1712307915.4307387,3458746.68513098,450.9,1.444539338226903e-07,469.1,BID
906,1712307915.5151365,3458980.69644013,450.9,7.623783077700422e-08,469.1,BID
907,1712307915.5209231,3460150.68513098,452.1,3.811670476438025e-07,469.1,BID
908,1712307930.2546213,3460150.68513098,452.1,0.0,469.1,BID
909,1712307960.183212,3460150.68513098,452.1,0.0,469.1,BID
910,1712307990.1710446,3460150.68513098,452.1,0.0,469.1,BID
911,1712307996.940869,3460249.62690649,451.7,3.216087927774893e-08,469.1,BID
912,1712308020.271204,3460249.62690649,451.7,0.0,469.1,BID
913,1712308050.281068,3460249.62690649,451.7,0.0,469.1,BID
914,1712308053.350823,3461163.72690649,450.5,-2.9712255042812734e-07,469.1,ASK
915,1712308053.366733,3461715.52690649,450.5,-1.7935917659574293e-07,469.1,ASK
916,1712308053.38289,3462215.52690649,450.5,-1.6252190702773057e-07,469.1,ASK
917,1712308055.1209614,3463183.22690649,450.5,-3.145448988615304e-07,469.1,ASK
918,1712308075.120954,3463183.27303365,450.5,-1.4993348043877604e-11,469.1,ASK
919,1712308075.126775,3463205.47059191,450.5,-7.215178999567273e-09,469.1,ASK
920,1712308075.24399,3463221.39462567,450.2,-5.176008668377244e-09,469.1,ASK
921,1712308075.2474563,3463343.07059191,450.2,-3.955002014553313e-08,469.1,ASK
922,1712308075.5935278,3464007.08121608,450.1,-2.1583254585366282e-07,469.1,ASK
923,1712308075.597154,3465198.91858555,450.1,-3.873993643063325e-07,469.1,ASK
924,1712308075.6005747,3466310.02969665,450.0,-3.611597933912906e-07,469.1,ASK
925,1712308075.6040013,3466310.12606556,450.2,-3.132411815349532e-11,469.1,ASK
926,1712308075.6073954,3466987.77547679,450.1,-2.2026574921859865e-07,469.1,ASK
927,1712308075.6107824,3475378.87059191,450.0,-2.727473560320772e-06,469.1,ASK
928,1712308075.8113656,3475380.28178,450.0,-4.586979590434211e-10,469.1,ASK
929,1712308075.8188365,3476933.9533312,450.0,-5.050113267915438e-07,469.1,ASK
930,1712308076.1127264,3476947.2799972,450.0,-4.331750345229114e-09,469.1,ASK
931,1712308076.1162076,3476994.64080833,450.0,-1.5394338686502245e-08,469.1,ASK
932,1712308076.1196177,3478915.43959208,450.0,-6.243437627032797e-07,469.1,ASK
933,1712308076.2010171,3479925.681714,450.0,-3.283729524283556e-07,469.1,ASK
934,1712308077.7509606,3480356.681714,450.2,1.400938838579038e-07,469.1,BID
935,1712308080.159727,3480356.681714,450.2,0.0,469.1,BID
936,1712308080.8809783,3484693.081714,450.0,-1.4053858379271814e-06,469.1,ASK
937,1712308081.0410335,3484708.64072711,449.9,-5.042527598258061e-09,469.1,ASK
938,1712308081.044547,3488923.15770315,450.0,-1.3658847135481578e-06,469.1,ASK
939,1712308081.048009,3489323.48528413,449.9,-1.2974234684092484e-07,469.1,ASK
940,1712308081.0514233,3494975.56591048,450.0,-1.8317853673772964e-06,469.1,ASK
941,1712308081.054862,3494986.681714,449.9,-3.602525792008062e-09,469.1,ASK
942,1712308081.3011866,3494997.81999768,449.8,-3.609811397081627e-09,469.1,ASK
943,1712308081.3068514,3495042.03564852,449.9,-1.4329870285385791e-08,469.1,ASK
944,1712308081.311437,3495351.481714,449.8,-1.0028851536475725e-07,469.1,ASK
945,1712308081.3148682,3495363.481714,449.9,-3.8890854291870076e-09,469.1,ASK
946,1712308081.3183246,3495463.481714,449.8,-3.240904524322506e-08,469.1,ASK
947,1712308090.1814682,3495949.167654,449.8,-1.5740617603465704e-07,469.1,ASK
948,1712308090.1892507,3495963.481714,449.9,-4.639050181468299e-09,469.1,ASK
949,1712308090.3812044,3496535.781714,449.8,-1.854769659269167e-07,469.1,ASK
950,1712308090.5207753,3497195.581714,449.8,-2.1383488051488962e-07,469.1,ASK
951,1712308091.5409644,3497391.56002421,449.8,-6.35146992227693e-08,469.1,ASK
952,1712308091.544869,3497625.88105577,449.8,-7.594120913273367e-08,469.1,ASK
953,1712308091.548448,3497661.681714,449.7,-1.1602651523199234e-08,469.1,ASK
954,1712308091.860903,3500068.681714,449.8,7.800857190044273e-07,469.1,BID
955,1712308096.043583,3500403.681714,449.8,1.0857030156480397e-07,469.1,BID
956,1712308100.1938956,3500403.74830059,449.7,-2.1580078048674465e-11,469.1,ASK
957,1712308100.202355,3500525.181714,449.6,-3.9355409892469785e-08,469.1,ASK
958,1712308101.0154915,3500863.181714,449.8,1.0954257292210073e-07,469.1,BID
959,1712308103.8710592,3501411.181714,449.8,1.7760156793287333e-07,469.1,BID
960,1712308104.0107937,3501548.181714,449.8,4.440039198321833e-08,469.1,BID
961,1712308107.3787558,3501681.51504733,449.5,-4.3212060323143065e-08,469.1,ASK
962,1712308107.3824222,3501683.29159833,449.6,-5.757632173079503e-10,469.1,ASK
963,1712308107.3859322,3502577.581714,449.5,-2.898308881932776e-07,469.1,ASK
964,1712308107.4473534,3503002.381714,449.5,-1.376736241931597e-07,469.1,ASK
965,1712308107.4907167,3503077.581714,449.5,-2.437160202296561e-08,469.1,ASK
966,1712308107.6222987,3503723.581714,449.5,-2.093624322712339e-07,469.1,ASK
967,1712308107.871429,3504338.38301663,449.0,-1.992512323252901e-07,469.1,ASK
968,1712308107.8787515,3504349.53369546,449.3,-3.613828546862222e-09,469.1,ASK
969,1712308107.8846931,3504362.8848303,449.4,-4.326975330908905e-09,469.1,ASK
970,1712308107.890452,3504395.781714,449.5,-1.0661565921807138e-08,469.1,ASK
971,1712308107.893824,3504415.781714,449.1,-6.481809048645012e-09,469.1,ASK
972,1712308110.2547202,3504415.781714,449.1,-0.0,469.1,ASK
973,1712308125.981235,3504416.032014,449.8,8.083628430253365e-11,469.1,BID
1174,1712308126.1210594,3504571.332014,449.8,-5.015531334805345e-08,469.1,ASK
974,1712308126.1210594,3504571.332014,449.8,-5.0155313348053453e-08,469.1,ASK
975,1712308140.2661448,3504571.332014,449.8,-0.0,469.1,ASK
976,1712308148.9017255,3504879.11732639,450.3,9.939935592622644e-08,469.1,BID
977,1712308170.2464583,3504879.11732639,450.3,0.0,469.1,BID
978,1712308200.2410638,3504879.11732639,450.3,0.0,469.1,BID
979,1712308230.2258997,3504879.11732639,450.3,0.0,469.1,BID
980,1712308260.267888,3504879.11732639,450.3,0.0,469.1,BID
981,1712308266.5613832,3504943.40041162,449.0,-2.0957851160090624e-08,469.1,ASK
982,1712308273.571522,3505413.92737036,450.0,1.5340324648134998e-07,469.1,BID
983,1712308286.3815832,3506326.54384131,450.0,2.975351929055044e-07,469.1,BID
984,1712308286.5613563,3506874.89128681,450.0,1.7877462019321354e-07,469.1,BID
985,1712308286.6615772,3507439.09017036,450.0,1.839425750003138e-07,469.1,BID
986,1712308290.2560756,3507439.09017036,450.0,0.0,469.1,BID
987,1712308296.9615042,3507461.31239258,450.8,7.242265713190673e-09,469.1,BID
988,1712308320.181702,3507461.31239258,450.8,0.0,469.1,BID
989,1712308350.193286,3507461.31239258,450.8,0.0,469.1,BID
990,1712308363.771527,3507474.17840855,450.8,4.193046095664254e-09,469.1,BID
991,1712308380.2616477,3507474.17840855,450.8,0.0,469.1,BID
992,1712308410.2592258,3507474.17840855,450.8,0.0,469.1,BID
993,1712308415.612317,3508624.63602671,449.5,-3.749344565503469e-07,469.1,ASK
994,1712308440.1890974,3508624.63602671,449.5,-0.0,469.1,ASK
995,1712308455.3114476,3510868.17607851,450.0,-7.310471189751604e-07,469.1,ASK
996,1712308470.1925516,3510868.17607851,450.0,-0.0,469.1,ASK
997,1712308472.974938,3510902.54052295,450.0,-1.11938123755643e-08,469.1,ASK
998,1712308473.0815418,3511267.54052295,450.0,1.188944440595444e-07,469.1,BID
999,1712308473.1015124,3511287.02536603,450.0,6.346957768852999e-09,469.1,BID
1000,1712308476.6413922,3511300.33208592,450.9,4.334507023456167e-09,469.1,BID
1201,1712308500.1815054,3511300.33208592,450.9,0.0,469.1,BID
1202,1712308530.1848748,3511300.33208592,450.9,0.0,469.1,BID
1203,1712308530.62139,3511493.68408592,450.9,6.323399541605728e-08,469.1,BID
1204,1712308530.6236055,3511605.33208592,450.9,3.651345277119668e-08,469.1,BID
1205,1712308560.1817722,3511605.33208592,450.9,0.0,469.1,BID
1206,1712308575.0114272,3514305.33208592,450.9,8.829704844771535e-07,469.1,BID
1207,1712308575.095146,3519367.02232086,450.9,-1.6553048440808438e-06,469.1,ASK
1208,1712308575.4713836,3519587.30454309,449.5,-7.203803721633924e-08,469.1,ASK
1209,1712308575.4740224,3520096.92232086,450.0,-1.6665831708728745e-07,469.1,ASK
1210,1712308575.611292,3520605.92232086,450.0,1.6645628762921154e-07,469.1,BID
1211,1712308584.2013524,3520605.92232152,450.0,-2.157855738409909e-16,469.1,ASK
1212,1712308584.204075,3520919.52398752,450.0,-1.0255593146705349e-07,469.1,ASK
1213,1712308586.1170125,3520920.05523072,449.5,-1.7373039467906458e-10,469.1,ASK
1214,1712308586.1214046,3521209.72398752,449.9,-9.472924538140777e-08,469.1,ASK
1215,1712308590.185035,3521209.72398752,449.9,-0.0,469.1,ASK
1216,1712308592.4713888,3522576.82398752,449.5,-4.464453836062291e-07,469.1,ASK
1217,1712308592.5954738,3523213.52398752,449.5,-2.0792317734053605e-07,469.1,ASK
1218,1712308592.6712394,3523213.60462665,449.5,-2.633382145654192e-11,469.1,ASK
1219,1712308608.8015175,3527256.62487021,449.5,1.3203040915546558e-06,469.1,BID
1220,1712308608.8042555,3528371.60206211,449.5,3.641111989979402e-07,469.1,BID
1221,1712308612.6112015,3528484.60206211,449.5,3.690171044365273e-08,469.1,BID
1222,1712308612.693747,3528484.67120291,449.5,2.2578883111390263e-11,469.1,BID
1223,1712308615.9079056,3529067.12928643,449.6,1.902097304744187e-07,469.1,BID
1224,1712308616.001104,3529305.12928643,449.6,7.772218659813582e-08,469.1,BID
1225,1712308616.0813725,3529870.56837929,449.6,1.8465194405526333e-07,469.1,BID
1226,1712308616.0835605,3531573.81256019,449.6,5.562179077735391e-07,469.1,BID
1227,1712308620.2524488,3531573.81256019,449.6,0.0,469.1,BID
1228,1712308620.461068,3531885.81705636,449.6,1.017345926799976e-07,469.1,BID
1229,1712308629.1112678,3531943.60409064,449.6,1.884248613975045e-08,469.1,BID
1230,1712308629.2516716,3532994.60409064,449.6,-3.426971669291193e-07,469.1,ASK
1231,1712308629.3322814,3532994.6082522,449.6,-1.3569503463360958e-12,469.1,ASK
1232,1712308629.4113507,3534045.6082522,449.1,-3.426971669291193e-07,469.1,ASK
1233,1712308638.0012429,3534156.71936331,450.0,3.6229745948401273e-08,469.1,BID
1234,1712308640.8737743,3534167.83047442,450.0,3.6229745945364524e-09,469.1,BID
1235,1712308643.0613644,3537107.94102886,449.1,-9.586751260370808e-07,469.1,ASK
1236,1712308643.063907,3537553.23047442,449.1,-1.4519451137662846e-07,469.1,ASK
1237,1712308643.6902134,3537565.58312424,449.8,-4.027800282963119e-09,469.1,ASK
1238,1712308643.7272365,3537565.62879335,449.1,-1.4891222285591426e-11,469.1,ASK
1239,1712308644.3113458,3538575.38025065,449.1,3.292473489241411e-07,469.1,BID
1240,1712308644.7558568,3540931.38025065,449.1,7.682155330970551e-07,469.1,BID
1241,1712308645.2763429,3546230.27569247,449.0,-1.7277987209945842e-06,469.1,ASK
1242,1712308645.2815206,3547867.8500122,449.0,-5.339601141839836e-07,469.1,ASK
1243,1712308645.2864645,3547890.0692759,448.9,-7.244984511118144e-09,469.1,ASK
1244,1712308645.2877684,3547905.0692759,449.0,-4.891015703079723e-09,469.1,ASK
1245,1712308645.2890358,3547927.34595221,448.9,-7.263704909716066e-09,469.1,ASK
1246,1712308645.29031,3548372.78025065,449.0,-1.4524174322398438e-07,469.1,ASK
1247,1712308645.6957722,3551334.78025065,449.0,9.65812567501476e-07,469.1,BID
1248,1712308645.8112154,3557408.74583269,448.8,-1.980524069448272e-06,469.1,ASK
1249,1712308645.8134463,3557408.8032453,448.9,-1.8720398446084647e-11,469.1,ASK
1250,1712308645.8157177,3557420.18025065,448.8,-3.7096741213408277e-09,469.1,ASK
1251,1712308650.252559,3557420.18025065,448.8,-0.0,469.1,ASK
1252,1712308680.1706514,3557420.18025065,448.8,-0.0,469.1,ASK
1253,1712308698.511316,3557782.33605344,448.8,-1.1764213329539626e-07,469.1,ASK
1254,1712308698.513814,3558849.65835017,448.8,-3.4670733130257215e-07,469.1,ASK
1255,1712308706.8814373,3560510.14237956,448.8,-5.393890751312809e-07,469.1,ASK
1256,1712308706.8844612,3560604.76242346,448.8,-3.0736229355232305e-08,469.1,ASK
1257,1712308710.1773884,3560604.76242346,448.8,-0.0,469.1,ASK
1258,1712308740.2715044,3560604.76242346,448.8,-0.0,469.1,ASK
1259,1712308748.8815925,3562108.2092204,448.8,4.881507075234072e-07,469.1,BID
1260,1712308770.2612486,3562108.2092204,448.8,0.0,469.1,BID
1261,1712308800.2129402,3562108.2092204,448.8,0.0,469.1,BID
1262,1712308802.8863764,3562280.0092204,448.7,-5.5805457084372e-08,469.1,ASK
1263,1712308802.8912168,3562999.6092204,448.7,-2.3374625679838666e-07,469.1,ASK
1264,1712308804.371307,3562999.67345038,448.7,-2.086369847860989e-11,469.1,ASK
1265,1712308804.5914006,3564323.67345038,448.7,4.3007232351448564e-07,469.1,BID
1266,1712308804.9944575,3565412.67345038,448.7,3.537377343710535e-07,469.1,BID
1267,1712308805.921445,3572944.23395026,448.7,2.446462027094646e-06,469.1,BID
1268,1712308807.641243,3574847.83395026,448.7,-6.183426548657213e-07,469.1,ASK
1269,1712308807.9087255,3574862.55084727,448.6,-4.780460794530962e-09,469.1,ASK
1270,1712308807.911808,3574873.71892573,448.6,-3.627705024469757e-09,469.1,ASK
1271,1712308807.9141288,3577559.24869359,448.7,-8.723353679236785e-07,469.1,ASK
1272,1712308807.9164617,3578450.83395026,448.6,-2.896118904436438e-07,469.1,ASK
1273,1712308830.1636972,3578450.83395026,448.6,-0.0,469.1,ASK
1274,1712308860.2628455,3578450.83395026,448.6,-0.0,469.1,ASK
1275,1712308866.091398,3578450.91164499,448.6,-2.5177456229011385e-11,469.1,ASK
1276,1712308866.094528,3579591.41326008,448.5,-3.695865798016909e-07,469.1,ASK
1277,1712308868.15902,3580680.56604854,448.5,-3.529466759560835e-07,469.1,ASK
1278,1712308868.161705,3581572.62670866,448.4,-2.890777566529675e-07,469.1,ASK
1279,1712308868.3411918,3582012.12670865,448.4,1.4242268460657564e-07,469.1,BID
1280,1712308868.5067203,3582458.25653242,448.3,-1.4457111987663848e-07,469.1,ASK
1281,1712308868.5081482,3582904.48589431,448.2,-1.4460337581808988e-07,469.1,ASK
1282,1712308868.5118408,3583100.96752299,448.1,-6.367108312427749e-08,469.1,ASK
1283,1712308868.5155418,3583547.09734676,448.3,-1.4457111987663848e-07,469.1,ASK
1284,1712308868.5169632,3583993.32670865,448.2,-1.4460337581824076e-07,469.1,ASK
1285,1712308868.6791964,3584193.32670865,448.0,-6.481123304197704e-08,469.1,ASK
1286,1712308868.6832871,3584204.5072487,448.1,-3.6231229335507566e-09,469.1,ASK
1287,1712308868.6872926,3584845.60651714,448.1,-2.0775217044942922e-07,469.1,ASK
1288,1712308868.6887395,3584885.52670865,448.0,-1.2936384175212025e-08,469.1,ASK
1289,1712308869.3211532,3585730.52670865,448.4,2.738274596023531e-07,469.1,BID
1290,1712308872.1912136,3586062.14729565,448.4,1.074636957279223e-07,469.1,BID
1291,1712308877.4602318,3586508.17762571,448.4,1.4453887832655918e-07,469.1,BID
1292,1712308885.5911226,3587308.17762571,448.4,2.5924493216790817e-07,469.1,BID
1293,1712308885.6517498,3588272.17762571,448.4,3.123901432623294e-07,469.1,BID
1294,1712308885.7812293,3589262.17762571,448.4,3.208156035577864e-07,469.1,BID
1295,1712308886.0169942,3589445.47171991,448.0,-5.939758127200029e-08,469.1,ASK
1296,1712308886.0256715,3589605.27762571,448.0,-5.178608901139061e-08,469.1,ASK
1297,1712308886.0584786,3590105.27762571,448.0,-1.6202808260494265e-07,469.1,ASK
1298,1712308886.352844,3590997.33828583,448.4,2.890777566531183e-07,469.1,BID
1299,1712308886.431391,3591988.33828583,448.4,3.2113965972299626e-07,469.1,BID
1300,1712308886.523494,3592662.23828583,448.0,-2.183814497349115e-07,469.1,ASK
1301,1712308886.9559884,3593057.07829495,448.4,1.2795033922695826e-07,469.1,BID
1302,1712308887.1123943,3599789.67829495,448.0,-2.181740537892104e-06,469.1,ASK
1303,1712308887.3683257,3601348.17979868,448.4,5.05042020772495e-07,469.1,BID
1304,1712308887.3714397,3601972.02267815,448.4,2.021601312145318e-07,469.1,BID
1305,1712308887.911042,3602622.02267815,448.0,-2.106365073864254e-07,469.1,ASK
1306,1712308888.1929045,3603561.11563167,448.0,-3.043188612934333e-07,469.1,ASK
1307,1712308888.1944983,3603628.0948681,447.9,-2.170503450604856e-08,469.1,ASK
1308,1712308888.196035,3603650.41629667,448.0,-7.233396544540151e-09,469.1,ASK
1309,1712308888.1975172,3604192.2216229,447.8,-1.7557535630834985e-07,469.1,ASK
1310,1712308888.1990566,3605498.23714567,448.0,-4.23222382013468e-07,469.1,ASK
1311,1712308888.2005453,3605528.23714567,447.8,-9.721684956296556e-09,469.1,ASK
1312,1712308888.202051,3605539.42267815,447.9,-3.624740761152608e-09,469.1,ASK
1313,1712308888.4415789,3605986.25020272,447.6,-1.4479721412247157e-07,469.1,ASK
1314,1712308888.4445095,3605997.44323221,447.6,-3.6271702135567198e-09,469.1,ASK
1315,1712308888.447794,3607099.02791262,447.8,-3.569753071876546e-07,469.1,ASK
1316,1712308888.4510667,3607806.82267815,447.5,-2.293652574733316e-07,469.1,ASK
1317,1712308889.5049286,3608263.57428133,447.5,-1.4801317298000296e-07,469.1,ASK
1318,1712308889.506568,3608330.62837162,447.4,-2.172929136097095e-08,469.1,ASK
1319,1712308889.508117,3608777.15661453,447.9,-1.4470023005526284e-07,469.1,ASK
1320,1712308889.509648,3608908.32267815,447.4,-4.2505171582451864e-08,469.1,ASK
1321,1712308890.6643105,3608908.32267815,447.4,-0.0,469.1,ASK
1322,1712308891.3802896,3609112.42706602,447.4,-6.585001933000143e-08,469.1,ASK
1323,1712308891.3835442,3609354.82267815,447.4,-7.820388336984758e-08,469.1,ASK
1324,1712308893.361575,3611082.26838863,448.4,5.573242918179642e-07,469.1,BID
1325,1712308893.364306,3611575.63667815,448.4,1.5917497776866677e-07,469.1,BID
1326,1712308893.8013875,3611803.68867815,448.0,-7.35762163908765e-08,469.1,ASK
1327,1712308893.846424,3611828.2203463,447.9,7.914630541379182e-09,469.1,BID
1328,1712308893.901341,3612475.2203463,447.9,2.087410415381911e-07,469.1,BID
1329,1712308893.961335,3612475.81569794,447.9,1.9207777657381848e-10,469.1,BID
1330,1712308893.9632294,3612862.2203463,448.4,1.2466539220067492e-07,469.1,BID
1331,1712308893.9677846,3613090.2203463,448.0,7.355943967651863e-08,469.1,BID
1332,1712308894.1012218,3613335.53702783,448.4,7.914630542385762e-08,469.1,BID
1333,1712308897.6520376,3613542.4105844,448.4,6.674343379468778e-08,469.1,BID
1334,1712308897.6556053,3613839.53702783,448.4,9.5861643384985e-08,469.1,BID
1335,1712308905.7930918,3614296.81989708,448.4,1.4753277033203621e-07,469.1,BID
1336,1712308906.4914198,3615381.28658434,448.4,3.4988053448557173e-07,469.1,BID
1337,1712308920.225091,3615381.28658434,448.4,0.0,469.1,BID
1338,1712308922.544522,3621207.90593758,448.4,1.8780789897993488e-06,469.1,BID
1339,1712308922.546178,3621704.28658434,448.4,1.599970767104945e-07,469.1,BID
1340,1712308922.611801,3621705.23542024,448.4,3.0583579613223524e-10,469.1,BID
1341,1712308922.776215,3624670.33542024,448.4,-9.557329344944689e-07,469.1,ASK
1342,1712308942.161213,3626898.4994131,448.7,7.181982771005454e-07,469.1,BID
1343,1712308944.7712803,3627143.3301279,447.4,-7.89156445010649e-08,469.1,ASK
1344,1712308950.1815166,3627143.3301279,447.4,-0.0,469.1,ASK
1345,1712308957.7811234,3627232.47655089,448.7,2.868556455881728e-08,469.1,BID
1346,1712308957.8931687,3627444.47655089,447.4,6.82174279403496e-08,469.1,BID
1347,1712308957.8948865,3627947.21560065,447.4,1.617715325461402e-07,469.1,BID
1348,1712308958.021216,3628394.34280834,447.3,-1.4387673618296468e-07,469.1,ASK
1349,1712308958.0613415,3629584.34280834,447.3,3.829185813632831e-07,469.1,BID
1350,1712308958.0870955,3630955.71298026,447.3,4.412799334079845e-07,469.1,BID
1351,1712308958.1011684,3631921.31125923,447.3,3.1071052365547645e-07,469.1,BID
1352,1712308958.161231,3633429.51560065,447.3,4.853104763214122e-07,469.1,BID
1353,1712308958.2841592,3634094.51560065,448.6,2.139839131147759e-07,469.1,BID
1354,1712308959.1713943,3635694.69260065,448.6,5.149054678739749e-07,469.1,BID
1355,1712308961.841363,3636141.91979206,447.2,-1.4390890897631358e-07,469.1,ASK
1356,1712308961.986838,3636408.91979206,447.2,8.59153455663837e-08,469.1,BID
1357,1712308962.064221,3636409.43165042,447.2,1.6470594723881856e-10,469.1,BID
1358,1712308962.6412578,3636676.43079206,448.4,8.59150693630374e-08,469.1,BID
1359,1712308980.2579217,3636676.43079206,448.4,0.0,469.1,BID
1360,1712308994.0810978,3636899.33450523,448.4,-7.16276688797993e-08,469.1,ASK
1361,1712308995.1247673,3637122.23450523,447.1,-7.162647569323352e-08,469.1,ASK
1362,1712308999.1213582,3637144.60086622,447.1,-7.187185337762742e-09,469.1,ASK
1363,1712308999.1251075,3637667.32894683,447.1,-1.6797294822783782e-07,469.1,ASK
1364,1712308999.2073507,3637867.94044601,447.1,6.446430986905146e-08,469.1,BID
1365,1712308999.209036,3638161.09669401,447.1,9.42025521386237e-08,469.1,BID
1366,1712308999.2211645,3638630.09669401,448.1,1.5070801749726584e-07,469.1,BID
1367,1712309006.9254646,3639061.13715051,448.1,1.3851013360402398e-07,469.1,BID
1368,1712309008.3957186,3640042.13715051,448.1,3.1523361442391853e-07,469.1,BID
1369,1712309009.1910696,3641015.13715051,448.1,3.126629019719396e-07,469.1,BID
1370,1712309009.9814725,3641284.92315051,448.1,8.669277869615e-08,469.1,BID
1371,1712309010.277408,3641284.92315051,448.1,0.0,469.1,BID
1372,1712309012.2519307,3642288.92315051,448.1,3.2241058930788293e-07,469.1,BID
1373,1712309012.9796667,3643267.92315051,448.1,3.143824371836827e-07,469.1,BID
1374,1712309012.9937155,3643294.90715051,448.1,8.665266276682299e-09,469.1,BID
1375,1712309013.9652193,3644284.90715051,448.1,3.179148241183308e-07,469.1,BID
1376,1712309015.36906,3644987.90715051,448.1,2.2575163773251169e-07,469.1,BID
1377,1712309021.9412923,3645408.53386949,447.7,-1.3507421149907065e-07,469.1,ASK
1378,1712309040.1772735,3645408.53386949,447.7,-0.0,469.1,ASK
1379,1712309049.15131,3645519.54630288,448.7,3.562784941857929e-08,469.1,BID
1380,1712309051.2261474,3645565.61200329,448.7,1.4784126313119681e-08,469.1,BID
1381,1712309051.229175,3645630.55873627,448.7,2.0843723105310173e-08,469.1,BID
1382,1712309065.471822,3647859.21931126,448.7,-7.152566694203913e-07,469.1,ASK
1383,1712309065.8312385,3650087.81931126,447.2,-7.152372287453139e-07,469.1,ASK
1384,1712309070.1818943,3650087.81931126,447.2,-0.0,469.1,ASK
1385,1712309100.2541995,3650087.81931126,447.2,-0.0,469.1,ASK
1386,1712309103.197324,3650962.81931126,447.3,2.81333433527834e-07,469.1,BID
1387,1712309103.381426,3651962.81931126,447.0,-3.215239240318103e-07,469.1,ASK
1388,1712309103.3832583,3652788.81931126,447.0,-2.655787612502753e-07,469.1,ASK
1389,1712309103.548052,3652835.81931126,447.0,-1.5111624429495083e-08,469.1,ASK
1390,1712309104.1616116,3653647.81931126,447.3,-2.6107742631383e-07,469.1,ASK
1391,1712309112.3298175,3653659.00499359,447.0,-3.5964644758050837e-09,469.1,ASK
1392,1712309112.3316932,3655145.96305558,447.0,-4.780925909617164e-07,469.1,ASK
1393,1712309112.3334837,3656960.91931126,447.0,-5.835518572722991e-07,469.1,ASK
1394,1712309112.3523204,3657785.71931126,447.0,-2.6519293254152696e-07,469.1,ASK
1395,1712309112.501894,3659443.31931126,447.0,-5.329580564750089e-07,469.1,ASK
1396,1712309113.3433485,3659866.61931126,447.0,-1.3610107704275512e-07,469.1,ASK
1397,1712309113.471567,3660235.21931126,447.0,-1.185137183981553e-07,469.1,ASK
1398,1712309113.621577,3662607.21931126,447.0,-7.62654747803454e-07,469.1,ASK
1399,1712309114.4916303,3663289.81931126,447.0,-2.1947223054399405e-07,469.1,ASK
1400,1712309114.649676,3665145.96305558,447.0,-5.967946202409095e-07,469.1,ASK
1401,1712309114.6531012,3666341.16163095,447.0,-3.8428493595019617e-07,469.1,ASK
1402,1712309114.655512,3670297.11931126,447.0,-1.2719350366770884e-06,469.1,ASK
1403,1712309115.1546645,3670297.14202895,447.0,-7.304280864381197e-12,469.1,ASK
1404,1712309115.1586685,3670744.61931126,446.9,-1.4387465172337073e-07,469.1,ASK
1405,1712309115.291433,3670744.66944,446.9,-1.6117589124967845e-11,469.1,ASK
1406,1712309115.293334,3670964.01931126,446.8,-7.052623134342426e-08,469.1,ASK
1407,1712309115.3913577,3671693.01931126,447.0,2.343909406191897e-07,469.1,BID
1408,1712309115.4911916,3671921.21931126,446.8,-7.3371759464119e-08,469.1,ASK
1409,1712309115.551962,3672586.15724454,447.0,2.137934535456806e-07,469.1,BID
1410,1712309115.607298,3674262.32253794,447.0,5.389272424599552e-07,469.1,BID
1411,1712309115.6108146,3676491.88853794,447.0,7.168588092079419e-07,469.1,BID
1412,1712309115.6155417,3677118.7540259,447.0,2.015522515289188e-07,469.1,BID
1413,1712309115.6173368,3678261.77274852,447.0,3.675078649387149e-07,469.1,BID
1414,1712309115.760804,3678933.18189173,447.0,2.1587410235569014e-07,469.1,BID
1415,1712309115.877692,3680016.37023312,447.5,-3.48270965989181e-07,469.1,ASK
1416,1712309116.2543385,3681027.82203312,446.8,-3.2520595170501285e-07,469.1,ASK
1417,1712309116.2574644,3681099.47023312,446.8,-2.3036610413870808e-08,469.1,ASK
1418,1712309116.8054187,3681716.86113571,446.8,-1.985059456622801e-07,469.1,ASK
1419,1712309116.8959963,3682026.61020543,446.8,9.95917363615904e-08,469.1,BID
1420,1712309118.1013892,3682677.51020543,446.8,-2.092799221522754e-07,469.1,ASK
1421,1712309118.6031291,3682725.16063571,446.8,-1.5320753325510033e-08,469.1,ASK
1422,1712309118.606388,3683197.11020543,446.7,-1.5174307760144853e-07,469.1,ASK
1423,1712309125.9917033,3683197.13642305,446.7,-8.429592025319962e-12,469.1,ASK
1424,1712309125.9957368,3685937.13642305,446.7,-8.809755518471602e-07,469.1,ASK
1425,1712309125.99977,3685948.56947276,446.6,-3.675999006410528e-09,469.1,ASK
1426,1712309126.0028565,3688540.43872217,446.6,-8.333479716476847e-07,469.1,ASK
1427,1712309127.13967,3690092.65857132,446.5,-4.990758168588248e-07,469.1,ASK
1428,1712309127.141657,3693524.90094304,446.6,-1.103548035583596e-06,469.1,ASK
1429,1712309127.14378,3693883.2436082,446.5,-1.1521573985028433e-07,469.1,ASK
1430,1712309129.6704462,3693905.65006125,446.3,-7.20421070833719e-09,469.1,ASK
1431,1712309129.6724184,3693928.07158591,446.0,-7.209056591372547e-09,469.1,ASK
1432,1712309129.674311,3696648.07158591,446.4,-8.745450733665239e-07,469.1,ASK
1433,1712309129.676208,3699528.07158591,446.3,-9.259889012116136e-07,469.1,ASK
1434,1712309129.6807082,3699752.28683254,446.0,-7.209056592420596e-08,469.1,ASK
1435,1712309129.6826124,3699911.66538904,445.9,-5.124401889246636e-08,469.1,ASK
1436,1712309129.684527,3702659.66538904,446.3,-8.835477432394147e-07,469.1,ASK
1437,1712309129.686436,3702693.28646528,446.0,-1.080998036292314e-08,469.1,ASK
1438,1712309130.2640944,3702693.28646528,446.0,-0.0,469.1,ASK
1439,1712309134.743305,3702759.46840528,448.0,2.1119470788937922e-08,469.1,BID
1440,1712309140.895772,3704000.6274283,445.9,-3.9606910482339385e-07,469.1,ASK
1441,1712309140.8977838,3704011.8215249,446.8,-3.572173861140297e-09,469.1,ASK
1442,1712309140.8997447,3706319.36380266,445.9,-7.363651130459968e-07,469.1,ASK
1443,1712309149.8613908,3706341.80041921,445.7,-7.1598002089029285e-09,469.1,ASK
1444,1712309149.863697,3707463.63124712,445.7,-3.579900105727924e-07,469.1,ASK
1445,1712309149.8656185,3707709.4530009,445.7,-7.844474411408035e-08,469.1,ASK
1446,1712309153.465023,3708646.3750411,447.9,2.989833428825236e-07,469.1,BID
1447,1712309160.1716042,3708646.3750411,447.9,0.0,469.1,BID
1448,1712309188.63941,3708869.5750411,447.9,-7.116554195450035e-08,469.1,ASK
1449,1712309190.1721876,3708869.5750411,447.9,-0.0,469.1,ASK
1450,1712309192.0218763,3708891.5750411,448.4,-7.014301163454054e-09,469.1,ASK
1451,1712309192.1019497,3708891.63916255,447.9,-2.044396197383441e-11,469.1,ASK
1452,1712309218.4118664,3711995.63916255,448.4,9.896541277891537e-07,469.1,BID
1453,1712309220.2749355,3711995.63916255,448.4,0.0,469.1,BID
1454,1712309250.2722056,3711995.63916255,448.4,0.0,469.1,BID
1455,1712309280.152154,3711995.63916255,448.4,0.0,469.1,BID
1456,1712309310.1700203,3711995.63916255,448.4,0.0,469.1,BID
1457,1712309337.842131,3712027.25017334,447.4,-1.0074095449232708e-08,469.1,ASK
1458,1712309337.8456378,3714259.89138789,447.4,-7.115191870572653e-07,469.1,ASK
1459,1712309340.271235,3714259.89138789,447.4,-0.0,469.1,ASK
1460,1712309370.2721372,3714259.89138789,447.4,-0.0,469.1,ASK
1461,1712309377.9620285,3714704.33583233,447.6,-1.415940404976233e-07,469.1,ASK
1462,1712309392.8720238,3714720.40665233,447.5,-5.119947760357796e-09,469.1,ASK
1463,1712309392.8741465,3714731.60218305,447.5,-3.566745967914658e-09,469.1,ASK
1464,1712309392.9919214,3716004.13457904,447.5,4.0541175813201e-07,469.1,BID
1465,1712309392.995595,3717213.04035504,449.0,3.851411701647257e-07,469.1,BID
1466,1712309400.2721455,3717213.04035504,449.0,0.0,469.1,BID
1467,1712309404.4819958,3717224.17869319,448.9,3.551527417747768e-09,469.1,BID
1468,1712309408.276395,3717235.31703134,448.9,3.551527417747768e-09,469.1,BID
1469,1712309412.4017997,3717268.73204581,448.9,1.06545822596279e-08,469.1,BID
1470,1712309412.508677,3717302.14706028,448.9,1.06545822596279e-08,469.1,BID
1471,1712309429.3919685,3718638.74763947,448.9,-4.261832905093929e-07,469.1,ASK
1472,1712309429.7521951,3719199.22247775,448.1,-1.7871083893347394e-07,469.1,ASK
1473,1712309429.7552085,3719515.89480848,448.0,-1.0097291444065765e-07,469.1,ASK
1474,1712309429.7597718,3719831.25528447,447.9,-1.0055462151266726e-07,469.1,ASK
1475,1712309429.763222,3719975.34763947,447.7,-4.5944730944467616e-08,469.1,ASK
1476,1712309430.1852002,3719975.34763947,447.7,-0.0,469.1,ASK
1477,1712309438.702083,3721179.3239522,447.8,-3.837436542477159e-07,469.1,ASK
1478,1712309460.2547052,3721179.3239522,447.8,-0.0,469.1,ASK
1479,1712309476.6319344,3721201.65535014,447.8,-7.116468837821343e-09,469.1,ASK
1480,1712309476.6919868,3721618.18078229,447.8,1.327364397889589e-07,469.1,BID
1481,1712309476.6960948,3727682.48078229,447.8,1.932543680842061e-06,469.1,BID
1482,1712309476.7321973,3728344.88078228,447.8,2.110906343965079e-07,469.1,BID
1483,1712309476.7519946,3728668.02178228,447.8,1.0297711154967148e-07,469.1,BID
1484,1712309476.7943857,3729048.02178228,447.8,1.2109668036212026e-07,469.1,BID
1485,1712309476.8643346,3735753.43081223,447.8,2.1368494052555807e-06,469.1,BID
1486,1712309476.8920488,3736306.12125663,447.8,1.7612888969661397e-07,469.1,BID
1487,1712309476.9320016,3738120.2901793,447.8,5.78131142503904e-07,469.1,BID
1488,1712309476.9719524,3740219.2901793,448.8,6.68899821263396e-07,469.1,BID
1489,1712309490.2541466,3740219.2901793,448.8,0.0,469.1,BID
1490,1712309491.56209,3741338.3675793,448.7,3.556559458805178e-07,469.1,BID
1491,1712309491.5820763,3742972.2901793,448.7,5.192797994121761e-07,469.1,BID
1492,1712309495.9020157,3743196.10396623,447.4,-7.11306510985566e-08,469.1,ASK
1493,1712309520.213895,3743196.10396623,447.4,-0.0,469.1,ASK
1494,1712309535.1158943,3743196.77776623,448.7,2.1405071181302763e-10,469.1,BID
1495,1712309550.164215,3743196.77776623,448.7,0.0,469.1,BID
1496,1712309560.9820888,3745154.01755915,448.7,6.217698584624651e-07,469.1,BID
1497,1712309561.9122338,3745419.98808192,448.7,8.44926896010609e-08,469.1,BID
1498,1712309561.9160323,3745838.83736945,448.7,1.3305874076681338e-07,469.1,BID
1499,1712309561.9197264,3745969.01755915,449.0,4.135523833978301e-08,469.1,BID
1500,1712309564.7837858,3746944.33378456,448.7,-3.098354292730593e-07,469.1,ASK
1501,1712309564.801898,3748201.43600559,448.7,-3.993523291678838e-07,469.1,ASK
1502,1712309567.7321124,3748247.03600559,449.0,-1.44860663718936e-08,469.1,ASK
1503,1712309568.1318605,3748247.09302118,449.0,-1.8112535517125103e-11,469.1,ASK
1504,1712309580.267225,3748247.09302118,449.0,-0.0,469.1,ASK
1505,1712309584.835906,3748730.54248701,448.0,-1.534702624249863e-07,469.1,ASK
1506,1712309590.5619466,3748972.26721993,448.0,-7.67351312141192e-08,469.1,ASK
1507,1712309610.185337,3748972.26721993,448.0,-0.0,469.1,ASK
1508,1712309640.274894,3748972.26721993,448.0,-0.0,469.1,ASK
1509,1712309657.952088,3749460.96721993,448.1,-1.5512103818380957e-07,469.1,ASK
1510,1712309663.3919826,3750745.26721993,448.1,-4.076569456504232e-07,469.1,ASK
1511,1712309663.412086,3751203.86721993,448.1,-1.4556682650108944e-07,469.1,ASK
1512,1712309665.742097,3751315.47436278,448.0,-3.542585608264179e-08,469.1,ASK
1513,1712309665.7458422,3751741.27235385,448.0,-1.3515495484208774e-07,469.1,ASK
1514,1712309665.752025,3751741.31707601,448.1,-1.4195514506546932e-11,469.1,ASK
1515,1712309665.755733,3751785.86721993,448.0,-1.4140913804149957e-08,469.1,ASK
1516,1712309665.824487,3751785.95993315,448.0,-2.942862890676147e-11,469.1,ASK
1517,1712309665.8885794,3752655.95993315,448.0,2.761516333535152e-07,469.1,BID
1518,1712309665.924208,3753593.9029341,448.0,2.97717806557262e-07,469.1,BID
1519,1712309665.9420376,3754462.95993315,448.0,-2.758523100746944e-07,469.1,ASK
1520,1712309665.9836287,3754535.13120494,448.0,2.2908292627539072e-08,469.1,BID
1521,1712309665.985866,3754610.00693315,448.0,2.3766729475536466e-08,469.1,BID
1522,1712309666.1057532,3755274.00693315,448.0,2.107640052261312e-07,469.1,BID
1523,1712309666.3557682,3756326.00693315,448.0,3.339212853883885e-07,469.1,BID
