,time,acc_trade_volume,trade_price,dev,high,ask_bid
0,1712300395.4445384,241053389.9962056,7.799,0.0,8.036,ASK
1,1712300400.4293842,241053389.9962056,7.799,-0.0,8.036,ASK
2,1712300430.35524,241053389.9962056,7.799,-0.0,8.036,ASK
3,1712300460.4855664,241053389.9962056,7.799,-0.0,8.036,ASK
4,1712300490.4655292,241053389.9962056,7.799,-0.0,8.036,ASK
5,1712300520.3356466,241053389.9962056,7.799,-0.0,8.036,ASK
6,1712300550.3257332,241053389.9962056,7.799,-0.0,8.036,ASK
7,1712300562.6057477,241066243.4666426,7.799,-2.692544930251097e-06,8.036,ASK
8,1712300562.686119,241067525.68231127,7.799,-2.685985325990013e-07,8.036,ASK
9,1712300564.9358685,241078957.67140028,7.799,-2.394773023762584e-06,8.036,ASK
10,1712300565.1963024,241078957.6714012,7.799,-1.8728971085563447e-16,8.036,ASK
11,1712300565.197538,241117439.9702913,7.792,-8.06127180115297e-06,8.036,ASK
12,1712300580.4456809,241117439.9702913,7.792,-0.0,8.036,ASK
13,1712300598.0759225,241117439.9702928,7.792,-3.2460155061562183e-16,8.036,ASK
14,1712300598.0773304,241118723.3378928,7.792,-2.688117257005607e-07,8.036,ASK
15,1712300610.4793787,241118723.3378928,7.792,-0.0,8.036,ASK
16,1712300610.5880256,241144390.6890221,7.792,5.376223070738006e-06,8.036,BID
17,1712300640.3460114,241144390.6890221,7.792,0.0,8.036,BID
18,1712300670.3561115,241144390.6890221,7.792,0.0,8.036,BID
19,1712300700.476761,241144390.6890221,7.792,0.0,8.036,BID
20,1712300711.5463583,241208732.47257617,7.771,-1.3502193276575815e-05,8.036,ASK
21,1712300711.566285,241208732.4725764,7.771,-5.0032398201290907e-17,8.036,ASK
22,1712300711.739216,241234472.4983164,7.77,-5.4015724042480844e-06,8.036,ASK
23,1712300711.7400074,241338221.3960683,7.77,-2.1771819062208044e-05,8.036,ASK
24,1712300711.7407815,241416024.19351128,7.77,-1.632700168548096e-05,8.036,ASK
25,1712300711.96618,241458938.46819228,7.769,-9.005607228473715e-06,8.036,ASK
26,1712300727.9062548,241458938.4681927,7.769,-8.75566968522591e-17,8.036,ASK
27,1712300730.4661472,241458938.4681927,7.769,-0.0,8.036,ASK
28,1712300760.317839,241458938.4681927,7.769,-0.0,8.036,ASK
29,1712300773.3763995,241460194.59179527,7.769,2.634637770904084e-07,8.036,BID
30,1712300773.3777187,241460225.63513827,7.769,6.511139815825674e-09,8.036,BID
31,1712300778.7386053,241460871.6699545,7.755,-1.3550161183910838e-07,8.036,ASK
32,1712300778.740809,241462161.1606057,7.755,-2.70462299084673e-07,8.036,ASK
33,1712300778.8174047,241462807.4454354,7.752,-1.355540505427249e-07,8.036,ASK
34,1712300778.8196702,241483168.86018768,7.752,-4.270674658582057e-06,8.036,ASK
35,1712300778.8364935,241488607.23903707,7.752,-1.140664684572161e-06,8.036,ASK
36,1712300786.7265213,241518108.3761891,7.75,-6.18767214201169e-06,8.036,ASK
37,1712300786.7279742,241712303.21489787,7.75,-4.07311076657024e-05,8.036,ASK
38,1712300786.7294078,241727602.3116721,7.75,-3.208886302236496e-06,8.036,ASK
39,1712300787.5763755,241727602.31167296,7.75,-1.8752531374147847e-16,8.036,ASK
40,1712300790.329439,241727602.31167296,7.75,-0.0,8.036,ASK
41,1712300808.6263914,241727602.3116731,7.75,-3.124057511636101e-17,8.036,ASK
42,1712300808.6272967,241835573.8923181,7.75,-2.2636452499855306e-05,8.036,ASK
43,1712300819.2896926,241862664.55669665,7.744,-5.679610632087916e-06,8.036,ASK
44,1712300819.46667,241888494.338435,7.743,-5.4152641269930895e-06,8.036,ASK
45,1712300819.4681494,242417991.20657367,7.743,-0.0001110100512824,8.036,ASK
46,1712300819.50657,242417991.206574,7.743,-6.248115023272201e-17,8.036,ASK
47,1712300819.606838,242418638.40977767,7.741,-1.3568741414149085e-07,8.036,ASK
48,1712300819.608325,242601696.15425515,7.741,-3.837841321615611e-05,8.036,ASK
49,1712300820.4463778,242601696.15425515,7.741,-0.0,8.036,ASK
50,1712300821.4836645,242613943.1507672,7.741,-2.56396834969583e-06,8.036,ASK
51,1712300850.466485,242613943.1507672,7.741,-0.0,8.036,ASK
52,1712300851.966691,242623943.1507672,7.738,-2.0935071381471133e-06,8.036,ASK
53,1712300851.9679976,242625290.6048897,7.738,-2.820904823807836e-07,8.036,ASK
54,1712300861.9304323,242635290.6048897,7.732,-2.0935071381471133e-06,8.036,ASK
55,1712300880.2865722,242635290.6048897,7.732,-0.0,8.036,ASK
56,1712300898.3370874,242636002.1184732,7.73,-1.4895072745139236e-07,8.036,ASK
57,1712300898.337861,242703821.36168143,7.73,-1.419751617681038e-05,8.036,ASK
58,1712300898.3386252,242704469.4858729,7.73,-1.3568057173126e-07,8.036,ASK
59,1712300910.326624,242704469.4858729,7.73,-0.0,8.036,ASK
60,1712300937.666765,242795465.9121342,7.73,-1.9047375966265467e-05,8.036,ASK
61,1712300938.6267738,242810488.18742284,7.73,-3.144463327272066e-06,8.036,ASK
62,1712300940.4527383,242810488.18742284,7.73,-0.0,8.036,ASK
63,1712300940.8367884,242886462.3383955,7.73,-1.590018507485307e-05,8.036,ASK
64,1712300970.4768934,242886462.3383955,7.73,-0.0,8.036,ASK
65,1712300980.4669626,242889053.01197064,7.72,-5.421202677581287e-07,8.036,ASK
66,1712300991.917096,242889053.0119708,7.72,3.741832197088316e-17,8.036,BID
67,1712300991.9189432,242929868.0268748,7.72,8.540885667993783e-06,8.036,BID
68,1712301000.3579912,242929868.0268748,7.72,0.0,8.036,BID
69,1712301000.8469982,243129349.89215904,7.72,-4.185804095890968e-05,8.036,ASK
70,1712301014.7271178,243198066.03517303,7.719,1.4418970489976708e-05,8.036,BID
71,1712301014.7470272,243223146.6597497,7.719,5.262763155482479e-06,8.036,BID
72,1712301014.8074443,243291862.80276373,7.72,1.4418970489976708e-05,8.036,BID
73,1712301014.835563,243814174.61635417,7.72,0.0001095986808396,8.036,BID
74,1712301020.7671158,243889758.728766,7.72,1.5860102714946527e-05,8.036,BID
75,1712301020.769132,243904855.8478756,7.719,3.167886109087113e-06,8.036,BID
76,1712301020.8669894,244087067.5474397,7.72,3.823417618780357e-05,8.036,BID
77,1712301021.19706,244174799.10648912,7.72,1.8409047794131347e-05,8.036,BID
78,1712301022.118485,244234952.15893105,7.72,1.262214452090612e-05,8.036,BID
79,1712301022.1206052,244335207.24633428,7.72,2.1036907534849787e-05,8.036,BID
80,1712301023.1588857,244335919.0723343,7.723,-1.4936516570752792e-07,8.036,ASK
81,1712301023.1609464,244395135.25251937,7.722,-1.2425557040413008e-05,8.036,ASK
82,1712301030.3171048,244395135.25251937,7.722,-0.0,8.036,ASK
83,1712301033.7470424,244395911.44915584,7.73,1.6248662148607385e-07,8.036,BID
84,1712301042.4270303,244404944.66352165,7.73,1.8909853695560883e-06,8.036,BID
85,1712301049.309178,244411404.81876096,7.73,1.352349069544966e-06,8.036,BID
86,1712301051.1370091,244472214.353043,7.73,1.2729681262968964e-05,8.036,BID
87,1712301060.4885085,244472214.353043,7.73,0.0,8.036,BID
88,1712301065.8572824,244544784.4068409,7.73,1.5189697749690654e-05,8.036,BID
89,1712301066.3569674,244596646.3948689,7.73,1.0855275442336164e-05,8.036,BID
90,1712301066.4570754,244605209.94572204,7.73,1.7924438844332446e-06,8.036,BID
91,1712301090.4670684,244605209.94572204,7.73,0.0,8.036,BID
92,1712301120.3004644,244605209.94572204,7.73,0.0,8.036,BID
93,1712301137.8273537,246952800.2028612,7.739,0.0004912703377214,8.036,BID
94,1712301150.3573427,246952800.2028612,7.739,0.0,8.036,BID
95,1712301152.247325,247155051.6611114,7.74,4.216400680333367e-05,8.036,BID
96,1712301180.4470303,247155051.6611114,7.74,0.0,8.036,BID
97,1712301210.4657214,247155051.6611114,7.74,0.0,8.036,BID
98,1712301240.3250926,247155051.6611114,7.74,0.0,8.036,BID
99,1712301270.3043833,247155051.6611114,7.74,0.0,8.036,BID
100,1712301300.383606,247155051.6611114,7.74,0.0,8.036,BID
101,1712301330.3129203,247155051.6611114,7.74,0.0,8.036,BID
102,1712301334.2929847,247156695.78255844,7.74,-3.426459213476941e-07,8.036,ASK
103,1712301334.2949734,247282051.6611114,7.74,-2.6125004683084617e-05,8.036,ASK
104,1712301360.3425016,247282051.6611114,7.74,-0.0,8.036,ASK
105,1712301382.3836744,247287567.00348863,7.74,-1.1491988669377735e-06,8.036,ASK
106,1712301382.3906157,247561234.19441488,7.74,-5.702239393659046e-05,8.036,ASK
107,1712301390.3115876,247561234.19441488,7.74,-0.0,8.036,ASK
108,1712301409.571253,247574134.0912157,7.752,2.686664589986621e-06,8.036,BID
109,1712301409.5724664,247577888.3572665,7.752,7.819018877451173e-07,8.036,BID
110,1712301420.4607582,247577888.3572665,7.752,0.0,8.036,BID
111,1712301450.4505658,247577888.3572665,7.752,0.0,8.036,BID
112,1712301480.3399525,247577888.3572665,7.752,0.0,8.036,BID
113,1712301481.7401383,247579943.98618484,7.75,-4.28114814842832e-07,8.036,ASK
114,1712301510.339425,247579943.98618484,7.75,-0.0,8.036,ASK
115,1712301540.468958,247579943.98618484,7.75,-0.0,8.036,ASK
116,1712301570.4685063,247579943.98618484,7.75,-0.0,8.036,ASK
117,1712301600.3380556,247579943.98618484,7.75,-0.0,8.036,ASK
118,1712301630.328195,247579943.98618484,7.75,-0.0,8.036,ASK
119,1712301640.1377316,247580587.4868284,7.77,1.3408167130230634e-07,8.036,BID
120,1712301660.4472325,247580587.4868284,7.77,0.0,8.036,BID
121,1712301660.8684406,247606269.0244987,7.778,5.351074532270446e-06,8.036,BID
122,1712301690.501196,247606269.0244987,7.778,0.0,8.036,BID
123,1712301720.3365102,247606269.0244987,7.778,0.0,8.036,BID
124,1712301750.3161814,247606269.0244987,7.778,0.0,8.036,BID
125,1712301780.485833,247606269.0244987,7.778,0.0,8.036,BID
126,1712301785.1156282,247732659.3177237,7.756,2.633392673018368e-05,8.036,BID
127,1712301785.135713,247732659.31772417,7.756,9.935094274998708e-17,8.036,BID
128,1712301810.4655902,247732659.31772417,7.756,0.0,8.036,BID
129,1712301817.2455816,247758445.8056042,7.756,5.371621493395993e-06,8.036,BID
130,1712301817.2654126,247758445.8056045,7.756,7.44979911505785e-17,8.036,BID
131,1712301840.335214,247758445.8056045,7.756,0.0,8.036,BID
132,1712301866.8750613,247839869.72366104,7.75,-1.696083037408919e-05,8.036,ASK
133,1712301870.3758726,247839869.72366104,7.75,-0.0,8.036,ASK
134,1712301900.4831083,247839869.72366104,7.75,-0.0,8.036,ASK
135,1712301930.4671316,247839869.72366104,7.75,-0.0,8.036,ASK
136,1712301960.3340373,247839869.72366104,7.75,-0.0,8.036,ASK
137,1712301979.5840497,247969726.86965907,7.751,-2.7046591856858463e-05,8.036,ASK
138,1712301979.5850377,247993339.0202509,7.751,-4.917928813335722e-06,8.036,ASK
139,1712301988.884011,248072939.35837016,7.751,-1.6579125008735566e-05,8.036,ASK
140,1712301988.889893,248338644.93757823,7.75,-5.534104649919825e-05,8.036,ASK
141,1712301990.3238358,248338644.93757823,7.75,-0.0,8.036,ASK
142,1712301996.7538178,248597624.3755737,7.75,-5.38967334115175e-05,8.036,ASK
143,1712302020.4836948,248597624.3755737,7.75,-0.0,8.036,ASK
144,1712302050.4586318,248597624.3755737,7.75,-0.0,8.036,ASK
145,1712302060.2963583,248598741.18910456,7.751,-2.3232527522684625e-07,8.036,ASK
146,1712302060.9934037,248600992.9265563,7.77,4.684179666128685e-07,8.036,BID
147,1712302080.3179712,248600992.9265563,7.77,0.0,8.036,BID
148,1712302110.302948,248600992.9265563,7.77,0.0,8.036,BID
149,1712302116.8029163,248602278.7694263,7.756,-2.674861695390331e-07,8.036,ASK
150,1712302126.4227448,248603565.7707133,7.77,-2.67727148073534e-07,8.036,ASK
151,1712302140.4626098,248603565.7707133,7.77,-0.0,8.036,ASK
152,1712302166.4827974,248861563.7067298,7.752,-5.3669538117556574e-05,8.036,ASK
153,1712302166.485109,248916114.8144404,7.744,-1.1347892156942432e-05,8.036,ASK
154,1712302166.4873571,248918695.4596017,7.75,-5.368338832116421e-07,8.036,ASK
155,1712302166.4895582,248970402.64669847,7.75,-1.075629089011198e-05,8.036,ASK
156,1712302166.4918056,249086174.22760016,7.745,-2.408316659453917e-05,8.036,ASK
157,1712302166.4932904,249464181.2523536,7.74,-7.863420435430168e-05,8.036,ASK
158,1712302166.4943097,249654533.9911385,7.751,-3.9597772477326375e-05,8.036,ASK
159,1712302166.4953375,249833435.1089957,7.75,-3.721557045128522e-05,8.036,ASK
160,1712302166.496385,249835373.3837891,7.744,-4.032059888172954e-07,8.036,ASK
161,1712302170.4225025,249835373.3837891,7.744,-0.0,8.036,ASK
162,1712302200.5622015,249835373.3837891,7.744,-0.0,8.036,ASK
163,1712302230.4721625,249835373.3837891,7.744,-0.0,8.036,ASK
164,1712302237.3621662,249873117.7611169,7.755,7.860038980278821e-06,8.036,BID
165,1712302260.32336,249873117.7611169,7.755,0.0,8.036,BID
166,1712302262.6319325,249904251.807304,7.752,6.483082206763808e-06,8.036,BID
167,1712302279.251735,250261586.91811007,7.752,7.44083465669528e-05,8.036,BID
168,1712302290.311526,250261586.91811007,7.752,0.0,8.036,BID
169,1712302320.4923408,250261586.91811007,7.752,0.0,8.036,BID
170,1712302350.4512386,250261586.91811007,7.752,0.0,8.036,BID
171,1712302360.3814266,250340632.17737907,7.754,1.644938038762767e-05,8.036,BID
172,1712302380.324608,250340632.17737907,7.754,0.0,8.036,BID
173,1712302382.9714217,250370293.9705977,7.752,-6.171855198640366e-06,8.036,ASK
174,1712302410.30081,250370293.9705977,7.752,-0.0,8.036,ASK
175,1712302440.4442098,250370293.9705977,7.752,-0.0,8.036,ASK
176,1712302448.070769,250375487.52767536,7.747,-1.0805937622574134e-06,8.036,ASK
177,1712302470.460644,250375487.52767536,7.747,-0.0,8.036,ASK
178,1712302489.6406617,250549246.18795216,7.746,-3.615266951179914e-05,8.036,ASK
179,1712302489.6452782,250556952.52767536,7.747,-1.6034006749054296e-06,8.036,ASK
180,1712302489.7606528,250641391.6468976,7.746,-1.7568618256186706e-05,8.036,ASK
181,1712302489.7631578,250642038.4323353,7.746,-1.345718258584712e-07,8.036,ASK
182,1712302491.610528,250642684.0558829,7.746,1.3433008006510505e-07,8.036,BID
183,1712302500.324752,250642684.0558829,7.746,0.0,8.036,BID
184,1712302501.770691,250642684.05588305,7.754,3.1011381727403504e-17,8.036,BID
185,1712302501.7732055,250643973.7128341,7.754,2.683954860139539e-07,8.036,BID
186,1712302521.9707386,250645356.6942864,7.749,2.87817608171039e-07,8.036,BID
187,1712302530.352049,250645356.6942864,7.749,0.0,8.036,BID
188,1712302540.080572,250683589.6669699,7.754,7.956777214688195e-06,8.036,BID
189,1712302540.0831852,250977233.2266045,7.754,6.11110311479775e-05,8.036,BID
190,1712302540.2217784,251044736.5056443,7.754,-1.4048307387109564e-05,8.036,ASK
191,1712302540.230279,251139858.2266045,7.754,-1.979606315793731e-05,8.036,ASK
192,1712302543.6904428,251172538.5301992,7.754,-6.8011948002087004e-06,8.036,ASK
193,1712302560.4401004,251172538.5301992,7.754,-0.0,8.036,ASK
194,1712302561.7403462,251272538.5301992,7.749,2.0793606776199217e-05,8.036,BID
195,1712302561.8407164,251408150.73035395,7.754,-2.819866764073126e-05,8.036,ASK
196,1712302590.4400358,251408150.73035395,7.754,-0.0,8.036,ASK
197,1712302620.3399725,251408150.73035395,7.754,-0.0,8.036,ASK
198,1712302650.3199546,251408150.73035395,7.754,-0.0,8.036,ASK
199,1712302680.4298728,251408150.73035395,7.754,-0.0,8.036,ASK
200,1712302708.8997505,251421005.8531204,7.779,2.672028889832876e-06,8.036,BID
201,1712302708.9023366,251446719.4041617,7.778,5.344744853171986e-06,8.036,BID
202,1712302708.9048758,251555653.38811624,7.789,2.264270497446401e-05,8.036,BID
203,1712302708.9073706,253092455.6518873,7.781,0.0003194353038368,8.036,BID
204,1712302708.909865,253105294.270452,7.789,2.668598373863962e-06,8.036,BID
205,1712302709.1194358,253130082.9488828,7.778,-5.152503489177571e-06,8.036,ASK
206,1712302709.1394663,253186524.10199708,7.778,-1.1731695950093407e-05,8.036,ASK
207,1712302710.4597588,253186524.10199708,7.778,-0.0,8.036,ASK
208,1712302740.3021977,253186524.10199708,7.778,-0.0,8.036,ASK
209,1712302770.3293378,253186524.10199708,7.778,-0.0,8.036,ASK
210,1712302773.2392752,253192952.48975745,7.779,1.3323538861559476e-06,8.036,BID
211,1712302784.5392785,253204807.61252385,7.755,-2.45710425033188e-06,8.036,ASK
212,1712302784.5491135,253205807.61252385,7.755,-2.0726097053069445e-07,8.036,ASK
213,1712302800.339329,253205807.61252385,7.755,-0.0,8.036,ASK
214,1712302830.3290386,253205807.61252385,7.755,-0.0,8.036,ASK
215,1712302860.4388492,253205807.61252385,7.755,-0.0,8.036,ASK
216,1712302890.4587054,253205807.61252385,7.755,-0.0,8.036,ASK
217,1712302920.3488698,253205807.61252385,7.755,-0.0,8.036,ASK
218,1712302924.4885538,253228190.7998467,7.762,-4.644686669654722e-06,8.036,ASK
219,1712302924.6486745,253324769.92237663,7.762,2.0040924311241967e-05,8.036,BID
220,1712302924.7486188,253356962.96322,7.762,6.680308103747322e-06,8.036,BID
221,1712302950.3185167,253356962.96322,7.762,0.0,8.036,BID
222,1712302980.4484754,253356962.96322,7.762,0.0,8.036,BID
223,1712302994.9385188,253357613.568734,7.762,-1.3497287875465374e-07,8.036,ASK
224,1712302994.941234,253358665.3227586,7.762,-2.1819407519054785e-07,8.036,ASK
225,1712303010.4382992,253358665.3227586,7.762,-0.0,8.036,ASK
226,1712303040.3388102,253358665.3227586,7.762,-0.0,8.036,ASK
227,1712303070.3179946,253358665.3227586,7.762,-0.0,8.036,ASK
228,1712303100.348014,253358665.3227586,7.762,-0.0,8.036,ASK
229,1712303111.749015,253675121.604352,7.77,6.592134085193342e-05,8.036,BID
230,1712303111.751742,254060583.4562338,7.77,8.02959637753853e-05,8.036,BID
231,1712303111.808412,254360477.9299685,7.77,-6.247133323798855e-05,8.036,ASK
232,1712303112.4679449,254364340.4251404,7.767,8.046004316363803e-07,8.036,BID
233,1712303120.4779596,254461306.5834994,7.767,2.0199122432021404e-05,8.036,BID
234,1712303130.327912,254461306.5834994,7.767,0.0,8.036,BID
235,1712303160.3577802,254461306.5834994,7.767,0.0,8.036,BID
236,1712303190.3378327,254461306.5834994,7.767,0.0,8.036,BID
237,1712303220.4576824,254461306.5834994,7.767,0.0,8.036,BID
238,1712303250.468024,254461306.5834994,7.767,0.0,8.036,BID
239,1712303278.6799648,254461950.84769407,7.777,1.3396826598202377e-07,8.036,BID
240,1712303280.2882495,254461950.84769407,7.777,0.0,8.036,BID
241,1712303310.3308363,254461950.84769407,7.777,0.0,8.036,BID
242,1712303332.5310128,254591411.1079028,7.763,-2.691993230036328e-05,8.036,ASK
243,1712303333.0889351,254703711.1910237,7.763,-2.3351649611006748e-05,8.036,ASK
244,1712303333.10879,254719454.4545149,7.763,-3.273650050490694e-06,8.036,ASK
245,1712303333.1115956,255104901.0256641,7.762,-8.014965815781229e-05,8.036,ASK
246,1712303340.2228515,255105940.80940968,7.755,-2.162123572955414e-07,8.036,ASK
247,1712303340.225127,255167268.9897698,7.755,-1.2752565619268506e-05,8.036,ASK
248,1712303340.2273474,255168557.6495636,7.76,-2.679635770175634e-07,8.036,ASK
249,1712303340.2295191,255169203.6010849,7.756,-1.3431898867873648e-07,8.036,ASK
250,1712303340.4505088,255169203.6010849,7.756,-0.0,8.036,ASK
251,1712303357.5289557,255216500.42178264,7.769,9.8236747982557e-06,8.036,BID
252,1712303370.449109,255216500.42178264,7.769,0.0,8.036,BID
253,1712303374.623759,255379684.85055983,7.755,-3.3891251030629685e-05,8.036,ASK
254,1712303378.2322798,255471853.49559087,7.769,1.914221049952834e-05,8.036,BID
255,1712303378.3092656,255502576.37726787,7.769,6.380736833176114e-06,8.036,BID
256,1712303400.3719668,255502576.37726787,7.769,0.0,8.036,BID
257,1712303430.3395104,255502576.37726787,7.769,0.0,8.036,BID
258,1712303460.4596813,255502576.37726787,7.769,0.0,8.036,BID
259,1712303488.3598945,255618511.03336987,7.778,2.408114634066116e-05,8.036,BID
260,1712303490.459717,255618511.03336987,7.778,0.0,8.036,BID
261,1712303494.0800822,255618511.0333704,7.778,1.1140512113424315e-16,8.036,BID
262,1712303494.0826993,255619281.4493945,7.788,1.5999552983036062e-07,8.036,BID
263,1712303520.3410065,255619281.4493945,7.788,0.0,8.036,BID
264,1712303550.3211913,255619281.4493945,7.788,0.0,8.036,BID
265,1712303573.0297513,255619987.40727845,7.788,1.4660905458817774e-07,8.036,BID
266,1712303580.4503534,255619987.40727845,7.788,0.0,8.036,BID
267,1712303610.4404106,255619987.40727845,7.788,0.0,8.036,BID
268,1712303612.5105708,255620692.75568283,7.786,1.464823143177152e-07,8.036,BID
269,1712303640.333575,255620692.75568283,7.786,0.0,8.036,BID
270,1712303641.744786,255971417.53534827,7.769,-7.283623029616845e-05,8.036,ASK
271,1712303668.3308606,256263954.72619063,7.769,-6.0752212098374525e-05,8.036,ASK
272,1712303668.333924,256270390.56091827,7.769,-1.336552098816085e-06,8.036,ASK
273,1712303668.4308407,256270390.5609184,7.769,-3.094575779420937e-17,8.036,ASK
274,1712303670.3104932,256270390.5609184,7.769,-0.0,8.036,ASK
275,1712303700.3618731,256270390.5609184,7.769,-0.0,8.036,ASK
276,1712303730.3320596,256270390.5609184,7.769,-0.0,8.036,ASK
277,1712303760.45098,256270390.5609184,7.769,-0.0,8.036,ASK
278,1712303773.9510932,256276351.7007044,7.769,1.236712339169993e-06,8.036,BID
279,1712303774.6111424,256360328.42543337,7.769,-1.7422012468202344e-05,8.036,ASK
280,1712303774.631081,256470390.5609184,7.769,-2.283375426804847e-05,8.036,ASK
281,1712303790.480978,256470390.5609184,7.769,-0.0,8.036,ASK
282,1712303817.8112445,256606785.81944427,7.769,2.8287768346308244e-05,8.036,BID
283,1712303817.8144846,256980809.9554173,7.769,7.75709377927467e-05,8.036,BID
284,1712303820.31238,256980809.9554173,7.769,0.0,8.036,BID
285,1712303850.3314595,256980809.9554173,7.769,0.0,8.036,BID
286,1712303880.4714034,256980809.9554173,7.769,0.0,8.036,BID
287,1712303910.4611497,256980809.9554173,7.769,0.0,8.036,BID
288,1712303940.3220062,256980809.9554173,7.769,0.0,8.036,BID
289,1712303961.831203,257040437.2875403,7.769,-1.2356280760094664e-05,8.036,ASK
290,1712303964.7512968,257053520.60275447,7.769,-2.7111915006689507e-06,8.036,ASK
291,1712303970.292825,257053520.60275447,7.769,-0.0,8.036,ASK
292,1712303972.4821274,257169912.3407665,7.769,-2.4116468247667475e-05,8.036,ASK
293,1712303972.5011892,257169912.3407673,7.769,-1.7290187145303511e-16,8.036,ASK
294,1712303996.9917085,257170557.95932403,7.76,-1.3377272037426186e-07,8.036,ASK
295,1712303996.995147,257171846.61911783,7.76,-2.6701141790557416e-07,8.036,ASK
296,1712303996.9985485,257913992.9892144,7.755,-0.000153773366351,8.036,ASK
297,1712303997.0016544,258171724.94797724,7.76,-5.3402283581954646e-05,8.036,ASK
298,1712304000.4264736,258171724.94797724,7.76,-0.0,8.036,ASK
299,1712304030.311695,258171724.94797724,7.76,-0.0,8.036,ASK
300,1712304032.8516765,258175484.90890583,7.76,-7.800752393749766e-07,8.036,ASK
301,1712304040.0413597,258178623.6408581,7.76,-6.511895005004507e-07,8.036,ASK
302,1712304060.4750328,258178623.6408581,7.76,-0.0,8.036,ASK
303,1712304062.1815464,258300590.92735863,7.76,-2.530414685334071e-05,8.036,ASK
304,1712304062.1845558,258857514.6459472,7.755,-0.0001155431096781,8.036,ASK
305,1712304090.461167,258857514.6459472,7.755,-0.0,8.036,ASK
306,1712304108.491378,258858518.76541165,7.768,2.0809400092216965e-07,8.036,BID
307,1712304120.331533,258858518.76541165,7.768,0.0,8.036,BID
308,1712304127.7014794,258861239.98461667,7.768,5.639453236842342e-07,8.036,BID
309,1712304150.298803,258861239.98461667,7.768,0.0,8.036,BID
310,1712304180.451059,258861239.98461667,7.768,0.0,8.036,BID
311,1712304210.461452,258861239.98461667,7.768,0.0,8.036,BID
312,1712304240.3275225,258861239.98461667,7.768,0.0,8.036,BID
313,1712304270.311893,258861239.98461667,7.768,0.0,8.036,BID
314,1712304300.4712627,258861239.98461667,7.768,0.0,8.036,BID
315,1712304330.4613605,258861239.98461667,7.768,0.0,8.036,BID
316,1712304331.431841,258865912.05041668,7.758,-9.688790344108312e-07,8.036,ASK
317,1712304337.8612654,258877328.2281979,7.758,-2.367452809698982e-06,8.036,ASK
318,1712304341.2114162,259023985.76597688,7.755,-3.04134016246138e-05,8.036,ASK
319,1712304341.2914484,259068346.8337173,7.755,-9.19946557208825e-06,8.036,ASK
320,1712304341.2950358,259210602.4017464,7.755,-2.950053430140748e-05,8.036,ASK
321,1712304341.2985027,259211302.4017464,7.755,-1.451639067424869e-07,8.036,ASK
322,1712304360.3013048,259211302.4017464,7.755,-0.0,8.036,ASK
323,1712304390.3418424,259211302.4017464,7.755,-0.0,8.036,ASK
324,1712304420.4512336,259211302.4017464,7.755,-0.0,8.036,ASK
325,1712304450.451248,259211302.4017464,7.755,-0.0,8.036,ASK
326,1712304480.331544,259211302.4017464,7.755,-0.0,8.036,ASK
327,1712304510.3031187,259211302.4017464,7.755,-0.0,8.036,ASK
328,1712304531.5613008,259212591.8923976,7.755,2.672602520970786e-07,8.036,BID
329,1712304540.4511583,259212591.8923976,7.755,0.0,8.036,BID
330,1712304544.0313249,259372678.9257366,7.755,3.3179621870246814e-05,8.036,BID
331,1712304544.0511804,259372678.92573696,7.755,7.412191484003699e-17,8.036,BID
332,1712304547.9211802,259507432.65909097,7.758,2.7929044751688835e-05,8.036,BID
333,1712304547.9245508,259855545.85846496,7.758,7.214990547555759e-05,8.036,BID
334,1712304548.001103,260086229.9863149,7.758,4.781156833185675e-05,8.036,BID
335,1712304548.021041,260086229.98631552,7.758,1.1118287226005547e-16,8.036,BID
336,1712304570.4516194,260086229.98631552,7.758,0.0,8.036,BID
337,1712304576.1713266,260193459.98631552,7.758,-2.219330497917552e-05,8.036,ASK
338,1712304600.371039,260193459.98631552,7.758,-0.0,8.036,ASK
339,1712304623.0912993,260512104.6663155,7.768,6.607886374370828e-05,8.036,BID
340,1712304626.2356105,260606909.6663155,7.768,-1.9660164033564623e-05,8.036,ASK
341,1712304630.3214486,260606909.6663155,7.768,-0.0,8.036,ASK
342,1712304634.8411603,260744243.6886479,7.768,-2.846065440629977e-05,8.036,ASK
343,1712304635.0213113,260834369.14080355,7.768,-1.867730445413673e-05,8.036,ASK
344,1712304635.101141,260921275.82681075,7.768,-1.8010257866482377e-05,8.036,ASK
345,1712304635.4638927,261023069.3062544,7.768,-2.109534833435599e-05,8.036,ASK
346,1712304635.5672455,261129917.91593543,7.768,-2.2142957020265704e-05,8.036,ASK
347,1712304635.6611292,261156245.75564507,7.768,-5.456095543652338e-06,8.036,ASK
348,1712304660.45166,261156245.75564507,7.768,-0.0,8.036,ASK
349,1712304690.453909,261156245.75564507,7.768,-0.0,8.036,ASK
350,1712304706.491133,261220604.1029227,7.769,1.332562951956883e-05,8.036,BID
351,1712304706.5011077,261406598.81519848,7.769,3.851088061185824e-05,8.036,BID
352,1712304706.504551,261413679.14475563,7.768,1.466007946848253e-06,8.036,BID
353,1712304718.46111,261537090.37307364,7.769,2.5552742988041166e-05,8.036,BID
354,1712304718.5610414,261537090.3730739,7.769,5.553611169086582e-17,8.036,BID
355,1712304720.3209755,261537090.3730739,7.769,0.0,8.036,BID
356,1712304750.3408911,261537090.3730739,7.769,0.0,8.036,BID
357,1712304780.460893,261537090.3730739,7.769,0.0,8.036,BID
358,1712304790.5910573,261673485.6315989,7.779,2.822384296017576e-05,8.036,BID
359,1712304790.7852037,261673485.6315997,7.779,1.7884013128046486e-16,8.036,BID
360,1712304809.310931,261712012.4538037,7.779,7.97223445594127e-06,8.036,BID
361,1712304810.4509385,261712012.4538037,7.779,0.0,8.036,BID
362,1712304832.1813335,261724851.07236844,7.789,2.655907241570561e-06,8.036,BID
363,1712304832.1842947,261841501.25843737,7.779,2.413126243688512e-05,8.036,BID
364,1712304832.1871474,261841663.54444847,7.788,3.357188236981791e-08,8.036,BID
365,1712304832.18993,261854487.3454232,7.798,2.652841947236981e-06,8.036,BID
366,1712304832.1924102,261876937.1844693,7.8,4.644167111479099e-06,8.036,BID
367,1712304832.1940515,261952165.99419823,7.789,1.5562479680154075e-05,8.036,BID
368,1712304832.1959,261953515.3195356,7.8,2.791330637835571e-07,8.036,BID
369,1712304832.1975358,262402390.5264019,7.79,9.285819237272062e-05,8.036,BID
370,1712304832.199222,262413510.19530565,7.803,2.3003105058815416e-06,8.036,BID
371,1712304839.3708513,262477593.00056028,7.79,1.3256721171261495e-05,8.036,BID
372,1712304840.3010275,262477593.00056028,7.79,0.0,8.036,BID
373,1712304870.3553956,262477593.00056028,7.79,0.0,8.036,BID
374,1712304893.5508518,262503241.28039983,7.79,5.299287168293252e-06,8.036,BID
375,1712304900.3635645,262503241.28039983,7.79,0.0,8.036,BID
376,1712304904.8133552,262534710.5094044,7.79,6.518879424770697e-06,8.036,BID
377,1712304904.910961,262700930.6257148,7.79,-3.443264835128677e-05,8.036,ASK
378,1712304930.328113,262700930.6257148,7.79,-0.0,8.036,ASK
379,1712304950.177323,262707232.88264257,7.765,-1.305101913839952e-06,8.036,ASK
380,1712304960.44067,262707232.88264257,7.765,-0.0,8.036,ASK
381,1712304990.450699,262707232.88264257,7.765,-0.0,8.036,ASK
382,1712305020.3275125,262707232.88264257,7.765,-0.0,8.036,ASK
383,1712305050.316476,262707232.88264257,7.765,-0.0,8.036,ASK
384,1712305080.483575,262707232.88264257,7.765,-0.0,8.036,ASK
385,1712305110.45059,262707232.88264257,7.765,-0.0,8.036,ASK
386,1712305126.7608588,262713535.1395703,7.769,-1.3050886879131557e-06,8.036,ASK
387,1712305140.3213542,262713535.1395703,7.769,-0.0,8.036,ASK
388,1712305170.3105872,262713535.1395703,7.769,-0.0,8.036,ASK
389,1712305200.4306643,262713535.1395703,7.769,-0.0,8.036,ASK
390,1712305230.2943714,262713535.1395703,7.769,-0.0,8.036,ASK
391,1712305249.1638038,262719175.45488563,7.767,-1.1771615836320598e-06,8.036,ASK
392,1712305260.446705,262719175.45488563,7.767,-0.0,8.036,ASK
393,1712305290.4608798,262719175.45488563,7.767,-0.0,8.036,ASK
394,1712305307.7006867,262719818.771081,7.783,-1.3426203060563596e-07,8.036,ASK
395,1712305307.7031088,262720421.3769377,7.783,-1.257656601094011e-07,8.036,ASK
396,1712305320.320787,262720421.3769377,7.783,-0.0,8.036,ASK
397,1712305350.331376,262720421.3769377,7.783,-0.0,8.036,ASK
398,1712305356.57126,262733228.75398684,7.808,2.6729328155179543e-06,8.036,BID
399,1712305356.5738342,262734512.1215869,7.808,2.678421474829766e-07,8.036,BID
400,1712305356.576059,262735153.1215869,7.81,1.3377836290507197e-07,8.036,BID
401,1712305380.4223857,262735153.1215869,7.81,0.0,8.036,BID
402,1712305410.292015,262735153.1215869,7.81,0.0,8.036,BID
403,1712305440.4657717,262735153.1215869,7.81,0.0,8.036,BID
404,1712305452.1521163,262735153.1215869,7.815,1.8659018054204e-17,8.036,BID
405,1712305452.1552513,262808477.147216,7.815,1.5302547009815225e-05,8.036,BID
406,1712305453.7744174,262834052.5947863,7.82,5.337534121799496e-06,8.036,BID
407,1712305453.776514,262846843.5899257,7.818,2.6694497846272342e-06,8.036,BID
408,1712305453.7782743,262873059.03749493,7.82,5.471100575426948e-06,8.036,BID
409,1712305453.7896998,262873059.0374961,7.82,2.3634756201991733e-16,8.036,BID
410,1712305453.8114254,262874603.97931084,7.821,3.2242562441577974e-07,8.036,BID
411,1712305470.4617822,262874603.97931084,7.821,0.0,8.036,BID
412,1712305500.2916453,262874603.97931084,7.821,0.0,8.036,BID
413,1712305530.331672,262874603.97931084,7.821,0.0,8.036,BID
414,1712305536.121977,262892848.8084817,7.828,3.838284477430239e-06,8.036,BID
415,1712305536.1262228,262905713.85415256,7.829,2.7065041079694826e-06,8.036,BID
416,1712305536.130345,262906538.76279795,7.83,1.7354144668931537e-07,8.036,BID
417,1712305557.8824587,262919306.8935436,7.832,2.686115478965304e-06,8.036,BID
418,1712305557.9052582,262957616.17716,7.832,8.059375468498468e-06,8.036,BID
419,1712305557.9070742,262995925.4607764,7.833,8.059375468498468e-06,8.036,BID
420,1712305557.908862,262996378.1217351,7.83,9.522925729135025e-08,8.036,BID
421,1712305557.910682,262997039.86357024,7.832,1.3921497374024957e-07,8.036,BID
422,1712305557.9125028,263034252.6836153,7.834,7.828705229465937e-06,8.036,BID
423,1712305560.461931,263034252.6836153,7.834,0.0,8.036,BID
424,1712305590.4531684,263034252.6836153,7.834,0.0,8.036,BID
425,1712305620.3620002,263034252.6836153,7.834,0.0,8.036,BID
426,1712305629.1053252,263035349.14718664,7.834,2.306095776517857e-07,8.036,BID
427,1712305629.109603,263049252.6836153,7.834,2.9242090184186844e-06,8.036,BID
428,1712305650.3345368,263049252.6836153,7.834,0.0,8.036,BID
429,1712305680.461964,263049252.6836153,7.834,0.0,8.036,BID
430,1712305710.454114,263049252.6836153,7.834,0.0,8.036,BID
431,1712305740.29301,263049252.6836153,7.834,0.0,8.036,BID
432,1712305770.3324282,263049252.6836153,7.834,0.0,8.036,BID
433,1712305793.010397,263112645.29343456,7.81,-1.3332482777119689e-05,8.036,ASK
434,1712305793.0123992,263113295.29343456,7.81,-1.3670542717574644e-07,8.036,ASK
435,1712305800.3970847,263113295.29343456,7.81,-0.0,8.036,ASK
436,1712305810.4524145,263202291.1404816,7.81,-1.872986981343439e-05,8.036,ASK
437,1712305810.5354908,263443321.55956703,7.81,-5.072673074470872e-05,8.036,ASK
438,1712305810.623618,263469649.8226679,7.81,-5.540988221986757e-06,8.036,ASK
439,1712305810.7122874,263587939.81101832,7.81,-2.489505022483472e-05,8.036,ASK
440,1712305810.8009615,263600748.82856667,7.807,-2.6957576008239484e-06,8.036,ASK
441,1712305810.8041854,263704209.0645728,7.807,-2.1774013232768697e-05,8.036,ASK
442,1712305811.5324187,263816325.84478608,7.807,-2.359585044667974e-05,8.036,ASK
443,1712305812.6858752,263958418.2919314,7.807,-2.9904463239721373e-05,8.036,ASK
444,1712305820.172686,264119456.39193133,7.807,-3.389172358133496e-05,8.036,ASK
445,1712305830.3244455,264119456.39193133,7.807,-0.0,8.036,ASK
446,1712305832.4191046,264119456.39869604,7.807,-1.4213232909309226e-12,8.036,ASK
447,1712305832.4223697,264183469.47193137,7.807,-1.344981148696481e-05,8.036,ASK
448,1712305860.4930253,264183469.47193137,7.807,-0.0,8.036,ASK
449,1712305890.462874,264183469.47193137,7.807,-0.0,8.036,ASK
450,1712305920.2928746,264183469.47193137,7.807,-0.0,8.036,ASK
451,1712305950.3430057,264183469.47193137,7.807,-0.0,8.036,ASK
452,1712305980.3631575,264183469.47193137,7.807,-0.0,8.036,ASK
453,1712306010.3052597,264183469.47193137,7.807,-0.0,8.036,ASK
454,1712306016.4931612,264248469.47193137,7.806,1.3655741160285614e-05,8.036,BID
455,1712306022.133149,264299707.1727531,7.808,1.0764442770302533e-05,8.036,BID
456,1712306040.473021,264299707.1727531,7.808,0.0,8.036,BID
457,1712306062.0445988,264312512.90972325,7.809,2.6898230347863223e-06,8.036,BID
458,1712306070.471286,264312512.90972325,7.809,0.0,8.036,BID
459,1712306100.3369377,264312512.90972325,7.809,0.0,8.036,BID
460,1712306130.2965958,264312512.90972325,7.809,0.0,8.036,BID
461,1712306160.4426455,264312512.90972325,7.809,0.0,8.036,BID
462,1712306190.4634476,264312512.90972325,7.809,0.0,8.036,BID
463,1712306207.232935,264402512.90972325,7.807,1.8948634519116945e-05,8.036,BID
464,1712306211.0352533,264469501.3101489,7.783,-1.4103763518730687e-05,8.036,ASK
465,1712306211.042196,264469598.7042922,7.783,-2.0505400288263843e-08,8.036,ASK
466,1712306220.3164966,264469598.7042922,7.783,-0.0,8.036,ASK
467,1712306222.202973,264767980.82205352,7.783,-6.280529047068097e-05,8.036,ASK
468,1712306239.2751849,264787873.1523344,7.783,-4.187059166964021e-06,8.036,ASK
469,1712306250.3227022,264787873.1523344,7.783,-0.0,8.036,ASK
470,1712306280.462744,264787873.1523344,7.783,-0.0,8.036,ASK
471,1712306310.4782035,264787873.1523344,7.783,-0.0,8.036,ASK
472,1712306321.972787,264887873.1523344,7.783,-2.103764167805708e-05,8.036,ASK
473,1712306340.3056464,264887873.1523344,7.783,-0.0,8.036,ASK
474,1712306357.2428622,264888517.11318943,7.775,-1.3545199885959257e-07,8.036,ASK
475,1712306366.0127957,264889786.4192513,7.775,-2.669883455046112e-07,8.036,ASK
476,1712306366.1143477,264988517.11318943,7.775,2.0767209277902804e-05,8.036,BID
477,1712306367.9828677,264989161.32290217,7.771,-1.3550434408770753e-07,8.036,ASK
478,1712306370.2955186,264989161.32290217,7.771,-0.0,8.036,ASK
479,1712306400.39213,264989161.32290217,7.771,-0.0,8.036,ASK
480,1712306430.2982175,264989161.32290217,7.771,-0.0,8.036,ASK
481,1712306449.7329955,265011504.91398725,7.771,-4.70329278085082e-06,8.036,ASK
482,1712306449.7374804,265151149.22215468,7.771,-2.939491973290946e-05,8.036,ASK
483,1712306460.4626837,265151149.22215468,7.771,-0.0,8.036,ASK
484,1712306463.102613,265180472.3856181,7.771,-6.170847279696222e-06,8.036,ASK
485,1712306464.652781,265272979.8651653,7.771,-1.9467528775624823e-05,8.036,ASK
486,1712306464.6563592,265349439.9767537,7.771,-1.609047646546213e-05,8.036,ASK
487,1712306471.037433,265516888.5840417,7.771,-3.523834609667488e-05,8.036,ASK
488,1712306490.4826992,265516888.5840417,7.771,-0.0,8.036,ASK
489,1712306504.8128023,265533619.6007718,7.771,-3.518816593668538e-06,8.036,ASK
490,1712306504.816393,265533619.6007727,7.771,-1.8803801628926235e-16,8.036,ASK
491,1712306520.3439145,265533619.6007727,7.771,-0.0,8.036,ASK
492,1712306528.0069351,265533619.6007736,7.771,-1.8803287458225084e-16,8.036,ASK
493,1712306528.0114682,265546426.9778228,7.77,-2.693534965818588e-06,8.036,ASK
494,1712306528.0159523,265585046.9572237,7.768,-8.122214603050472e-06,8.036,ASK
495,1712306533.242663,265585046.95722544,7.768,-3.635302241923516e-16,8.036,ASK
496,1712306533.2453642,265764303.7286227,7.767,-3.769970851676224e-05,8.036,ASK
497,1712306550.2841794,265764303.7286227,7.767,-0.0,8.036,ASK
498,1712306550.5958328,266088692.1057457,7.767,-6.819681314691377e-05,8.036,ASK
499,1712306550.5979698,266141711.20267448,7.767,-1.1146310106847088e-05,8.036,ASK
500,1712306571.0128186,266215035.2283055,7.766,-1.5415055617857468e-05,8.036,ASK
501,1712306580.3873827,266215035.2283055,7.766,-0.0,8.036,ASK
502,1712306582.875284,266239964.33749548,7.766,-5.237041851303622e-06,8.036,ASK
503,1712306597.1329048,266593656.2194141,7.766,-7.430266256037059e-05,8.036,ASK
504,1712306597.1376698,266619409.5029575,7.766,-5.41018223705046e-06,8.036,ASK
505,1712306605.6473465,266620054.7057907,7.765,-1.35542518359775e-07,8.036,ASK
506,1712306605.6504805,266645811.3059195,7.765,-5.410878976613986e-06,8.036,ASK
507,1712306605.6525447,266645811.30591977,7.766,-5.634714324480647e-17,8.036,ASK
508,1712306605.657759,266672242.1623203,7.765,-5.552524965108413e-06,8.036,ASK
509,1712306610.3092625,266672242.1623203,7.765,-0.0,8.036,ASK
510,1712306610.655707,266872193.0542439,7.765,4.197385028887884e-05,8.036,BID
511,1712306610.802723,266961301.60390547,7.765,1.8705737628733093e-05,8.036,BID
512,1712306610.904997,267053126.87764207,7.765,1.9276034507664365e-05,8.036,BID
513,1712306611.0027416,267171607.2382346,7.765,2.487149154394043e-05,8.036,BID
514,1712306621.3629284,267257867.33115697,7.765,1.8107787324155688e-05,8.036,BID
515,1712306621.4227166,267381866.2147329,7.765,2.6029944278472625e-05,8.036,BID
516,1712306621.4426148,267686651.4323481,7.765,6.398075533133129e-05,8.036,BID
517,1712306621.5127432,267785012.34346023,7.765,2.0648000704477363e-05,8.036,BID
518,1712306640.454514,267785012.34346023,7.765,0.0,8.036,BID
519,1712306670.4625878,267785012.34346023,7.765,0.0,8.036,BID
520,1712306700.3725731,267785012.34346023,7.765,0.0,8.036,BID
521,1712306730.3125904,267785012.34346023,7.765,0.0,8.036,BID
522,1712306760.466766,267785012.34346023,7.765,0.0,8.036,BID
523,1712306765.0429397,267862311.62041524,7.765,-1.6202168116611407e-05,8.036,ASK
524,1712306765.122672,267900951.49676764,7.764,-8.099037886619365e-06,8.036,ASK
525,1712306765.127554,267900951.49676785,7.765,-4.372661422311709e-17,8.036,ASK
526,1712306790.470421,267900951.49676785,7.765,-0.0,8.036,ASK
527,1712306798.3345098,267985707.25076684,7.763,-1.7761717351841582e-05,8.036,ASK
528,1712306820.3224804,267985707.25076684,7.763,-0.0,8.036,ASK
529,1712306850.3425183,267985707.25076684,7.763,-0.0,8.036,ASK
530,1712306870.9925685,268061807.25076684,7.764,-1.5945588103544647e-05,8.036,ASK
531,1712306880.4724972,268061807.25076684,7.764,-0.0,8.036,ASK
532,1712306910.4443252,268061807.25076684,7.764,-0.0,8.036,ASK
533,1712306938.662569,268074670.64155668,7.774,2.694992652059348e-06,8.036,BID
534,1712306938.6674275,268087547.2833285,7.776,2.697768848450308e-06,8.036,BID
535,1712306940.338101,268087547.2833285,7.776,0.0,8.036,BID
536,1712306943.627753,268088187.1246796,7.796,1.3404672766776358e-07,8.036,BID
537,1712306965.0625176,268090352.97896385,7.796,4.537463527918458e-07,8.036,BID
538,1712306970.3313537,268090352.97896385,7.796,0.0,8.036,BID
539,1712306981.8326154,268116131.45823804,7.79,5.400565234799977e-06,8.036,BID
540,1712306981.8375409,268603436.6115959,7.79,0.0001020899348626,8.036,BID
541,1712307000.3399334,268603436.6115959,7.79,0.0,8.036,BID
542,1712307030.3114796,268603436.6115959,7.79,0.0,8.036,BID
543,1712307041.4226866,268608554.63427234,7.767,-1.074243937997517e-06,8.036,ASK
544,1712307046.1442156,268616311.5955013,7.767,-1.6281421760614542e-06,8.036,ASK
545,1712307046.282627,268956667.83364546,7.766,-7.143884439421632e-05,8.036,ASK
546,1712307046.28758,268956667.8336463,7.767,-1.7514947729764822e-16,8.036,ASK
547,1712307046.4023926,269187796.1339433,7.766,-4.8512519617827945e-05,8.036,ASK
548,1712307046.5084362,269226431.0341359,7.765,-8.109246470967459e-06,8.036,ASK
549,1712307046.5110776,269226431.0341363,7.766,-8.757473864882411e-17,8.036,ASK
550,1712307046.5881684,269226431.0341369,7.765,-1.2510676949832015e-16,8.036,ASK
551,1712307046.592064,269675471.3612873,7.764,-9.425101838279976e-05,8.036,ASK
552,1712307060.4548,269675471.3612873,7.764,-0.0,8.036,ASK
553,1712307065.2624717,269675471.3612879,7.764,-1.2488855610390166e-16,8.036,ASK
554,1712307065.2669208,269688348.00305915,7.763,-2.69801993508974e-06,8.036,ASK
555,1712307065.4785993,269970854.3530592,7.763,-5.919305496180644e-05,8.036,ASK
556,1712307071.115466,270040971.3530592,7.763,-1.4691490774478632e-05,8.036,ASK
557,1712307076.3426676,270041615.81182206,7.76,-1.3503230271466629e-07,8.036,ASK
558,1712307076.3477087,270093743.16536903,7.763,-1.0922152027802092e-05,8.036,ASK
559,1712307076.3525686,270094388.7007382,7.761,-1.352578821196193e-07,8.036,ASK
560,1712307076.3572278,270099154.8993727,7.763,-9.986531549861924e-07,8.036,ASK
561,1712307090.4522965,270099154.8993727,7.763,-0.0,8.036,ASK
562,1712307120.324692,270099154.8993727,7.763,-0.0,8.036,ASK
563,1712307124.6635342,270176162.6405765,7.759,-1.6124183600557826e-05,8.036,ASK
564,1712307124.668605,270189050.8993727,7.759,-2.698594295497424e-06,8.036,ASK
565,1712307134.0406876,270457985.4892067,7.759,-5.631058170565571e-05,8.036,ASK
566,1712307134.045526,270669458.44306785,7.758,-4.427903846168543e-05,8.036,ASK
567,1712307134.0478475,270864552.4632964,7.759,-4.0849552945746016e-05,8.036,ASK
568,1712307134.6387525,271107508.4732964,7.758,-5.087108452813916e-05,8.036,ASK
569,1712307137.5424614,272366260.6316776,7.758,-0.0002635624755649,8.036,ASK
570,1712307141.1223269,272423743.67555904,7.758,-1.2036025716052094e-05,8.036,ASK
571,1712307144.5526233,272604821.67555904,7.758,-3.791482352787546e-05,8.036,ASK
572,1712307150.3320968,272604821.67555904,7.758,-0.0,8.036,ASK
573,1712307180.4704487,272604821.67555904,7.758,-0.0,8.036,ASK
574,1712307182.832564,272610933.4167628,7.758,-1.274512723129217e-06,8.036,ASK
575,1712307182.8379674,272623821.67555904,7.759,-2.687654674348043e-06,8.036,ASK
576,1712307194.733355,272636709.93435526,7.759,-2.687654674348043e-06,8.036,ASK
577,1712307200.812484,272636723.48510206,7.759,2.8258066935024607e-09,8.036,BID
578,1712307209.2154047,272730692.48510206,7.759,-1.9595837272291613e-05,8.036,ASK
579,1712307210.46276,272730692.48510206,7.759,-0.0,8.036,ASK
580,1712307239.4925478,272740991.45932627,7.76,-2.147260576762296e-06,8.036,ASK
581,1712307239.4981594,272759897.16737574,7.759,-3.941701443915646e-06,8.036,ASK
582,1712307239.6324642,273070878.36275685,7.759,6.483729800843298e-05,8.036,BID
583,1712307240.313758,273070878.36275685,7.759,0.0,8.036,BID
584,1712307248.4876528,273225813.6368842,7.759,3.2285101010449015e-05,8.036,BID
585,1712307248.5623865,273897199.8247692,7.759,0.0001399021043785,8.036,BID
586,1712307248.567468,273897199.8247695,7.759,6.210148037959122e-17,8.036,BID
587,1712307270.335551,273897199.8247695,7.759,0.0,8.036,BID
588,1712307300.3236802,273897199.8247695,7.759,0.0,8.036,BID
589,1712307330.313645,273897199.8247695,7.759,0.0,8.036,BID
590,1712307360.4629407,273897199.8247695,7.759,0.0,8.036,BID
591,1712307390.4626577,273897199.8247695,7.759,0.0,8.036,BID
592,1712307420.3028333,273897199.8247695,7.759,0.0,8.036,BID
593,1712307428.4630024,273903643.9541676,7.759,-1.3422505530557309e-06,8.036,ASK
594,1712307428.4682636,274033164.6971857,7.759,-2.697793265903016e-05,8.036,ASK
595,1712307428.4733825,274047341.78186154,7.759,-2.9529512167250907e-06,8.036,ASK
596,1712307446.0696833,274060095.25718355,7.758,-2.6564269968531737e-06,8.036,ASK
597,1712307450.3074229,274060095.25718355,7.758,-0.0,8.036,ASK
598,1712307452.522874,274120022.4671836,7.758,-1.2478979811806884e-05,8.036,ASK
599,1712307480.4545667,274120022.4671836,7.758,-0.0,8.036,ASK
600,1712307497.2557817,274126467.4272248,7.758,-1.3419403431123949e-06,8.036,ASK
601,1712307497.261118,274145792.6544719,7.758,-4.023811151157242e-06,8.036,ASK
602,1712307510.453019,274145792.6544719,7.758,-0.0,8.036,ASK
603,1712307540.326964,274145792.6544719,7.758,-0.0,8.036,ASK
604,1712307542.103367,274146473.1484719,7.757,-1.4168347578768692e-07,8.036,ASK
605,1712307542.10873,274171474.19214225,7.756,-5.205387212001852e-06,8.036,ASK
606,1712307570.3386955,274171474.19214225,7.756,-0.0,8.036,ASK
607,1712307600.3947763,274171474.19214225,7.756,-0.0,8.036,ASK
608,1712307606.7732933,274371474.19214225,7.78,4.167968302535084e-05,8.036,BID
609,1712307630.313382,274371474.19214225,7.78,0.0,8.036,BID
610,1712307630.3519056,274435680.6188775,7.78,1.3376180106285356e-05,8.036,BID
611,1712307631.7435114,274437141.07117057,7.779,3.0425728236951213e-07,8.036,BID
612,1712307660.4532976,274437141.07117057,7.779,0.0,8.036,BID
613,1712307669.5734055,274462904.4930375,7.756,-5.3667446354900365e-06,8.036,ASK
614,1712307669.5779502,274463651.27684593,7.756,-1.555615561610188e-07,8.036,ASK
615,1712307669.5833268,274504194.7372056,7.756,-8.445555078549573e-06,8.036,ASK
616,1712307685.3135848,274530603.0268656,7.755,-5.501076200101363e-06,8.036,ASK
617,1712307685.3193333,274581290.2533801,7.756,-1.0558589708674724e-05,8.036,ASK
618,1712307689.5570672,274658087.5020302,7.778,1.5997534191754382e-05,8.036,BID
619,1712307690.4632618,274658087.5020302,7.778,0.0,8.036,BID
620,1712307712.1235042,274676816.09395367,7.778,-3.899934919670663e-06,8.036,ASK
621,1712307712.1433454,274680259.0628427,7.778,-7.169441596378173e-07,8.036,ASK
622,1712307720.2989936,274680259.0628427,7.778,-0.0,8.036,ASK
623,1712307720.535418,274680259.06284326,7.778,-1.1170156325630066e-16,8.036,ASK
624,1712307720.5380275,274700212.35417724,7.778,-4.15481012430064e-06,8.036,ASK
625,1712307736.640293,274705754.35417724,7.778,-1.1539929590297254e-06,8.036,ASK
626,1712307736.7234323,274707825.28723246,7.778,-4.312237755951184e-07,8.036,ASK
627,1712307750.2952054,274707825.28723246,7.778,-0.0,8.036,ASK
628,1712307780.4333963,274707825.28723246,7.778,-0.0,8.036,ASK
629,1712307810.4635334,274707825.28723246,7.778,-0.0,8.036,ASK
630,1712307840.3153152,274707825.28723246,7.778,-0.0,8.036,ASK
631,1712307870.3236415,274707825.28723246,7.778,-0.0,8.036,ASK
632,1712307900.45847,274707825.28723246,7.778,-0.0,8.036,ASK
633,1712307910.5839398,274745883.2172733,7.755,-7.927342272028774e-06,8.036,ASK
634,1712307910.5944157,274759424.15860146,7.755,-2.820533762048192e-06,8.036,ASK
635,1712307910.6438832,274785217.29762644,7.754,-5.372626443466171e-06,8.036,ASK
636,1712307910.6481092,274800693.1810415,7.754,-3.2235758660921176e-06,8.036,ASK
637,1712307910.652352,274810693.1810415,7.753,-2.082967272135584e-06,8.036,ASK
638,1712307910.655591,274965636.4610621,7.753,-3.227417813202378e-05,8.036,ASK
639,1712307930.444479,274965636.4610621,7.753,-0.0,8.036,ASK
640,1712307941.447056,274967711.2652697,7.753,-4.319950538226424e-07,8.036,ASK
641,1712307941.449684,275146770.4610621,7.753,-3.7281921175774885e-05,8.036,ASK
642,1712307951.2569098,275155018.5639984,7.753,-1.7173377896681523e-06,8.036,ASK
643,1712307959.6138926,275219509.72870886,7.753,-1.3427707572512857e-05,8.036,ASK
644,1712307960.3325975,275219509.72870886,7.753,-0.0,8.036,ASK
645,1712307978.0438612,275285061.72870886,7.753,-1.3642993013410131e-05,8.036,ASK
646,1712307984.0938308,275484014.49870884,7.753,-4.140699370131091e-05,8.036,ASK
647,1712307990.3103905,275484014.49870884,7.753,-0.0,8.036,ASK
648,1712307990.7137897,275500122.49870884,7.753,-3.351043092182512e-06,8.036,ASK
649,1712307993.6079268,275502337.0044953,7.753,-4.606968163879466e-07,8.036,ASK
650,1712308003.3437452,275572866.0044953,7.753,-1.4672567559507102e-05,8.036,ASK
651,1712308020.4654005,275572866.0044953,7.753,-0.0,8.036,ASK
652,1712308023.283937,275649663.2531454,7.753,-1.597429936774528e-05,8.036,ASK
653,1712308028.4195771,275750349.2531454,7.753,-2.0943306360744884e-05,8.036,ASK
654,1712308029.3838167,275827000.54180515,7.76,1.5943938793348272e-05,8.036,BID
655,1712308036.1740131,275898676.6289741,7.753,-1.4909066328172712e-05,8.036,ASK
656,1712308050.473865,275898676.6289741,7.753,-0.0,8.036,ASK
657,1712308052.907195,275899450.5229497,7.753,-1.6089014603064209e-07,8.036,ASK
658,1712308052.9098752,276045136.44790506,7.753,-3.028764983218307e-05,8.036,ASK
659,1712308053.04537,276045136.447906,7.753,-1.98265918674766e-16,8.036,ASK
660,1712308054.7239416,276072180.36741066,7.752,-5.622346594547783e-06,8.036,ASK
661,1712308054.7402115,276129743.447906,7.752,-1.1967185064990145e-05,8.036,ASK
662,1712308063.7839632,276219519.61457264,7.752,-1.86641853020978e-05,8.036,ASK
663,1712308063.9031706,276231698.4964096,7.752,-2.5319515837793227e-06,8.036,ASK
664,1712308063.905925,276232344.78123933,7.752,-1.3436060223995838e-07,8.036,ASK
665,1712308065.1472511,276245144.78123933,7.751,-2.661080114435986e-06,8.036,ASK
666,1712308065.2163756,276258147.9034171,7.751,-2.7033085822555503e-06,8.036,ASK
667,1712308065.2190733,276296852.5866837,7.751,-8.04658304503111e-06,8.036,ASK
668,1712308065.3042006,276303303.3672282,7.751,-1.341097174175982e-06,8.036,ASK
669,1712308065.3069186,276436456.1212393,7.75,-2.7682042646977364e-05,8.036,ASK
670,1712308065.968257,276470156.1212393,7.75,-7.006124988788495e-06,8.036,ASK
671,1712308067.2588627,276564956.1212393,7.75,-1.970862459754152e-05,8.036,ASK
672,1712308068.5315576,276600850.1212393,7.75,-7.462250752153538e-06,8.036,ASK
673,1712308068.5982206,276745350.1212393,7.75,-3.0041099729375e-05,8.036,ASK
674,1712308068.828604,276942626.43819594,7.75,-4.1013131570506526e-05,8.036,ASK
675,1712308068.8313546,276996351.30223715,7.75,-1.1169231824284285e-05,8.036,ASK
676,1712308070.1154535,277076551.30223715,7.75,-1.6673330092012976e-05,8.036,ASK
677,1712308070.3038113,277081327.3445761,7.747,-9.92924319838303e-07,8.036,ASK
678,1712308070.3139963,277093566.71680385,7.75,-2.544527347530315e-06,8.036,ASK
679,1712308070.318532,277094213.58575153,7.745,-1.3448203854141094e-07,8.036,ASK
680,1712308070.323032,277095505.2416544,7.742,-2.6853123732823344e-07,8.036,ASK
681,1712308070.32715,277224537.4997189,7.75,-2.6825404379393423e-05,8.036,ASK
682,1712308070.3297586,277237449.05556136,7.745,-2.68427222646859e-06,8.036,ASK
683,1712308070.3324142,277261111.6122372,7.741,-4.9193717989581165e-06,8.036,ASK
684,1712308073.2651849,277274031.508878,7.74,-2.686006252460949e-06,8.036,ASK
685,1712308073.271552,277290415.4578216,7.741,-3.406171932014707e-06,8.036,ASK
686,1712308073.2742782,277291707.4474857,7.74,-2.6860062524485573e-07,8.036,ASK
687,1712308073.276972,277420777.2794948,7.74,-2.6833215885386582e-05,8.036,ASK
688,1712308073.2797673,277434431.69049525,7.737,-2.83870949904222e-06,8.036,ASK
689,1712308073.2824624,277435082.63849527,7.741,-1.353300608100527e-07,8.036,ASK
690,1712308073.285173,277442302.27673817,7.74,-1.5009402938752923e-06,8.036,ASK
691,1712308073.287914,277528226.8073612,7.737,-1.786344217055946e-05,8.036,ASK
692,1712308073.3031764,277566552.45169103,7.737,-7.967782031179628e-06,8.036,ASK
693,1712308076.2780454,277585715.273856,7.737,-3.98389101559601e-06,8.036,ASK
694,1712308080.2837834,277585715.273856,7.737,-0.0,8.036,ASK
695,1712308105.076004,277604878.09602094,7.737,-3.973094095516125e-06,8.036,ASK
696,1712308108.714221,277764167.6379893,7.737,-3.302605081987215e-05,8.036,ASK
697,1712308108.7201557,277777092.53602093,7.737,-2.679763743183025e-06,8.036,ASK
698,1712308110.4036984,277777092.53602093,7.737,-0.0,8.036,ASK
699,1712308119.6573555,277782333.53602093,7.746,1.0863011392450628e-06,8.036,BID
700,1712308119.6623187,277783453.0937852,7.747,2.3205053898126282e-07,8.036,BID
701,1712308139.5343874,277784100.7990212,7.735,-1.3424974923035216e-07,8.036,ASK
702,1712308139.540453,277797029.04724354,7.735,-2.6796357131049283e-06,8.036,ASK
703,1712308139.545503,277848726.7346542,7.737,-1.0715370488556971e-05,8.036,ASK
704,1712308139.5501018,278001741.2514981,7.733,-3.1715291732222415e-05,8.036,ASK
705,1712308140.4579575,278001741.2514981,7.733,-0.0,8.036,ASK
706,1712308161.8649092,278016520.4782993,7.733,-3.062184909075446e-06,8.036,ASK
707,1712308161.8696446,278030805.2130988,7.73,-2.959728538003494e-06,8.036,ASK
708,1712308161.872767,278035592.9977779,7.728,-9.920060223244308e-07,8.036,ASK
709,1712308161.875668,278036292.9977779,7.733,-1.450366426595714e-07,8.036,ASK
710,1712308161.8783438,278061560.23444945,7.728,-5.235250251612678e-06,8.036,ASK
711,1712308170.4438312,278061560.23444945,7.728,-0.0,8.036,ASK
712,1712308200.4003658,278061560.23444945,7.728,-0.0,8.036,ASK
713,1712308230.3789756,278061560.23444945,7.728,-0.0,8.036,ASK
714,1712308234.4142487,278066464.0184494,7.729,-1.0202368837000063e-06,8.036,ASK
715,1712308238.793972,278074491.0184494,7.729,-1.670024916573445e-06,8.036,ASK
716,1712308244.174452,278074498.5188329,7.729,-1.5604618565655087e-09,8.036,ASK
717,1712308244.177356,278108291.0184494,7.729,-7.030561399384551e-06,8.036,ASK
718,1712308245.4444268,278139189.0184494,7.729,-6.4283580256990536e-06,8.036,ASK
719,1712308260.4644938,278139189.0184494,7.729,-0.0,8.036,ASK
720,1712308272.3586578,278139189.9407504,7.729,-1.9186162897027563e-10,8.036,ASK
721,1712308272.941172,278142937.8017149,7.721,-7.796486837266617e-07,8.036,ASK
722,1712308277.582496,278154045.4621704,7.726,2.3106707893730087e-06,8.036,BID
723,1712308285.9246206,278205138.02705485,7.728,1.0628529536535628e-05,8.036,BID
724,1712308290.464391,278205138.02705485,7.728,0.0,8.036,BID
725,1712308311.2644978,278553456.0912138,7.734,7.245117601666758e-05,8.036,BID
726,1712308311.2846415,278767906.80587184,7.734,4.460637581947846e-05,8.036,BID
727,1712308311.29058,279200508.28087187,7.734,8.99823719621722e-05,8.036,BID
728,1712308311.2954278,280018875.32389784,7.734,0.0001702227383,8.036,BID
729,1712308311.3647506,280233326.03855586,7.735,4.460637581947846e-05,8.036,BID
730,1712308311.3714476,280574756.68210256,7.734,7.101857238674773e-05,8.036,BID
731,1712308311.375926,280665927.5135558,7.735,1.896379957541207e-05,8.036,BID
732,1712308311.3893492,280707401.03536886,7.737,8.62661382826208e-06,8.036,BID
733,1712308311.3943148,280801779.48925763,7.737,1.9630994422832016e-05,8.036,BID
734,1712308320.3259146,280801779.48925763,7.737,0.0,8.036,BID
735,1712308339.7546062,280835048.62059164,7.736,6.891289546437237e-06,8.036,BID
736,1712308339.8146102,280837633.9360001,7.736,5.355161476791899e-07,8.036,BID
737,1712308349.114627,280841398.9962411,7.737,7.798857150766014e-07,8.036,BID
738,1712308349.1208856,280850557.65854603,7.738,1.8971037496507311e-06,8.036,BID
739,1712308350.3212135,280850557.65854603,7.738,0.0,8.036,BID
740,1712308355.7747023,281038813.696146,7.728,-3.899186456141974e-05,8.036,ASK
741,1712308355.7798235,281074807.06157887,7.722,-7.454998245792503e-06,8.036,ASK
742,1712308380.4563174,281074807.06157887,7.722,-0.0,8.036,ASK
743,1712308410.438424,281074807.06157887,7.722,-0.0,8.036,ASK
744,1712308421.1645386,281279591.8033119,7.736,4.240009657152096e-05,8.036,BID
745,1712308421.1849103,281279591.8033122,7.736,6.170485831123649e-17,8.036,BID
746,1712308438.806724,281280884.4610164,7.742,2.67641090003198e-07,8.036,BID
747,1712308440.3196151,281280884.4610164,7.742,0.0,8.036,BID
748,1712308470.372232,281280884.4610164,7.742,0.0,8.036,BID
749,1712308500.3265631,281280884.4610164,7.742,0.0,8.036,BID
750,1712308509.1747231,281282176.1169193,7.742,2.675526679159048e-07,8.036,BID
751,1712308512.3448844,281283176.1169193,7.74,-2.0713927550128368e-07,8.036,ASK
752,1712308512.3511195,281307598.50910926,7.74,-5.058836624240572e-06,8.036,ASK
753,1712308530.3393185,281307598.50910926,7.74,-0.0,8.036,ASK
754,1712308530.4780624,281317930.75453085,7.742,2.140122169397851e-06,8.036,BID
755,1712308560.3139591,281317930.75453085,7.742,0.0,8.036,BID
756,1712308590.3242583,281317930.75453085,7.742,0.0,8.036,BID
757,1712308620.4539833,281317930.75453085,7.742,0.0,8.036,BID
758,1712308644.0170226,281414001.1011137,7.722,-1.9898760010303696e-05,8.036,ASK
759,1712308644.027105,281416857.7745308,7.722,-5.916941155894698e-07,8.036,ASK
760,1712308648.5941432,281429430.7745308,7.722,-2.604207422046115e-06,8.036,ASK
761,1712308650.462838,281429430.7745308,7.722,-0.0,8.036,ASK
762,1712308652.57434,281450439.7745308,7.727,4.350754659480115e-06,8.036,BID
763,1712308652.5808177,281491457.2745308,7.729,8.494315733505908e-06,8.036,BID
764,1712308652.5849042,281551888.2745308,7.724,1.2514658233473408e-05,8.036,BID
765,1712308654.054098,281601888.2745308,7.722,-1.0354502021705258e-05,8.036,ASK
766,1712308654.5843246,281651088.2745308,7.722,-1.0188829989357971e-05,8.036,ASK
767,1712308671.5243373,281652383.27583086,7.722,-2.681818715868618e-07,8.036,ASK
768,1712308671.531103,281823983.2042435,7.722,-3.553663611345825e-05,8.036,ASK
769,1712308671.537599,281832431.4788821,7.721,-1.74955353650469e-06,8.036,ASK
770,1712308671.5411143,281833080.2745308,7.722,-1.343591171338634e-07,8.036,ASK
771,1712308680.3049686,281833080.2745308,7.722,-0.0,8.036,ASK
772,1712308710.3183177,281833080.2745308,7.722,-0.0,8.036,ASK
773,1712308740.464113,281833080.2745308,7.722,-0.0,8.036,ASK
774,1712308746.9044862,281833835.8291234,7.721,-1.563668806153415e-07,8.036,ASK
775,1712308746.9099898,281875945.2745308,7.721,-8.7148204613302e-06,8.036,ASK
776,1712308770.454002,281875945.2745308,7.721,-0.0,8.036,ASK
777,1712308771.314281,282045548.3901463,7.721,-3.509805118466831e-05,8.036,ASK
778,1712308771.534182,282132878.46029913,7.721,1.8072281638583493e-05,8.036,BID
779,1712308771.8541744,282221767.99599046,7.721,1.8395000953570315e-05,8.036,BID
780,1712308772.3839583,282328713.2186191,7.721,2.213148552227103e-05,8.036,BID
781,1712308772.764221,282388210.2186191,7.72,-1.2312443340183113e-05,8.036,ASK
782,1712308772.8644495,282484825.5049711,7.721,1.999378521613368e-05,8.036,BID
783,1712308773.444215,282575402.335926,7.721,1.874417364011068e-05,8.036,BID
784,1712308773.8659558,282667677.4824614,7.721,1.9095626895879865e-05,8.036,BID
785,1712308773.9636476,282811216.5992942,7.721,2.9704308504692416e-05,8.036,BID
786,1712308774.024228,282877513.4302565,7.721,1.3719615692505838e-05,8.036,BID
787,1712308776.756645,282903416.8106476,7.721,5.360503947844202e-06,8.036,BID
788,1712308776.8342068,282903491.7458296,7.721,1.5507255529824842e-08,8.036,BID
789,1712308789.444415,282904140.70956016,7.72,-1.342980177575672e-07,8.036,ASK
790,1712308789.4515796,282980090.6040231,7.72,-1.5717242420086286e-05,8.036,ASK
791,1712308795.244208,282987735.6693445,7.731,1.5820870565164998e-06,8.036,BID
792,1712308799.7643104,283007365.6040231,7.731,4.062262946063368e-06,8.036,BID
793,1712308799.7750297,283056491.2958632,7.733,1.0166181443243816e-05,8.036,BID
794,1712308800.3641222,283056491.2958632,7.733,0.0,8.036,BID
795,1712308812.819123,283067626.2958632,7.732,2.3037916666799315e-06,8.036,BID
796,1712308812.8241754,283141531.8120756,7.732,1.5290786921581894e-05,8.036,BID
797,1712308812.914256,283167993.8120756,7.733,-5.474893137286425e-06,8.036,ASK
798,1712308812.9201608,283234290.64303786,7.733,-1.3716577161930684e-05,8.036,ASK
799,1712308812.9352343,283256491.2958632,7.733,-4.593235651002097e-06,8.036,ASK
800,1712308820.5576515,283261235.2958632,7.721,-9.8151662925277e-07,8.036,ASK
801,1712308830.30426,283261235.2958632,7.721,-0.0,8.036,ASK
802,1712308830.464939,283409708.31418455,7.72,-3.07084778963498e-05,8.036,ASK
803,1712308830.4701908,283443819.3847712,7.721,-7.055147588263237e-06,8.036,ASK
804,1712308834.2542183,283477087.3847712,7.72,-6.880776414504678e-06,8.036,ASK
805,1712308842.3940482,283553488.0766114,7.72,-1.580185398778689e-05,8.036,ASK
806,1712308847.1543334,283599505.0766114,7.724,9.517635213005345e-06,8.036,BID
807,1712308847.1618743,283629667.4675287,7.751,6.238447397764701e-06,8.036,BID
808,1712308852.874091,283759201.1462852,7.72,-2.6791279357688527e-05,8.036,ASK
809,1712308852.877451,283820113.91791564,7.72,-1.2598507946886496e-05,8.036,ASK
810,1712308860.474646,283820113.91791564,7.72,-0.0,8.036,ASK
811,1712308865.040829,283844903.9979156,7.718,-5.122726844410873e-06,8.036,ASK
812,1712308867.334256,283852836.9979156,7.718,-1.639308628965248e-06,8.036,ASK
813,1712308868.5446186,284111971.48871547,7.718,-5.354864576209509e-05,8.036,ASK
814,1712308868.547919,284144032.03141564,7.718,-6.625125967187682e-06,8.036,ASK
815,1712308868.7531784,284155499.79759735,7.717,-2.369747643593693e-06,8.036,ASK
816,1712308868.7586973,284155499.79759824,7.718,-1.8475433349307875e-16,8.036,ASK
817,1712308868.761814,284206149.01361364,7.717,-1.0466367939539594e-05,8.036,ASK
818,1712308871.996565,284206149.01361483,7.717,-2.46339111324105e-16,8.036,ASK
819,1712308872.0142,284212103.2945253,7.716,-1.230417758206542e-06,8.036,ASK
820,1712308872.0195763,284281666.66269696,7.716,-1.437486823441867e-05,8.036,ASK
821,1712308872.0247836,284282328.40453213,7.716,-1.367451280162441e-07,8.036,ASK
822,1712308872.595544,284327616.40453213,7.716,-9.35850361635928e-06,8.036,ASK
823,1712308873.6141517,284393224.01361483,7.716,-1.3557433467168408e-05,8.036,ASK
824,1712308877.5350654,284406237.6048306,7.717,2.689183458196115e-06,8.036,BID
825,1712308877.5411482,284419097.1144706,7.724,2.6573433905304925e-06,8.036,BID
826,1712308877.5464077,284469286.2678551,7.72,1.0371298654189112e-05,8.036,BID
827,1712308878.460477,284482186.2678551,7.716,-2.665710489556498e-06,8.036,ASK
828,1712308879.5382764,284524807.2678551,7.716,-8.807383470960273e-06,8.036,ASK
829,1712308879.7441945,284543298.2678551,7.716,-3.821058345921644e-06,8.036,ASK
830,1712308879.8041103,285062346.536324,7.716,-0.0001072583266545,8.036,ASK
831,1712308882.4773314,285063642.7126039,7.715,-2.6784734153559624e-07,8.036,ASK
832,1712308882.4830542,285091522.75142395,7.715,-5.761248986960607e-06,8.036,ASK
833,1712308887.7941782,285091522.7514892,7.715,-1.3474749389428544e-14,8.036,ASK
834,1712308890.609473,285091522.7514892,7.715,-0.0,8.036,ASK
835,1712308892.415677,285091557.94651,7.711,-7.258132439165009e-09,8.036,ASK
836,1712308892.418939,285104524.7514892,7.712,-2.6740938270909422e-06,8.036,ASK
837,1712308893.3541813,285130400.6056125,7.711,-5.336276892645005e-06,8.036,ASK
838,1712308893.3671825,285151024.7514892,7.711,-4.253237498844767e-06,8.036,ASK
839,1712308894.2041633,285156987.2999453,7.711,-1.229633209248105e-06,8.036,ASK
840,1712308894.2080324,285173309.7514892,7.71,-3.3661157846088747e-06,8.036,ASK
841,1712308896.074215,285233344.7514892,7.71,-1.2380784870819106e-05,8.036,ASK
842,1712308900.884102,285257898.7514892,7.71,-5.063676050938492e-06,8.036,ASK
843,1712308905.374936,285286735.7514892,7.71,-5.946942505535281e-06,8.036,ASK
844,1712308906.7542837,285299560.0785195,7.71,-2.6447111530928e-06,8.036,ASK
845,1712308906.7642713,285325500.4157439,7.71,-5.349574992110519e-06,8.036,ASK
846,1712308906.7700584,285333235.7514892,7.71,-1.5952282462864532e-06,8.036,ASK
847,1712308908.0042262,285346135.7514892,7.71,-2.660316895703614e-06,8.036,ASK
848,1712308912.549677,285454927.7514892,7.71,-2.243575160599904e-05,8.036,ASK
849,1712308912.6507082,285530990.0057295,7.71,-1.568602326208252e-05,8.036,ASK
850,1712308912.8463566,285560237.0057295,7.71,-6.031495213073147e-06,8.036,ASK
851,1712308914.732495,285576565.0057295,7.71,-3.367260021166559e-06,8.036,ASK
852,1712308917.234243,285639074.2588039,7.725,1.2891040472221671e-05,8.036,BID
853,1712308917.2398834,285652419.2588039,7.716,2.7520875172995915e-06,8.036,BID
854,1712308920.4166694,285652419.2588039,7.716,0.0,8.036,BID
855,1712308920.6816883,285660466.5405039,7.71,-1.6580805525553985e-06,8.036,ASK
856,1712308926.634379,285736320.7935783,7.71,-1.5629185921384515e-05,8.036,ASK
857,1712308931.4345062,285782750.7935783,7.71,-9.566544694838134e-06,8.036,ASK
858,1712308935.7944157,285793933.7935783,7.71,-2.3041712109062e-06,8.036,ASK
859,1712308941.2282913,285830432.7935783,7.71,-7.520338462565088e-06,8.036,ASK
860,1712308941.3542538,285921597.90872693,7.71,-1.8783871390893483e-05,8.036,ASK
861,1712308941.3593764,285925257.7935783,7.71,-7.540911481551078e-07,8.036,ASK
862,1712308950.32394,285925257.7935783,7.71,-0.0,8.036,ASK
863,1712308950.8941317,285941013.7935783,7.71,-3.244996247569164e-06,8.036,ASK
864,1712308953.0641313,285959155.7935783,7.71,-3.736400223622732e-06,8.036,ASK
865,1712308955.7340512,285963794.36455166,7.71,-9.553278371770007e-07,8.036,ASK
866,1712308955.7450874,285988652.7935783,7.71,-5.11966926326395e-06,8.036,ASK
867,1712308957.5243633,285989302.8519668,7.707,-1.338815074442251e-07,8.036,ASK
868,1712308957.5315397,285999818.87245715,7.707,-2.1658064883562323e-06,8.036,ASK
869,1712308957.5362978,286023022.7935783,7.71,-4.778918314744868e-06,8.036,ASK
870,1712308959.297084,286038936.7935783,7.707,-3.2775368293866253e-06,8.036,ASK
871,1712308963.064194,286232250.5309121,7.707,-3.981355370980384e-05,8.036,ASK
872,1712308965.0942934,286252704.5309121,7.707,-4.212563674014958e-06,8.036,ASK
873,1712308967.604303,286261293.5309121,7.707,-1.7689307419631598e-06,8.036,ASK
874,1712308971.964091,286269155.79384816,7.707,-1.619257027475421e-06,8.036,ASK
875,1712308971.9707446,286269805.79384816,7.707,-1.3386948216044405e-07,8.036,ASK
876,1712308973.6845946,286324602.79384816,7.706,-1.1285609252224388e-05,8.036,ASK
877,1712308975.6928542,286334690.29942816,7.706,-2.0775525358250225e-06,8.036,ASK
878,1712308975.6963072,287345031.8515593,7.705,-0.0002080829236753,8.036,ASK
879,1712308975.699617,287362820.0135531,7.704,-3.6635262072250944e-06,8.036,ASK
880,1712308975.7028644,287545911.2225375,7.705,-3.7708192822886e-05,8.036,ASK
881,1712308975.7061355,290892714.0791678,7.704,-0.0006892842543233,8.036,ASK
882,1712308980.4495225,290892714.0791678,7.704,-0.0,8.036,ASK
883,1712309003.1168182,290894380.0791678,7.709,3.404344034430504e-07,8.036,BID
884,1712309003.1360185,290943259.0791678,7.71,9.988051143993312e-06,8.036,BID
885,1712309008.326412,290945271.0791678,7.705,4.111368665830836e-07,8.036,BID
886,1712309010.466524,290945271.0791678,7.705,0.0,8.036,BID
887,1712309015.6633284,290951761.2141626,7.704,-1.3260998237944163e-06,8.036,ASK
888,1712309015.6667917,292681304.2054287,7.704,-0.0003533896687509,8.036,ASK
889,1712309015.6984043,292698538.93646693,7.704,3.521494362014469e-06,8.036,BID
890,1712309015.734354,292703342.25984746,7.703,-9.81441263339977e-07,8.036,ASK
891,1712309015.741658,292704022.2416727,7.703,-1.3893759981048654e-07,8.036,ASK
892,1712309027.2641306,292896828.0064087,7.702,-3.93951267342846e-05,8.036,ASK
893,1712309027.269952,292897478.4868034,7.702,-1.329097064254852e-07,8.036,ASK
894,1712309027.409187,292933932.1375175,7.7,-7.448408981835656e-06,8.036,ASK
895,1712309027.412686,292939287.56467974,7.702,-1.0942501229730716e-06,8.036,ASK
896,1712309027.415939,292965258.2178416,7.701,-5.306465675886134e-06,8.036,ASK
897,1712309033.4943757,292971751.72433513,7.7,-1.3267887068208584e-06,8.036,ASK
898,1712309033.5002089,292975430.25519955,7.7,-7.516175141243129e-07,8.036,ASK
899,1712309033.5059378,293102804.336427,7.7,-2.6025767847181483e-05,8.036,ASK
900,1712309035.6642444,293128298.6966861,7.7,-5.209146909028386e-06,8.036,ASK
901,1712309035.6700406,293130298.6966861,7.7,-4.086509217006784e-07,8.036,ASK
902,1712309035.6757133,293152804.336427,7.7,-4.598475211787892e-06,8.036,ASK
903,1712309036.3477385,293159297.8429205,7.7,-1.3267887068208584e-06,8.036,ASK
904,1712309036.3526435,293165791.349414,7.7,-1.3267887068208584e-06,8.036,ASK
905,1712309036.3582346,293279649.3460367,7.7,-2.326408763142578e-05,8.036,ASK
906,1712309040.318525,293279649.3460367,7.7,-0.0,8.036,ASK
907,1712309052.0448103,293280333.8200367,7.699,-1.393434876614722e-07,8.036,ASK
908,1712309057.9992216,293319304.9813773,7.698,-7.933650568356207e-06,8.036,ASK
909,1712309069.1541927,293409449.3784615,7.698,1.835136861615781e-05,8.036,BID
910,1712309069.8742657,293413655.3784615,7.698,-8.562468538946894e-07,8.036,ASK
911,1712309070.356607,293413655.3784615,7.698,-0.0,8.036,ASK
912,1712309075.3857622,293430314.8540715,7.698,-3.390781870465211e-06,8.036,ASK
913,1712309078.4343498,293457750.4638374,7.692,-5.584099426478259e-06,8.036,ASK
914,1712309078.4402928,293458530.29227513,7.694,-1.5872217053403817e-07,8.036,ASK
915,1712309078.4460516,293459205.6301121,7.696,-1.3745470431834978e-07,8.036,ASK
916,1712309079.0351124,293466119.6301121,7.703,1.4072391233190474e-06,8.036,BID
917,1712309079.03862,293549408.1057221,7.704,1.6952097396589715e-05,8.036,BID
918,1712309079.0420144,293659205.6301121,7.698,2.2347609482956364e-05,8.036,BID
919,1712309096.834329,293660817.6672521,7.692,-3.281055440653648e-07,8.036,ASK
920,1712309096.8402631,293661468.99330515,7.692,-1.325674723534015e-07,8.036,ASK
921,1712309096.8460343,293683026.20948434,7.69,-4.387642174892309e-06,8.036,ASK
922,1712309100.4577396,293683026.20948434,7.69,-0.0,8.036,ASK
923,1712309104.5883276,293698279.9597909,7.69,-3.1059097050521617e-06,8.036,ASK
924,1712309112.3952105,293737311.966036,7.686,-7.947546312739239e-06,8.036,ASK
925,1712309112.398821,293737963.5462155,7.689,-1.3267223879356034e-07,8.036,ASK
926,1712309112.4023757,293777000.6314464,7.685,-7.948580476219569e-06,8.036,ASK
927,1712309112.4058592,293777652.4659507,7.686,-1.327240234255015e-07,8.036,ASK
928,1712309112.4093113,293893419.67344534,7.684,-2.35720715272229e-05,8.036,ASK
929,1712309112.4127598,293932436.4506595,7.689,-7.94444543630279e-06,8.036,ASK
930,1712309112.4162607,293998175.8414432,7.682,-1.33856007693779e-05,8.036,ASK
931,1712309112.4197392,293999476.40068364,7.689,-2.648148478743324e-07,8.036,ASK
932,1712309112.4232094,294124228.3207565,7.682,-2.540150399027161e-05,8.036,ASK
933,1712309112.4266734,294126311.4506923,7.68,-4.241588694110945e-07,8.036,ASK
934,1712309112.4301782,294152034.9233611,7.681,-5.237714123028671e-06,8.036,ASK
935,1712309112.4625208,294163486.5838304,7.68,-2.3317428616407847e-06,8.036,ASK
936,1712309112.4660263,294202523.66906136,7.685,-7.948580476219569e-06,8.036,ASK
937,1712309112.469514,294724915.51944697,7.68,-0.0001063674103316,8.036,ASK
938,1712309122.2743502,295467783.1481326,7.68,0.0001512598365081,8.036,BID
939,1712309130.4667354,295467783.1481326,7.68,0.0,8.036,BID
940,1712309133.307799,295478852.83780473,7.678,-2.247693313443067e-06,8.036,ASK
941,1712309133.3114116,295479517.8547362,7.678,-1.3503125692553918e-07,8.036,ASK
942,1712309133.5877032,295609692.2884774,7.68,2.6431834402591995e-05,8.036,BID
943,1712309143.1042078,295617519.1318104,7.679,1.589235466026632e-06,8.036,BID
944,1712309143.1120837,296177227.92170244,7.68,0.0001136485070295,8.036,BID
945,1712309148.0065882,296205230.9072025,7.678,-5.685988056507675e-06,8.036,ASK
946,1712309149.5932784,296205230.90720624,7.678,-7.624691229155641e-16,8.036,ASK
947,1712309149.599214,296206534.17841697,7.673,-2.6462837466353505e-07,8.036,ASK
948,1712309149.6031408,296235217.3596425,7.67,-5.8241013577226e-06,8.036,ASK
949,1712309149.60665,296300397.9097663,7.671,-1.3234868457868156e-05,8.036,ASK
950,1712309149.613863,296301397.9097663,7.67,-2.030493518807138e-07,8.036,ASK
951,1712309149.6173673,296309397.9097663,7.675,-1.6243948150457103e-06,8.036,ASK
952,1712309149.6208897,296540399.6581991,7.67,-4.690475530258269e-05,8.036,ASK
953,1712309149.6244884,296545224.2767934,7.669,-9.796356786540892e-07,8.036,ASK
954,1712309149.6280272,296675622.2219826,7.665,-2.647721825723943e-05,8.036,ASK
955,1712309149.6315718,296676927.7050113,7.66,-2.650774828708141e-07,8.036,ASK
956,1712309149.6351514,296678232.3364529,7.665,-2.6490456865869453e-07,8.036,ASK
957,1712309149.6387,296704365.8788546,7.653,-5.306398847006532e-06,8.036,ASK
958,1712309149.6422875,296706245.8788546,7.66,-3.8173278153574193e-07,8.036,ASK
959,1712309149.645863,296732339.6623142,7.657,-5.298325819588239e-06,8.036,ASK
960,1712309149.6494548,296760967.24850845,7.661,-5.812812822657176e-06,8.036,ASK
961,1712309149.653044,296761620.12057114,7.66,-1.3256524918882932e-07,8.036,ASK
962,1712309149.6566238,296779244.3240107,7.657,-3.5785830858232693e-06,8.036,ASK
963,1712309149.6601906,296863682.0334068,7.661,-1.714502216716291e-05,8.036,ASK
964,1712309149.6637375,296889798.51290536,7.658,-5.302934235589612e-06,8.036,ASK
965,1712309149.6672993,296933963.003767,7.66,-8.967571245600609e-06,8.036,ASK
966,1712309149.670884,296973158.19582343,7.654,-7.958558343895668e-06,8.036,ASK
967,1712309149.6744623,297060998.07312447,7.65,-1.7835830155257048e-05,8.036,ASK
968,1712309157.2546065,297856653.0670608,7.68,0.0001615572308394,8.036,BID
969,1712309157.2641828,297869677.29211944,7.678,2.644560456900369e-06,8.036,BID
970,1712309157.3371751,297914635.886208,7.68,9.128813391149058e-06,8.036,BID
971,1712309159.794296,297918983.3901081,7.692,8.827578492163574e-07,8.036,BID
972,1712309160.3205967,297918983.3901081,7.692,0.0,8.036,BID
973,1712309162.918956,297919627.43389434,7.692,1.3027508400541922e-07,8.036,BID
974,1712309164.2850127,297985399.0700293,7.692,1.3304072806672932e-05,8.036,BID
975,1712309164.2928586,298210645.9332451,7.692,4.556220346332384e-05,8.036,BID
976,1712309167.034437,298211287.3337838,7.704,1.2974041648233298e-07,8.036,BID
977,1712309168.4245365,298310854.11140513,7.67,-2.0140044195972657e-05,8.036,ASK
978,1712309170.7945025,298311500.23543614,7.704,1.3069586915886325e-07,8.036,BID
979,1712309171.415165,298318686.23543614,7.678,1.4535607262763998e-06,8.036,BID
980,1712309173.2243688,298319333.3627653,7.704,1.30898813050748e-07,8.036,BID
981,1712309190.3047023,298319333.3627653,7.704,0.0,8.036,BID
982,1712309191.096058,298358528.5548217,7.703,7.923344176344068e-06,8.036,BID
983,1712309191.1039736,298376441.6180824,7.704,3.6211422376155818e-06,8.036,BID
984,1712309191.108883,298384268.4614153,7.703,1.5822035889502354e-06,8.036,BID
985,1712309207.2845926,298384916.84725744,7.699,1.3107179519652506e-07,8.036,BID
986,1712309220.4775343,298384916.84725744,7.699,0.0,8.036,BID
987,1712309223.885895,298385696.1692473,7.699,1.5752457046756997e-07,8.036,BID
988,1712309250.4743884,298385696.1692473,7.699,0.0,8.036,BID
989,1712309280.2772536,298385696.1692473,7.699,0.0,8.036,BID
990,1712309310.299013,298385696.1692473,7.699,0.0,8.036,BID
991,1712309340.4650898,298385696.1692473,7.699,0.0,8.036,BID
992,1712309370.4801855,298385696.1692473,7.699,0.0,8.036,BID
993,1712309400.4245822,298385696.1692473,7.699,0.0,8.036,BID
994,1712309418.2045963,298589177.40180874,7.68,4.12347461079994e-05,8.036,BID
995,1712309430.3362362,298589177.40180874,7.68,0.0,8.036,BID
996,1712309446.5323668,298590476.2717919,7.676,-2.631280418134371e-07,8.036,ASK
997,1712309446.538525,298591779.033647,7.676,-2.63916466112012e-07,8.036,ASK
998,1712309446.5886974,298683038.2843532,7.676,1.84875070233696e-05,8.036,BID
999,1712309458.7345407,298686947.3634544,7.699,7.919101546329684e-07,8.036,BID
1000,1712309460.446019,298686947.3634544,7.699,0.0,8.036,BID
1201,1712309490.4960723,298686947.3634544,7.699,0.0,8.036,BID
1202,1712309493.344478,298744510.44394976,7.677,1.1659487199882308e-05,8.036,BID
1203,1712309501.9674866,298821027.01664555,7.677,1.549854511343255e-05,8.036,BID
1204,1712309512.074644,298831325.99086976,7.677,-2.0860724809329195e-06,8.036,ASK
1205,1712309518.854627,298832625.99086976,7.677,-2.633169251786211e-07,8.036,ASK
1206,1712309518.9047594,298881325.99086976,7.677,9.86425712015296e-06,8.036,BID
1207,1712309520.358474,298881325.99086976,7.677,0.0,8.036,BID
1208,1712309532.796403,298902441.2927509,7.677,-4.27564332535938e-06,8.036,ASK
1209,1712309532.7984953,298935738.2927509,7.678,-6.742318750900101e-06,8.036,ASK
1210,1712309539.784619,298936384.75086886,7.699,1.3090148331693918e-07,8.036,BID
1211,1712309550.3268902,298936384.75086886,7.699,0.0,8.036,BID
1212,1712309564.4983156,299008497.654527,7.678,-1.4600912001879746e-05,8.036,ASK
1213,1712309564.5047224,299019383.6665093,7.678,-2.204122909235409e-06,8.036,ASK
1214,1712309573.3344722,299024515.6665093,7.687,-1.0390911555698617e-06,8.036,ASK
1215,1712309573.344487,299060883.1243295,7.685,-7.36342629999375e-06,8.036,ASK
1216,1712309575.604467,299061529.16489273,7.699,1.3080573565612718e-07,8.036,BID
1217,1712309576.2420664,299156373.7117904,7.699,1.920345476137545e-05,8.036,BID
1218,1712309576.6145506,299205206.1467272,7.685,9.88724693059078e-06,8.036,BID
1219,1712309576.6173053,299215422.79727006,7.685,2.0685953270905936e-06,8.036,BID
1220,1712309580.3493533,299215422.79727006,7.685,0.0,8.036,BID
1221,1712309582.963921,299216068.92130107,7.699,1.30765838841276e-07,8.036,BID
1222,1712309590.7843113,299399730.95621234,7.699,3.717044856082378e-05,8.036,BID
1223,1712309590.904461,299463463.34629214,7.699,1.289848241234964e-05,8.036,BID
1224,1712309590.9066415,299487735.68127406,7.699,4.912357523057656e-06,8.036,BID
1225,1712309591.248266,299635605.9394166,7.699,2.9926728333473665e-05,8.036,BID
1226,1712309591.404682,299901267.9642606,7.699,5.376601992784325e-05,8.036,BID
1227,1712309591.4353094,300522110.0584481,7.699,0.0001256491530083,8.036,BID
1228,1712309591.492779,300587053.55760306,7.703,1.3143592772814684e-05,8.036,BID
1229,1712309591.554597,300587053.5576038,7.703,1.447570620904944e-16,8.036,BID
1230,1712309595.906212,300587699.34789306,7.711,1.3069829450850853e-07,8.036,BID
1231,1712309608.6546495,300610601.4168485,7.711,4.635036176394192e-06,8.036,BID
1232,1712309608.6574905,300635892.59971446,7.711,5.118557094373592e-06,8.036,BID
1233,1712309609.2862322,300678942.59971446,7.711,-8.71267603735577e-06,8.036,ASK
1234,1712309610.3371615,300678942.59971446,7.711,-0.0,8.036,ASK
1235,1712309613.274578,300691907.7235314,7.713,2.617976362679113e-06,8.036,BID
1236,1712309619.414394,300692551.51858807,7.741,1.29998005764541e-07,8.036,BID
1237,1712309631.6646526,300793111.7971485,7.739,2.0305585662914026e-05,8.036,BID
1238,1712309631.6724155,300834611.2549687,7.739,8.379757969996632e-06,8.036,BID
1239,1712309640.4646025,300834611.2549687,7.739,0.0,8.036,BID
1240,1712309647.0646849,300876156.2549687,7.714,-8.386914400020353e-06,8.036,ASK
1241,1712309650.384644,301317433.8178407,7.714,-8.90830941498857e-05,8.036,ASK
1242,1712309650.4845395,301317433.8178414,7.714,-1.4439255368631262e-16,8.036,ASK
1243,1712309664.1569958,301341654.8178414,7.715,4.889624592198651e-06,8.036,BID
1244,1712309664.158775,301346786.8178414,7.718,1.0360246648430483e-06,8.036,BID
1245,1712309664.1610637,301354992.8178414,7.722,1.65658971155535e-06,8.036,BID
1246,1712309664.163466,301378748.8178414,7.719,4.7957525210466604e-06,8.036,BID
1247,1712309664.165791,301403920.8178414,7.714,5.08160811836111e-06,8.036,BID
1248,1712309664.1945589,301403920.81784207,7.732,-1.323598408791199e-16,8.036,ASK
1249,1712309664.1975615,301677210.8806971,7.732,-5.517054672141319e-05,8.036,ASK
1250,1712309665.2145765,301686646.8806971,7.686,1.9048964804090035e-06,8.036,BID
1251,1712309670.464767,301686646.8806971,7.686,0.0,8.036,BID
1252,1712309674.3346124,301687292.0045361,7.72,1.300619465962729e-07,8.036,BID
1253,1712309687.6046436,301816825.68329257,7.716,2.611498969626844e-05,8.036,BID
1254,1712309700.3320074,301816825.68329257,7.716,0.0,8.036,BID
1255,1712309724.385489,301817825.68329257,7.716,2.023167307654185e-07,8.036,BID
1256,1712309724.3875492,301864988.68329257,7.71,9.541863973089429e-06,8.036,BID
1257,1712309724.3899348,301909200.68329257,7.711,8.94482730060068e-06,8.036,BID
1258,1712309724.394445,301946234.5402948,7.716,7.492568876330899e-06,8.036,BID
1259,1712309730.3200357,301946234.5402948,7.716,0.0,8.036,BID
1260,1712309760.4667556,301946234.5402948,7.716,0.0,8.036,BID
1261,1712309782.5859957,301981438.00488245,7.69,-7.120812067704668e-06,8.036,ASK
1262,1712309782.5892098,301983438.00488245,7.691,-4.045517764298151e-07,8.036,ASK
1263,1712309782.5920413,301985438.00488245,7.69,-4.045517764298151e-07,8.036,ASK
1264,1712309782.7132306,302156234.5402948,7.69,3.454802090456629e-05,8.036,BID
1265,1712309790.4696698,302156234.5402948,7.69,0.0,8.036,BID
1266,1712309800.144675,302156882.6740429,7.702,1.3105901838961413e-07,8.036,BID
1267,1712309820.3237872,302156882.6740429,7.702,0.0,8.036,BID
1268,1712309839.2583344,302158179.0423949,7.7,2.621381662248999e-07,8.036,BID
1269,1712309850.3317933,302158179.0423949,7.7,0.0,8.036,BID
1270,1712309880.4584858,302158179.0423949,7.7,0.0,8.036,BID
1271,1712309910.464548,302158179.0423949,7.7,0.0,8.036,BID
1272,1712309940.3293796,302158179.0423949,7.7,0.0,8.036,BID
1273,1712309963.7152,302208643.8615379,7.697,1.020445186504164e-05,8.036,BID
1274,1712309963.774475,302208643.86153835,7.697,9.642087123227596e-17,8.036,BID
1275,1712309963.854478,302453397.97934633,7.698,4.949153997491109e-05,8.036,BID
1276,1712309970.3314097,302453397.97934633,7.698,0.0,8.036,BID
1277,1712309971.62825,302501494.0781711,7.701,9.721007679914509e-06,8.036,BID
1278,1712309971.6313193,302501494.0781714,7.698,6.023536459074621e-17,8.036,BID
1279,1712309971.7446213,302627375.24634755,7.703,2.5442641555114272e-05,8.036,BID
1280,1712309971.7466793,302627375.2463484,7.701,1.686590208540894e-16,8.036,BID
1281,1712309972.4657226,302646462.2463484,7.701,-3.857794667768116e-06,8.036,ASK
1282,1712309992.934868,302647241.2647851,7.702,-1.5745235874205965e-07,8.036,ASK
1283,1712309992.9381862,302685418.22609127,7.701,-7.716187863911216e-06,8.036,ASK
1284,1712310000.3565588,302685418.22609127,7.701,-0.0,8.036,ASK
1285,1712310013.4547298,302685418.22609234,7.703,2.1693632635473127e-16,8.036,BID
1286,1712310030.3180676,302685418.22609234,7.703,0.0,8.036,BID
1287,1712310030.9047828,302687741.22609234,7.729,4.697090004208927e-07,8.036,BID
1288,1712310030.9080162,302706704.22609234,7.732,3.834305542394055e-06,8.036,BID
1289,1712310030.9112322,302708925.0824928,7.733,4.49055634934313e-07,8.036,BID
1290,1712310030.9141977,302711149.0824928,7.73,4.4969126859064374e-07,8.036,BID
1291,1712310041.744491,302737009.5028648,7.73,-5.228959192153496e-06,8.036,ASK
1292,1712310059.814823,302762882.7240808,7.73,-5.231547514010668e-06,8.036,ASK
1293,1712310059.8181498,302762882.72408086,7.73,-1.2052018130818389e-17,8.036,ASK
1294,1712310060.455234,302762882.72408086,7.73,-0.0,8.036,ASK
1295,1712310060.654572,302763905.72408086,7.69,-2.068248520660939e-07,8.036,ASK
1296,1712310078.1147592,302763905.72408086,7.72,-0.0,8.036,ASK
1297,1712310078.1179996,303304406.11268187,7.72,-0.000109275574696,8.036,ASK
1298,1712310089.3146627,303305052.1532451,7.722,1.306131416596881e-07,8.036,BID
1299,1712310090.4512126,303305052.1532451,7.722,0.0,8.036,BID
1300,1712310120.3005526,303305052.1532451,7.722,0.0,8.036,BID
1301,1712310150.3018153,303305052.1532451,7.722,0.0,8.036,BID
1302,1712310180.444633,303305052.1532451,7.722,0.0,8.036,BID
1303,1712310206.9049168,303305701.00523627,7.709,1.3107062881044088e-07,8.036,BID
1304,1712310210.4543,303305701.00523627,7.709,0.0,8.036,BID
1305,1712310240.3247492,303305701.00523627,7.709,0.0,8.036,BID
1306,1712310270.3217287,303305701.00523627,7.709,0.0,8.036,BID
1307,1712310274.494521,303357615.3465723,7.705,-1.04868885051699e-05,8.036,ASK
1308,1712310274.5148804,303357615.34657305,7.705,-1.5652465628626554e-16,8.036,ASK
1309,1712310300.3444872,303357615.34657305,7.705,-0.0,8.036,ASK
1310,1712310322.28482,303377615.34657305,7.691,-4.0651373584589416e-06,8.036,ASK
1311,1712310322.2883132,303430788.20639724,7.69,-1.0807748946368856e-05,8.036,ASK
1312,1712310326.478186,303437087.225628,7.687,-1.2803189198353612e-06,8.036,ASK
1313,1712310330.3046415,303437087.225628,7.687,-0.0,8.036,ASK
1314,1712310357.5246124,303437735.7340586,7.71,1.3179742076432734e-07,8.036,BID
1315,1712310360.4493992,303437735.7340586,7.71,0.0,8.036,BID
1316,1712310383.5048394,303444445.6910214,7.687,-1.3636740568968718e-06,8.036,ASK
1317,1712310383.5086172,303465056.6067237,7.687,-4.188785589556836e-06,8.036,ASK
1318,1712310390.4463725,303465056.6067237,7.687,-0.0,8.036,ASK
1319,1712310420.3094947,303465056.6067237,7.687,-0.0,8.036,ASK
1320,1712310435.6747098,303465703.5666202,7.71,1.3147696438006308e-07,8.036,BID
1321,1712310441.6851258,303484636.2057387,7.71,3.847542842589527e-06,8.036,BID
1322,1712310441.6886835,303504636.2057387,7.712,4.064454848050525e-06,8.036,BID
1323,1712310441.6922011,303507920.2057387,7.714,6.673834860498961e-07,8.036,BID
1324,1712310441.6949627,303568363.1788939,7.711,1.2283386763562116e-05,8.036,BID
1325,1712310441.6964488,303622559.0387181,7.71,1.1013831260332875e-05,8.036,BID
1326,1712310441.6979544,303723831.1541523,7.72,2.0580797027437182e-05,8.036,BID
1327,1712310450.318278,303723831.1541523,7.72,0.0,8.036,BID
1328,1712310473.4446373,303765749.46394014,7.69,-8.515299307839058e-06,8.036,ASK
1329,1712310479.7345903,303766397.34579015,7.706,1.316109331893609e-07,8.036,BID
1330,1712310480.447592,303766397.34579015,7.706,0.0,8.036,BID
1331,1712310481.166226,303841632.7993541,7.687,-1.528233868131471e-05,8.036,ASK
1332,1712310481.16899,303929753.5012697,7.69,-1.7899678246312533e-05,8.036,ASK
1333,1712310485.8747108,303930401.8030587,7.703,1.3168748293068426e-07,8.036,BID
1334,1712310499.9545157,303931168.0266709,7.69,-1.556405682747327e-07,8.036,ASK
1335,1712310510.4544814,303931168.0266709,7.69,-0.0,8.036,ASK
1336,1712310519.3064392,304154649.3347044,7.72,4.538336943064331e-05,8.036,BID
1337,1712310519.3146565,304156221.07487595,7.71,3.191804517441471e-07,8.036,BID
1338,1712310519.3174703,304255301.67082506,7.719,2.012074892944669e-05,8.036,BID
1339,1712310519.3202603,304308469.7902968,7.72,1.0797092737420645e-05,8.036,BID
1340,1712310540.3082917,304308469.7902968,7.72,0.0,8.036,BID
1341,1712310570.324017,304308469.7902968,7.72,0.0,8.036,BID
1342,1712310600.3471453,304308469.7902968,7.72,0.0,8.036,BID
1343,1712310630.3246992,304308469.7902968,7.72,0.0,8.036,BID
1344,1712310660.4672914,304308469.7902968,7.72,0.0,8.036,BID
1345,1712310690.4347718,304308469.7902968,7.72,0.0,8.036,BID
1346,1712310704.7746766,304318469.7902968,7.719,2.0323967896810864e-06,8.036,BID
1347,1712310720.3299448,304318469.7902968,7.719,0.0,8.036,BID
1348,1712310750.3145604,304318469.7902968,7.719,0.0,8.036,BID
1349,1712310770.9546466,304328469.7902968,7.719,2.032364905796513e-06,8.036,BID
1350,1712310780.4510036,304328469.7902968,7.719,0.0,8.036,BID
1351,1712310810.4545827,304328469.7902968,7.719,0.0,8.036,BID
1352,1712310828.0050118,304425870.7324508,7.695,-1.979511512023253e-05,8.036,ASK
1353,1712310828.124649,304444034.44818884,7.695,3.691471931324735e-06,8.036,BID
1354,1712310839.2046766,305421814.5976988,7.719,0.0001987174886997,8.036,BID
1355,1712310839.214853,306795401.2646497,7.719,0.0002791585543076,8.036,BID
1356,1712310839.3046882,306832515.1885647,7.719,-7.542785318236719e-06,8.036,ASK
1357,1712310839.3146272,306890423.63861763,7.719,-1.1768925534821086e-05,8.036,ASK
1358,1712310840.3469205,306890423.63861763,7.719,-0.0,8.036,ASK
1359,1712310864.504635,306891821.63861763,7.733,2.829829833834671e-07,8.036,BID
1360,1712310864.6246283,306891821.6386184,7.733,-1.568471406485506e-16,8.036,ASK
1361,1712310864.6283162,306955081.59801245,7.733,-1.2805072988584964e-05,8.036,ASK
1362,1712310865.00459,307003568.43851244,7.692,-9.81470012841739e-06,8.036,ASK
1363,1712310870.3050015,307003568.43851244,7.692,-0.0,8.036,ASK
1364,1712310880.3647475,307011362.92795223,7.692,-1.577480819550074e-06,8.036,ASK
1365,1712310900.4644954,307011362.92795223,7.692,-0.0,8.036,ASK
1366,1712310930.4547126,307011362.92795223,7.692,-0.0,8.036,ASK
1367,1712310960.3283808,307011362.92795223,7.692,-0.0,8.036,ASK
1368,1712310990.3145492,307011362.92795223,7.692,-0.0,8.036,ASK
1369,1712311002.0147822,307181987.92795223,7.7,-3.4564925895758416e-05,8.036,ASK
1370,1712311010.264615,307195182.92795223,7.699,-2.673020935938651e-06,8.036,ASK
1371,1712311010.8246117,307208377.92795223,7.699,2.673020935938651e-06,8.036,BID
1372,1712311016.2701414,307209022.8853935,7.729,1.306543950970119e-07,8.036,BID
1373,1712311020.443289,307209022.8853935,7.729,0.0,8.036,BID
1374,1712311021.495117,307396522.8853935,7.7,-3.797172764770912e-05,8.036,ASK
1375,1712311029.284969,307397168.9259568,7.729,1.308334736983676e-07,8.036,BID
1376,1712311050.447428,307397168.9259568,7.729,0.0,8.036,BID
1377,1712311060.4145722,307400015.1176666,7.719,5.762299588713931e-07,8.036,BID
1378,1712311074.3246627,307409528.65662766,7.7,-1.926077623422783e-06,8.036,ASK
1379,1712311074.3381014,307441933.4274545,7.699,-6.560555881169922e-06,8.036,ASK
1380,1712311080.3095946,307441933.4274545,7.699,-0.0,8.036,ASK
1381,1712311110.3344886,307441933.4274545,7.699,-0.0,8.036,ASK
1382,1712311110.5934834,307442578.3848958,7.728,1.3056670215849192e-07,8.036,BID
1383,1712311122.234702,307460943.1902387,7.728,3.717814410300051e-06,8.036,BID
1384,1712311122.238454,307477976.043083,7.728,3.448170812084823e-06,8.036,BID
1385,1712311122.33461,307571977.9708171,7.728,-1.90299714590009e-05,8.036,ASK
1386,1712311125.7247145,307572617.9759361,7.732,1.2956414237724753e-07,8.036,BID
1387,1712311140.4588673,307572617.9759361,7.732,0.0,8.036,BID
1388,1712311170.444636,307572617.9759361,7.732,0.0,8.036,BID
1389,1712311185.2748396,307573257.98105514,7.733,1.2953765799338762e-07,8.036,BID
1390,1712311200.416994,307573257.98105514,7.733,0.0,8.036,BID
1391,1712311230.3200457,307573257.98105514,7.733,0.0,8.036,BID
1392,1712311260.3635566,307573257.98105514,7.733,0.0,8.036,BID
1393,1712311280.4349327,307575851.34205097,7.712,-5.265629340895793e-07,8.036,ASK
1394,1712311290.3029778,307575851.34205097,7.712,-0.0,8.036,ASK
1395,1712311293.5646615,307578017.19633526,7.712,-4.3975904525529233e-07,8.036,ASK
1396,1712311294.320743,307584349.2031379,7.712,-1.285662330227747e-06,8.036,ASK
1397,1712311300.1946435,307589077.2755829,7.73,9.59996542431938e-07,8.036,BID
1398,1712311320.4448557,307589077.2755829,7.73,0.0,8.036,BID
1399,1712311331.3847885,307590077.2755829,7.712,-2.030376344571684e-07,8.036,ASK
1400,1712311350.4701605,307590077.2755829,7.712,-0.0,8.036,ASK
1401,1712311358.7446597,307707589.3016686,7.712,-2.385932643714514e-05,8.036,ASK
1402,1712311358.7483702,307716666.0651541,7.712,-1.8429217009261995e-06,8.036,ASK
1403,1712311358.8246655,307761379.515207,7.712,9.078498911811233e-06,8.036,BID
1404,1712311358.8287897,307783514.030942,7.712,4.494132677652538e-06,8.036,BID
1405,1712311358.8445446,307978025.03195167,7.712,3.9492991681743377e-05,8.036,BID
1406,1712311380.3284378,307978025.03195167,7.712,0.0,8.036,BID
1407,1712311384.585929,307980483.57587254,7.711,-4.988731159027089e-07,8.036,ASK
1408,1712311388.1546197,307981130.40640295,7.73,1.3125100569664622e-07,8.036,BID
1409,1712311410.3551128,307981130.40640295,7.73,0.0,8.036,BID
1410,1712311440.5110185,307981130.40640295,7.73,0.0,8.036,BID
1411,1712311460.1540253,308067530.40640295,7.714,-1.7531689106999367e-05,8.036,ASK
1412,1712311461.3703136,308107637.40640295,7.714,-8.138234433037311e-06,8.036,ASK
1413,1712311467.665076,308110764.8373077,7.714,-6.345966010031779e-07,8.036,ASK
1414,1712311467.6670978,308111764.8373077,7.712,-2.0291306836804825e-07,8.036,ASK
1415,1712311467.6689954,308147798.40640295,7.711,-7.311682069357959e-06,8.036,ASK
1416,1712311467.670871,308148798.40640295,7.713,-2.0291306836804825e-07,8.036,ASK
1417,1712311470.466051,308148798.40640295,7.713,-0.0,8.036,ASK
1418,1712311477.066264,308193246.29585683,7.711,-9.016691440901864e-06,8.036,ASK
1419,1712311477.0704186,308250889.64674133,7.711,-1.1693520545769917e-05,8.036,ASK
1420,1712311477.0891712,308251889.64674133,7.711,-2.0285983320436733e-07,8.036,ASK
1421,1712311477.0912836,308477965.0078632,7.711,-4.5861610048792224e-05,8.036,ASK
1422,1712311500.3249414,308477965.0078632,7.711,-0.0,8.036,ASK
1423,1712311504.7867851,308479837.6670392,7.694,-3.803068448814809e-07,8.036,ASK
1424,1712311530.2982657,308479837.6670392,7.694,-0.0,8.036,ASK
1425,1712311533.6771011,308607113.8990365,7.7,-2.5847672232428616e-05,8.036,ASK
1426,1712311560.457488,308607113.8990365,7.7,-0.0,8.036,ASK
1427,1712311583.1078725,308636389.3131274,7.709,5.944163509058947e-06,8.036,BID
1428,1712311590.45803,308636389.3131274,7.709,0.0,8.036,BID
1429,1712311620.298638,308636389.3131274,7.709,0.0,8.036,BID
1430,1712311650.3390236,308636389.3131274,7.709,0.0,8.036,BID
1431,1712311680.4592197,308636389.3131274,7.709,0.0,8.036,BID
1432,1712311710.452853,308636389.3131274,7.709,0.0,8.036,BID
1433,1712311740.3398192,308636389.3131274,7.709,0.0,8.036,BID
1434,1712311770.3144798,308636389.3131274,7.709,0.0,8.036,BID
1435,1712311800.3829217,308636389.3131274,7.709,0.0,8.036,BID
1436,1712311824.5012348,308637030.46697354,7.729,1.3084450641369577e-07,8.036,BID
1437,1712311830.3371654,308637030.46697354,7.729,0.0,8.036,BID
1438,1712311857.3815277,308637671.6208197,7.731,1.308443740911479e-07,8.036,BID
1439,1712311860.4915004,308637671.6208197,7.731,0.0,8.036,BID
1440,1712311861.8016212,308662802.8990365,7.731,5.128695806594651e-06,8.036,BID
1441,1712311861.8057387,308702281.66478235,7.731,8.056676567865434e-06,8.036,BID
1442,1712311871.8415976,308702941.3465829,7.731,1.346253562968887e-07,8.036,BID
1443,1712311875.211624,308704234.84030944,7.731,2.639712868554519e-07,8.036,BID
1444,1712311890.4617045,308704234.84030944,7.731,0.0,8.036,BID
1445,1712311896.2122738,308706107.49948543,7.701,-3.821250421513009e-07,8.036,ASK
1446,1712311920.3598692,308706107.49948543,7.701,-0.0,8.036,ASK
1447,1712311932.8721972,308706747.91439134,7.731,1.3067933338253346e-07,8.036,BID
1448,1712311950.3368387,308706747.91439134,7.731,0.0,8.036,BID
1449,1712311980.4988115,308706747.91439134,7.731,0.0,8.036,BID
1450,1712312010.4730315,308706747.91439134,7.731,0.0,8.036,BID
1451,1712312024.07302,308798196.3460196,7.731,1.8660415147396218e-05,8.036,BID
1452,1712312024.0773938,308804611.24012774,7.731,1.308984583471142e-06,8.036,BID
1453,1712312024.1051867,308842381.46930474,7.731,-7.707165055820065e-06,8.036,ASK
1454,1712312024.1529255,308852517.84945846,7.731,-2.06836857004832e-06,8.036,ASK
1455,1712312037.073154,308853161.8932447,7.732,1.314196887811075e-07,8.036,BID
1456,1712312039.6631224,308853808.6857951,7.732,1.319805850208391e-07,8.036,BID
1457,1712312040.3289847,308853808.6857951,7.732,0.0,8.036,BID
1458,1712312043.403075,309578268.88019013,7.732,0.0001477946882066,8.036,BID
1459,1712312044.863148,309579561.7967715,7.731,-2.637635642405596e-07,8.036,ASK
1460,1712312051.173462,309596190.36341554,7.731,-3.3923379662386405e-06,8.036,ASK
1461,1712312053.2730987,309596833.16547203,7.732,1.3113588607452746e-07,8.036,BID
1462,1712312059.664117,309650582.6416321,7.732,1.0965249894754108e-05,8.036,BID
1463,1712312070.332644,309650582.6416321,7.732,0.0,8.036,BID
1464,1712312085.453542,309672569.1910371,7.732,4.4797717857670505e-06,8.036,BID
1465,1712312100.3477917,309672569.1910371,7.732,0.0,8.036,BID
1466,1712312130.344731,309672569.1910371,7.732,0.0,8.036,BID
1467,1712312137.74158,309673616.6561173,7.732,2.1496020713341282e-07,8.036,BID
1468,1712312160.4737976,309673616.6561173,7.732,0.0,8.036,BID
1469,1712312190.464137,309673616.6561173,7.732,0.0,8.036,BID
1470,1712312220.3350232,309673616.6561173,7.732,0.0,8.036,BID
1471,1712312250.3345656,309673616.6561173,7.732,0.0,8.036,BID
1472,1712312258.4115915,309674909.9825529,7.73,2.654152979961124e-07,8.036,BID
1473,1712312280.4654174,309674909.9825529,7.73,0.0,8.036,BID
1474,1712312310.4747803,309674909.9825529,7.73,0.0,8.036,BID
1475,1712312310.9560816,309687184.4151154,7.741,2.5189429387646787e-06,8.036,BID
1476,1712312310.959689,309716479.97760445,7.733,6.011996879933798e-06,8.036,BID
1477,1712312310.9665248,309807881.30430514,7.732,1.8757260289917905e-05,8.036,BID
1478,1712312310.9685645,310129102.3743051,7.73,6.592056634283506e-05,8.036,BID
1479,1712312310.9705825,310186118.3808957,7.75,1.1700750031919256e-05,8.036,BID
1480,1712312310.9726129,310199313.3808957,7.734,2.707860579923129e-06,8.036,BID
1481,1712312310.9746263,310271829.3667805,7.752,1.488163543704695e-05,8.036,BID
1482,1712312340.3229775,310271829.3667805,7.752,0.0,8.036,BID
1483,1712312370.3430295,310271829.3667805,7.752,0.0,8.036,BID
1484,1712312400.3553588,310271829.3667805,7.752,0.0,8.036,BID
1485,1712312407.710683,310593248.1167805,7.728,6.597570677906596e-05,8.036,BID
1486,1712312407.825419,310637254.52360487,7.728,-9.032932251287849e-06,8.036,ASK
1487,1712312407.885988,310735578.52360487,7.728,-2.018238012979916e-05,8.036,ASK
1488,1712312412.2219374,311038285.05360484,7.728,-6.213476115934943e-05,8.036,ASK
1489,1712312420.6054356,311389741.82419384,7.728,-7.214143182965188e-05,8.036,ASK
1490,1712312421.2754364,311644885.16419387,7.728,-5.2371749272479385e-05,8.036,ASK
1491,1712312430.3436532,311644885.16419387,7.728,-0.0,8.036,ASK
1492,1712312434.5060563,311732319.5883757,7.711,1.7908137107009413e-05,8.036,BID
1493,1712312435.3557622,311732962.39043224,7.752,1.316573817361084e-07,8.036,BID
1494,1712312460.4674833,311732962.39043224,7.752,0.0,8.036,BID
1495,1712312468.715674,311736908.6663216,7.71,-8.081556061333723e-07,8.036,ASK
1496,1712312468.718925,311760778.55111027,7.71,-4.888300197627536e-06,8.036,ASK
1497,1712312482.9583378,311866545.53400964,7.71,-2.1659960573181263e-05,8.036,ASK
1498,1712312490.4813645,311866545.53400964,7.71,-0.0,8.036,ASK
1499,1712312499.3759406,311867187.51090306,7.734,1.3144236114620464e-07,8.036,BID
1500,1712312503.6158535,311867829.1583242,7.738,1.313749029277961e-07,8.036,BID
1501,1712312520.3371432,311867829.1583242,7.738,0.0,8.036,BID
1502,1712312550.3559723,311867829.1583242,7.738,0.0,8.036,BID
1503,1712312580.496796,311867829.1583242,7.738,0.0,8.036,BID
1504,1712312610.468543,311867829.1583242,7.738,0.0,8.036,BID
1505,1712312639.4864242,311974599.8501899,7.708,-2.186085426152257e-05,8.036,ASK
1506,1712312640.329247,311974599.8501899,7.708,-0.0,8.036,ASK
1507,1712312648.181644,311997499.6629784,7.708,-4.687851329053159e-06,8.036,ASK
1508,1712312648.1841173,312002300.49339235,7.707,-9.827844203098188e-07,8.036,ASK
1509,1712312648.1862338,312192713.99180144,7.706,-3.8979802142117086e-05,8.036,ASK
1510,1712312648.1883712,312193364.0501899,7.707,-1.3307432285607658e-07,8.036,ASK
1511,1712312653.4812713,312393021.58018994,7.706,-4.087216022292981e-05,8.036,ASK
1512,1712312670.3450644,312393021.58018994,7.706,-0.0,8.036,ASK
1513,1712312681.2267797,312393696.2914913,7.707,-1.3802994380526957e-07,8.036,ASK
1514,1712312681.231593,312396252.59796053,7.706,-5.229597274686171e-07,8.036,ASK
1515,1712312683.2586951,312588140.0679605,7.706,-3.925562925448082e-05,8.036,ASK
1516,1712312700.4689095,312588140.0679605,7.706,-0.0,8.036,ASK
1517,1712312708.11058,312717892.2379605,7.707,-2.65684654672343e-05,8.036,ASK
1518,1712312708.438556,312773686.5284686,7.706,-1.1424615716506903e-05,8.036,ASK
1519,1712312708.4423804,312773686.5318175,7.707,-6.85728706722747e-13,8.036,ASK
1520,1712312708.4461932,312773686.5318185,7.706,-2.0748221080869787e-16,8.036,ASK
1521,1712312708.536796,312774486.5318185,7.705,-1.638105349127087e-07,8.036,ASK
1522,1712312708.5410955,312775136.75894374,7.705,-1.33142566497827e-07,8.036,ASK
1523,1712312708.5459,312775787.3238046,7.701,-1.3321172232028265e-07,8.036,ASK
1524,1712312708.5486922,312905623.7299329,7.702,-2.6585713923773035e-05,8.036,ASK
1525,1712312708.5508468,313033604.33656734,7.701,-2.6205714539050304e-05,8.036,ASK
1526,1712312717.452866,313033604.33656806,7.7,-1.4645803115908082e-16,8.036,ASK
1527,1712312717.455187,313036198.2344408,7.7,-5.311347475543222e-07,8.036,ASK
1528,1712312717.457414,313143008.98490906,7.7,-2.1870907710790683e-05,8.036,ASK
1529,1712312720.3365946,313147817.9269415,7.694,-9.846942083761136e-07,8.036,ASK
