,time,acc_trade_volume,trade_price,dev,high,ask_bid
0,1712300395.5303774,79312.6526735,6023.0,0.0,6150.0,ASK
1,1712300400.2322884,79312.6526735,6023.0,-0.0,6150.0,ASK
2,1712300430.1523907,79312.6526735,6023.0,-0.0,6150.0,ASK
3,1712300460.2227287,79312.6526735,6023.0,-0.0,6150.0,ASK
4,1712300479.0425217,79512.43367615,6030.0,-1.2660555988451945e-07,6150.0,ASK
5,1712300490.202525,79512.43367615,6030.0,-0.0,6150.0,ASK
6,1712300520.1525347,79512.43367615,6030.0,-0.0,6150.0,ASK
7,1712300550.1426818,79512.43367615,6030.0,-0.0,6150.0,ASK
8,1712300580.204133,79512.43367615,6030.0,-0.0,6150.0,ASK
9,1712300610.215173,79512.43367615,6030.0,-0.0,6150.0,ASK
10,1712300632.7631073,79712.43367615,6030.0,-1.2664765644738338e-07,6150.0,ASK
11,1712300640.1530151,79712.43367615,6030.0,-0.0,6150.0,ASK
12,1712300670.1631148,79712.43367615,6030.0,-0.0,6150.0,ASK
13,1712300699.393582,79728.07232605,6044.0,9.895434800405131e-09,6150.0,BID
14,1712300700.2146156,79728.07232605,6044.0,0.0,6150.0,BID
15,1712300723.373136,79730.01732605,6030.0,-1.2307337062361774e-09,6150.0,ASK
16,1712300730.2042851,79730.01732605,6030.0,-0.0,6150.0,ASK
17,1712300760.1532872,79730.01732605,6030.0,-0.0,6150.0,ASK
18,1712300773.4835443,79733.71232605,6030.0,-2.3380603063457274e-09,6150.0,ASK
19,1712300788.3335142,79740.99732605,6030.0,-4.6096804686797486e-09,6150.0,ASK
20,1712300790.1534178,79740.99732605,6030.0,-0.0,6150.0,ASK
21,1712300820.203668,79740.99732605,6030.0,-0.0,6150.0,ASK
22,1712300823.1636071,79756.63597596,6031.0,-9.895148799708644e-09,6150.0,ASK
23,1712300823.164962,79763.82532605,6030.0,-4.548966139863512e-09,6150.0,ASK
24,1712300838.6236525,79771.13732605,6030.0,-4.6265712475021425e-09,6150.0,ASK
25,1712300848.1936324,79778.42732604,6030.0,-4.612651032282662e-09,6150.0,ASK
26,1712300850.2134578,79778.42732604,6030.0,-0.0,6150.0,ASK
27,1712300868.437997,79794.20932603,6030.0,-9.984425686165572e-09,6150.0,ASK
28,1712300880.1337678,79794.20932603,6030.0,-0.0,6150.0,ASK
29,1712300908.143953,79795.03920499,6031.0,-5.24988339903252e-10,6150.0,ASK
30,1712300908.145343,79801.49432603,6031.0,-4.08356331710576e-09,6150.0,ASK
31,1712300910.1436548,79801.49432603,6031.0,-0.0,6150.0,ASK
32,1712300938.704958,79808.87932602,6031.0,-4.671682637743001e-09,6150.0,ASK
33,1712300940.1938064,79808.87932602,6031.0,-0.0,6150.0,ASK
34,1712300963.4038892,79816.16432602,6031.0,-4.608293731379695e-09,6150.0,ASK
35,1712300970.2153864,79816.16432602,6031.0,-0.0,6150.0,ASK
36,1712300983.3841317,79823.44932601,6031.0,-4.608165652052021e-09,6150.0,ASK
37,1712301000.17397,79823.44932601,6031.0,-0.0,6150.0,ASK
38,1712301003.64424,79824.13801929,6031.0,-4.3588690960620575e-10,6150.0,ASK
39,1712301003.6460142,79825.26232601,6030.0,-7.11594835993299e-10,6150.0,ASK
40,1712301030.1540546,79825.26232601,6030.0,-0.0,6150.0,ASK
41,1712301060.234058,79825.26232601,6030.0,-0.0,6150.0,ASK
42,1712301090.2140698,79825.26232601,6030.0,-0.0,6150.0,ASK
43,1712301120.1442516,79825.26232601,6030.0,-0.0,6150.0,ASK
44,1712301146.5745575,79841.79671754,6048.0,1.0464854477888784e-08,6150.0,BID
45,1712301150.1650147,79841.79671754,6048.0,0.0,6150.0,BID
46,1712301180.203722,79841.79671754,6048.0,0.0,6150.0,BID
47,1712301210.212855,79841.79671754,6048.0,0.0,6150.0,BID
48,1712301218.2727726,79844.18771753,6032.0,-1.513202548893268e-09,6150.0,ASK
49,1712301240.1423995,79844.18771753,6032.0,-0.0,6150.0,ASK
50,1712301270.141322,79844.18771753,6032.0,-0.0,6150.0,ASK
51,1712301300.1805508,79844.18771753,6032.0,-0.0,6150.0,ASK
52,1712301330.140058,79844.18771753,6032.0,-0.0,6150.0,ASK
53,1712301359.98594,79860.72210906,6048.0,1.0464386643604758e-08,6150.0,BID
54,1712301360.169308,79860.72210906,6048.0,0.0,6150.0,BID
55,1712301390.1487875,79860.72210906,6048.0,0.0,6150.0,BID
56,1712301420.208037,79860.72210906,6048.0,0.0,6150.0,BID
57,1712301450.2100515,79860.72210906,6048.0,0.0,6150.0,BID
58,1712301480.156986,79860.72210906,6048.0,0.0,6150.0,BID
59,1712301510.148565,79860.72210906,6048.0,0.0,6150.0,BID
60,1712301540.2089994,79860.72210906,6048.0,0.0,6150.0,BID
61,1712301570.2054672,79860.72210906,6048.0,0.0,6150.0,BID
62,1712301600.165063,79860.72210906,6048.0,0.0,6150.0,BID
63,1712301630.144684,79860.72210906,6048.0,0.0,6150.0,BID
64,1712301660.195575,79860.72210906,6048.0,0.0,6150.0,BID
65,1712301662.6643028,79864.09512493,6048.0,-2.13472644083272e-09,6150.0,ASK
66,1712301684.8139038,79874.1312924,6048.0,6.351725840792931e-09,6150.0,BID
67,1712301690.2049155,79874.1312924,6048.0,0.0,6150.0,BID
68,1712301705.173747,79882.3724611,6058.0,5.215432862068923e-09,6150.0,BID
69,1712301720.143502,79882.3724611,6058.0,0.0,6150.0,BID
70,1712301750.1331968,79882.3724611,6058.0,0.0,6150.0,BID
71,1712301780.22496,79882.3724611,6058.0,0.0,6150.0,BID
72,1712301810.2098403,79882.3724611,6058.0,0.0,6150.0,BID
73,1712301840.148002,79882.3724611,6058.0,0.0,6150.0,BID
74,1712301870.161723,79882.3724611,6058.0,0.0,6150.0,BID
75,1712301900.211738,79882.3724611,6058.0,0.0,6150.0,BID
76,1712301930.1918466,79882.3724611,6058.0,0.0,6150.0,BID
77,1712301960.1414564,79882.3724611,6058.0,0.0,6150.0,BID
78,1712301990.1309395,79882.3724611,6058.0,0.0,6150.0,BID
79,1712301999.870963,79892.33629363,6048.0,-6.307913058228685e-09,6150.0,ASK
80,1712302020.230499,79892.33629363,6048.0,-0.0,6150.0,ASK
81,1712302050.200254,79892.33629363,6048.0,-0.0,6150.0,ASK
82,1712302080.140158,79892.33629363,6048.0,-0.0,6150.0,ASK
83,1712302110.1384876,79892.33629363,6048.0,-0.0,6150.0,ASK
84,1712302140.1996033,79892.33629363,6048.0,-0.0,6150.0,ASK
85,1712302170.189379,79892.33629363,6048.0,-0.0,6150.0,ASK
86,1712302200.2992566,79892.33629363,6048.0,-0.0,6150.0,ASK
87,1712302201.9093454,79915.07382504,6048.0,-1.4428635120218714e-08,6150.0,ASK
88,1712302201.9194117,79936.61498079,6048.0,-1.3669446818119749e-08,6150.0,ASK
89,1712302212.6692488,79939.98799666,6048.0,-2.1404265206027703e-09,6150.0,ASK
90,1712302230.2089784,79939.98799666,6048.0,-0.0,6150.0,ASK
91,1712302255.4989736,79940.81638824,6037.0,-5.255792334992101e-10,6150.0,ASK
92,1712302256.1390836,79941.7366997,6036.0,-5.838984888442187e-10,6150.0,ASK
93,1712302260.129272,79941.7366997,6036.0,-0.0,6150.0,ASK
94,1712302290.1319954,79941.7366997,6036.0,-0.0,6150.0,ASK
95,1712302320.1884663,79941.7366997,6036.0,-0.0,6150.0,ASK
96,1712302330.0886507,80068.7941497,6045.0,8.06120095340675e-08,6150.0,BID
97,1712302330.090421,80151.68437125,6045.0,5.258996878868424e-08,6150.0,BID
98,1712302330.0922406,80161.7442103,6055.0,6.3824973774505745e-09,6150.0,BID
99,1712302350.1924107,80161.7442103,6055.0,0.0,6150.0,BID
100,1712302380.1280968,80161.7442103,6055.0,0.0,6150.0,BID
101,1712302410.117967,80161.7442103,6055.0,0.0,6150.0,BID
102,1712302440.1988814,80161.7442103,6055.0,0.0,6150.0,BID
103,1712302470.207715,80161.7442103,6055.0,0.0,6150.0,BID
104,1712302500.138286,80161.7442103,6055.0,0.0,6150.0,BID
105,1712302530.159726,80161.7442103,6055.0,0.0,6150.0,BID
106,1712302553.8872206,80180.60418715,6037.0,-1.1986585659909656e-08,6150.0,ASK
107,1712302560.1872878,80180.60418715,6037.0,-0.0,6150.0,ASK
108,1712302580.8132524,80181.43008738,6054.0,5.248684879084951e-10,6150.0,BID
109,1712302590.197188,80181.43008738,6054.0,0.0,6150.0,BID
110,1712302620.158144,80181.43008738,6054.0,0.0,6150.0,BID
111,1712302650.1370506,80181.43008738,6054.0,0.0,6150.0,BID
112,1712302680.2049932,80181.43008738,6054.0,0.0,6150.0,BID
113,1712302710.196615,80181.43008738,6054.0,0.0,6150.0,BID
114,1712302740.121903,80181.43008738,6054.0,0.0,6150.0,BID
115,1712302750.496549,80230.98410125,6054.0,3.1492009251853773e-08,6150.0,BID
116,1712302770.1362994,80230.98410125,6054.0,0.0,6150.0,BID
117,1712302800.1612642,80230.98410125,6054.0,0.0,6150.0,BID
118,1712302810.3650815,80234.35377419,6054.0,2.1726630884543367e-09,6150.0,BID
119,1712302830.1360035,80234.35377419,6054.0,0.0,6150.0,BID
120,1712302839.8563633,80242.6127765,6054.0,5.3250845900133345e-09,6150.0,BID
121,1712302860.1983345,80242.6127765,6054.0,0.0,6150.0,BID
122,1712302890.2058513,80242.6127765,6054.0,0.0,6150.0,BID
123,1712302920.1557028,80242.6127765,6054.0,0.0,6150.0,BID
124,1712302950.1401205,80242.6127765,6054.0,0.0,6150.0,BID
125,1712302980.1956987,80242.6127765,6054.0,0.0,6150.0,BID
126,1712303010.185567,80242.6127765,6054.0,0.0,6150.0,BID
127,1712303040.145138,80242.6127765,6054.0,0.0,6150.0,BID
128,1712303070.135134,80242.6127765,6054.0,0.0,6150.0,BID
129,1712303100.1572423,80242.6127765,6054.0,0.0,6150.0,BID
130,1712303115.066814,80259.06184751,6037.0,-1.0753179227198421e-08,6150.0,ASK
131,1712303130.144926,80259.06184751,6037.0,-0.0,6150.0,ASK
132,1712303160.1446755,80259.06184751,6037.0,-0.0,6150.0,ASK
133,1712303190.1346076,80259.06184751,6037.0,-0.0,6150.0,ASK
134,1712303195.4194987,80263.06184751,6054.0,2.6147327596670243e-09,6150.0,BID
135,1712303220.1964383,80263.06184751,6054.0,0.0,6150.0,BID
136,1712303234.3481057,80265.34484751,6037.0,-1.492335099521272e-09,6150.0,ASK
137,1712303250.2051947,80265.34484751,6037.0,-0.0,6150.0,ASK
138,1712303264.465222,80265.41494375,6035.0,-4.581959565355764e-11,6150.0,ASK
139,1712303264.4664853,80266.44484751,6037.0,-6.732140532093881e-10,6150.0,ASK
140,1712303280.125327,80266.44484751,6037.0,-0.0,6150.0,ASK
141,1712303310.1358943,80266.44484751,6037.0,-0.0,6150.0,ASK
142,1712303340.2059755,80266.44484751,6037.0,-0.0,6150.0,ASK
143,1712303370.196325,80266.44484751,6037.0,-0.0,6150.0,ASK
144,1712303398.5618882,80267.27384751,6035.0,-5.418875522778645e-10,6150.0,ASK
145,1712303400.177948,80267.27384751,6035.0,-0.0,6150.0,ASK
146,1712303430.1370568,80267.27384751,6035.0,-0.0,6150.0,ASK
147,1712303460.2069223,80267.27384751,6035.0,-0.0,6150.0,ASK
148,1712303490.213261,80267.27384751,6035.0,-0.0,6150.0,ASK
149,1712303520.1568675,80267.27384751,6035.0,-0.0,6150.0,ASK
150,1712303546.4873002,80270.58784917,6035.0,-2.1779668345902856e-09,6150.0,ASK
151,1712303546.4894388,80356.83954,6035.0,-5.668473987892903e-08,6150.0,ASK
152,1712303550.128602,80356.83954,6035.0,-0.0,6150.0,ASK
153,1712303580.201718,80356.83954,6035.0,-0.0,6150.0,ASK
154,1712303610.197544,80356.83954,6035.0,-0.0,6150.0,ASK
155,1712303621.2104137,80424.70291667,6032.0,-4.4584074494629814e-08,6150.0,ASK
156,1712303640.1476111,80424.70291667,6032.0,-0.0,6150.0,ASK
157,1712303649.1377015,80425.53291667,6031.0,-5.45136929275816e-10,6150.0,ASK
158,1712303649.2577188,80511.36785283,6031.0,-5.6375654846684774e-08,6150.0,ASK
159,1712303649.2599766,80527.9933188,6031.0,-1.091946441765022e-08,6150.0,ASK
160,1712303649.8380516,80528.91454599,6030.0,-6.05054170509291e-10,6150.0,ASK
161,1712303649.840721,80553.5703865,6030.0,-1.6193746005185123e-08,6150.0,ASK
162,1712303670.13655,80553.5703865,6030.0,-0.0,6150.0,ASK
163,1712303670.1977918,80554.40067674,6025.0,-5.450493407145867e-10,6150.0,ASK
164,1712303670.2010574,80554.4013865,6025.0,-4.65926495277116e-13,6150.0,ASK
165,1712303690.2277937,80555.3748695,6024.0,-6.39049144238966e-10,6150.0,ASK
166,1712303690.2379377,80556.29615144,6025.0,-6.047814243927005e-10,6150.0,ASK
167,1712303690.2397056,80583.75148012,6024.0,-1.80232261866524e-08,6150.0,ASK
168,1712303690.2414243,80587.0709822,6025.0,-2.179108380463769e-09,6150.0,ASK
169,1712303690.2431798,80587.99312695,6024.0,-6.053478215310428e-10,6150.0,ASK
170,1712303690.287982,80587.99312734,6024.0,2.5602185542663232e-16,6150.0,BID
171,1712303690.2963068,80657.49153734,6024.0,4.5622675934483544e-08,6150.0,BID
172,1712303699.9077542,80658.3204498,6032.0,5.441448882145006e-10,6150.0,BID
173,1712303700.1615036,80658.3204498,6032.0,0.0,6150.0,BID
174,1712303719.5980165,80659.3204498,6032.0,6.563470931520536e-10,6150.0,BID
175,1712303730.149535,80659.3204498,6032.0,0.0,6150.0,BID
176,1712303739.317889,80660.31514476,6032.0,6.528625608288883e-10,6150.0,BID
177,1712303760.1881957,80660.31514476,6032.0,0.0,6150.0,BID
178,1712303790.217924,80660.31514476,6032.0,0.0,6150.0,BID
179,1712303802.4781487,80695.2510919,6032.0,2.292992627037384e-08,6150.0,BID
180,1712303820.1415896,80695.2510919,6032.0,0.0,6150.0,BID
181,1712303844.7783227,80696.2510919,6032.0,6.562511416385332e-10,6150.0,BID
182,1712303850.143605,80696.2510919,6032.0,0.0,6150.0,BID
183,1712303860.8781295,80697.24578686,6032.0,6.527671190976564e-10,6150.0,BID
184,1712303880.218204,80697.24578686,6032.0,0.0,6150.0,BID
185,1712303910.198198,80697.24578686,6032.0,0.0,6150.0,BID
186,1712303940.13823,80697.24578686,6032.0,0.0,6150.0,BID
187,1712303949.4483738,80700.29978685,6024.0,-2.004175155001773e-09,6150.0,ASK
188,1712303970.1355865,80700.29978685,6024.0,-0.0,6150.0,ASK
189,1712303979.558439,80701.29448181,6032.0,6.527566680130424e-10,6150.0,BID
190,1712303983.7583032,80716.81137016,6024.0,-1.0182772351935146e-08,6150.0,ASK
191,1712304000.1884575,80716.81137016,6024.0,-0.0,6150.0,ASK
192,1712304030.1315477,80716.81137016,6024.0,-0.0,6150.0,ASK
193,1712304060.2979505,80716.81137016,6024.0,-0.0,6150.0,ASK
194,1712304090.198374,80716.81137016,6024.0,-0.0,6150.0,ASK
195,1712304097.678462,80717.80606512,6032.0,6.533046972816906e-10,6150.0,BID
196,1712304120.150699,80717.80606512,6032.0,0.0,6150.0,BID
197,1712304150.1284392,80717.80606512,6032.0,0.0,6150.0,BID
198,1712304162.5886178,80736.14161172,6032.0,1.2042537660160976e-08,6150.0,BID
199,1712304162.6886306,80737.84981294,6032.0,1.1219233313152124e-09,6150.0,BID
200,1712304162.691137,80765.51175756,6032.0,1.816798904919744e-08,6150.0,BID
201,1712304180.1983564,80765.51175756,6032.0,0.0,6150.0,BID
202,1712304210.1984987,80765.51175756,6032.0,0.0,6150.0,BID
203,1712304240.1285024,80765.51175756,6032.0,0.0,6150.0,BID
204,1712304270.1312044,80765.51175756,6032.0,0.0,6150.0,BID
205,1712304293.2385054,80766.7510173,6052.0,8.137751430952925e-10,6150.0,BID
206,1712304300.2185974,80766.7510173,6052.0,0.0,6150.0,BID
207,1712304320.1912966,80767.7424173,6042.0,-6.51653632655995e-10,6150.0,ASK
208,1712304330.2207656,80767.7424173,6042.0,-0.0,6150.0,ASK
209,1712304360.1303864,80767.7424173,6042.0,-0.0,6150.0,ASK
210,1712304369.5688674,80782.6704173,6024.0,-9.812232324925672e-09,6150.0,ASK
211,1712304390.1450672,80782.6704173,6024.0,-0.0,6150.0,ASK
212,1712304420.1983595,80782.6704173,6024.0,-0.0,6150.0,ASK
213,1712304439.1688302,80790.0154173,6024.0,-4.827611645955679e-09,6150.0,ASK
214,1712304450.215212,80790.0154173,6024.0,-0.0,6150.0,ASK
215,1712304464.208572,80792.4084173,6024.0,-1.572789477856306e-09,6150.0,ASK
216,1712304480.1483765,80792.4084173,6024.0,-0.0,6150.0,ASK
217,1712304510.1256375,80792.4084173,6024.0,-0.0,6150.0,ASK
218,1712304540.19854,80792.4084173,6024.0,-0.0,6150.0,ASK
219,1712304570.1983075,80792.4084173,6024.0,-0.0,6150.0,ASK
220,1712304600.188359,80792.4084173,6024.0,-0.0,6150.0,ASK
221,1712304630.1484518,80792.4084173,6024.0,-0.0,6150.0,ASK
222,1712304660.1983984,80792.4084173,6024.0,-0.0,6150.0,ASK
223,1712304690.1883233,80792.4084173,6024.0,-0.0,6150.0,ASK
224,1712304720.138893,80792.4084173,6024.0,-0.0,6150.0,ASK
225,1712304750.148597,80792.4084173,6024.0,-0.0,6150.0,ASK
226,1712304751.3186734,80817.2929779,6042.0,1.635623942788467e-08,6150.0,BID
227,1712304751.321766,80825.47858583,6053.0,5.380274352361934e-09,6150.0,BID
228,1712304780.1983216,80825.47858583,6053.0,0.0,6150.0,BID
229,1712304810.2049675,80825.47858583,6053.0,0.0,6150.0,BID
230,1712304840.1283755,80825.47858583,6053.0,0.0,6150.0,BID
231,1712304870.1518333,80825.47858583,6053.0,0.0,6150.0,BID
232,1712304900.1684198,80825.47858583,6053.0,0.0,6150.0,BID
233,1712304930.1383247,80825.47858583,6053.0,0.0,6150.0,BID
234,1712304960.1982086,80825.47858583,6053.0,0.0,6150.0,BID
235,1712304990.190308,80825.47858583,6053.0,0.0,6150.0,BID
236,1712305020.1480105,80825.47858583,6053.0,0.0,6150.0,BID
237,1712305026.248206,81655.47858583,6030.0,5.455462741952736e-07,6150.0,BID
238,1712305050.13806,81655.47858583,6030.0,0.0,6150.0,BID
239,1712305080.2199435,81655.47858583,6030.0,0.0,6150.0,BID
240,1712305110.1978793,81655.47858583,6030.0,0.0,6150.0,BID
241,1712305140.1580973,81655.47858583,6030.0,0.0,6150.0,BID
242,1712305170.135512,81655.47858583,6030.0,0.0,6150.0,BID
243,1712305200.2519932,81655.47858583,6030.0,0.0,6150.0,BID
244,1712305230.1403153,81655.47858583,6030.0,0.0,6150.0,BID
245,1712305260.2270963,81655.47858583,6030.0,0.0,6150.0,BID
246,1712305290.1978831,81655.47858583,6030.0,0.0,6150.0,BID
247,1712305320.1479836,81655.47858583,6030.0,0.0,6150.0,BID
248,1712305350.148349,81655.47858583,6030.0,0.0,6150.0,BID
249,1712305380.1788597,81655.47858583,6030.0,0.0,6150.0,BID
250,1712305410.118503,81655.47858583,6030.0,0.0,6150.0,BID
251,1712305440.2254653,81655.47858583,6030.0,0.0,6150.0,BID
252,1712305470.1930273,81655.47858583,6030.0,0.0,6150.0,BID
253,1712305477.979034,81723.3419625,6052.0,4.464369164106716e-08,6150.0,BID
254,1712305477.9889312,81833.44375995,6052.0,7.243009316184519e-08,6150.0,BID
255,1712305500.1345134,81833.44375995,6052.0,0.0,6150.0,BID
256,1712305530.1289313,81833.44375995,6052.0,0.0,6150.0,BID
257,1712305531.929284,81892.16595995,6042.0,-3.860284834690757e-08,6150.0,ASK
258,1712305531.9324455,81947.25899334,6042.0,-3.621710380274025e-08,6150.0,ASK
259,1712305560.2090385,81947.25899334,6042.0,-0.0,6150.0,ASK
260,1712305590.1992376,81947.25899334,6042.0,-0.0,6150.0,ASK
261,1712305620.1654727,81947.25899334,6042.0,-0.0,6150.0,ASK
262,1712305650.1407132,81947.25899334,6042.0,-0.0,6150.0,ASK
263,1712305657.1696982,81947.25899432,6042.0,6.439412739284047e-16,6150.0,BID
264,1712305657.1792104,81980.36061532,6042.0,2.175053836334928e-08,6150.0,BID
265,1712305680.199329,81980.36061532,6042.0,0.0,6150.0,BID
266,1712305710.1993122,81980.36061532,6042.0,0.0,6150.0,BID
267,1712305740.1461434,81980.36061532,6042.0,0.0,6150.0,BID
268,1712305746.161578,82145.86872521,6042.0,-1.0873840498140301e-07,6150.0,ASK
269,1712305770.1396222,82145.86872521,6042.0,-0.0,6150.0,ASK
270,1712305800.1837387,82145.86872521,6042.0,-0.0,6150.0,ASK
271,1712305830.139849,82145.86872521,6042.0,-0.0,6150.0,ASK
272,1712305831.110188,82311.3768351,6051.0,1.0884002519596337e-07,6150.0,BID
273,1712305844.9062188,82344.97275707,6051.0,2.2093062364901007e-08,6150.0,BID
274,1712305844.9107423,82382.43946937,6051.0,2.4638538337799963e-08,6150.0,BID
275,1712305860.2300024,82382.43946937,6051.0,0.0,6150.0,BID
276,1712305877.720272,82544.67395229,6051.0,1.065869136019648e-07,6150.0,BID
277,1712305877.7227404,82939.63119537,6051.0,2.594841293105178e-07,6150.0,BID
278,1712305877.7943797,82965.57714988,6051.0,1.7046309526200814e-08,6150.0,BID
279,1712305877.7971644,83001.73149257,6051.0,2.3753148721997373e-08,6150.0,BID
280,1712305884.390316,83029.23509903,6046.0,-1.8069675895844592e-08,6150.0,ASK
281,1712305890.2000427,83029.23509903,6046.0,-0.0,6150.0,ASK
282,1712305907.1102722,84579.44791954,6045.0,-1.015866893937399e-06,6150.0,ASK
283,1712305907.113337,84589.44791954,6046.0,-6.5530801996798786e-09,6150.0,ASK
284,1712305920.1303794,84589.44791954,6046.0,-0.0,6150.0,ASK
285,1712305950.1502175,84589.44791954,6046.0,-0.0,6150.0,ASK
286,1712305980.15998,84589.44791954,6046.0,-0.0,6150.0,ASK
287,1712306010.136346,84589.44791954,6046.0,-0.0,6150.0,ASK
288,1712306022.9118524,84686.98315352,6044.0,6.352301482129068e-08,6150.0,BID
289,1712306022.9143243,84754.84653019,6044.0,4.4198246173426153e-08,6150.0,BID
290,1712306040.2104218,84754.84653019,6044.0,0.0,6150.0,BID
291,1712306070.2002528,84754.84653019,6044.0,0.0,6150.0,BID
292,1712306073.8603282,84822.70990686,6050.0,4.416948886350528e-08,6150.0,BID
293,1712306100.1503148,84822.70990686,6050.0,0.0,6150.0,BID
294,1712306130.1310174,84822.70990686,6050.0,0.0,6150.0,BID
295,1712306133.5207183,84873.00871164,6051.0,3.2938240622535365e-08,6150.0,BID
296,1712306133.523842,85655.27281475,6051.0,5.122667103384765e-07,6150.0,BID
297,1712306133.5268304,85834.67144835,6051.0,1.1747943885974693e-07,6150.0,BID
298,1712306133.5820067,85836.31375414,6058.0,1.0754661770540421e-09,6150.0,BID
299,1712306133.5851712,85942.05531369,6052.0,6.924500388216952e-08,6150.0,BID
300,1712306133.5882266,85949.75072384,6056.0,5.0393497881011445e-09,6150.0,BID
301,1712306160.1899838,85949.75072384,6056.0,0.0,6150.0,BID
302,1712306190.1999636,85949.75072384,6056.0,0.0,6150.0,BID
303,1712306220.1300771,85949.75072384,6056.0,0.0,6150.0,BID
304,1712306250.1360714,85949.75072384,6056.0,0.0,6150.0,BID
305,1712306280.2099805,85949.75072384,6056.0,0.0,6150.0,BID
306,1712306310.219947,85949.75072384,6056.0,0.0,6150.0,BID
307,1712306312.4400797,85966.2170502,6073.0,1.0735053351669462e-08,6150.0,BID
308,1712306340.1326709,85966.2170502,6073.0,0.0,6150.0,BID
309,1712306370.155509,85966.2170502,6073.0,0.0,6150.0,BID
310,1712306400.1688688,85966.2170502,6073.0,0.0,6150.0,BID
311,1712306430.1418462,85966.2170502,6073.0,0.0,6150.0,BID
312,1712306449.9701223,85967.81705019,6050.0,-1.0432695140913602e-09,6150.0,ASK
313,1712306451.4101474,85984.28337655,6070.0,1.0736760254834688e-08,6150.0,BID
314,1712306460.1999888,85984.28337655,6070.0,0.0,6150.0,BID
315,1712306490.2234278,85984.28337655,6070.0,0.0,6150.0,BID
316,1712306491.771113,85989.24123475,6051.0,-3.2325078949032247e-09,6150.0,ASK
317,1712306520.1398768,85989.24123475,6051.0,-0.0,6150.0,ASK
318,1712306550.1276455,85989.24123475,6051.0,-0.0,6150.0,ASK
319,1712306580.172034,85989.24123475,6051.0,-0.0,6150.0,ASK
320,1712306583.1400447,85999.65665378,6051.0,-6.790687501825917e-09,6150.0,ASK
321,1712306583.2802556,86012.66535378,6050.0,-8.481465436070686e-09,6150.0,ASK
322,1712306583.2835166,86022.58270915,6050.0,-6.4659579195310276e-09,6150.0,ASK
323,1712306583.2867043,86022.75526058,6050.0,-1.125007871295594e-10,6150.0,ASK
324,1712306610.1362062,86022.75526058,6050.0,-0.0,6150.0,ASK
325,1712306640.2001755,86022.75526058,6050.0,-0.0,6150.0,ASK
326,1712306670.200143,86022.75526058,6050.0,-0.0,6150.0,ASK
327,1712306672.759979,86036.30072715,6044.0,-8.830261312974099e-09,6150.0,ASK
328,1712306672.7699237,86112.68879796,6044.0,-4.9797223518346584e-08,6150.0,ASK
329,1712306700.1618536,86112.68879796,6044.0,-0.0,6150.0,ASK
330,1712306706.6922042,86118.14875825,6044.0,3.566661934364025e-09,6150.0,BID
331,1712306730.1279843,86118.14875825,6044.0,0.0,6150.0,BID
332,1712306760.2015514,86118.14875825,6044.0,0.0,6150.0,BID
333,1712306790.1998794,86118.14875825,6044.0,0.0,6150.0,BID
334,1712306794.086996,86119.80165081,6044.0,1.079711496120022e-09,6150.0,BID
335,1712306794.099998,86126.63775081,6044.0,-4.465514539328766e-09,6150.0,ASK
336,1712306820.1383262,86126.63775081,6044.0,-0.0,6150.0,ASK
337,1712306824.2401042,86143.10407717,6045.0,-1.0755863057644609e-08,6150.0,ASK
338,1712306827.5499983,87677.53475619,6044.0,1.002295587622433e-06,6150.0,BID
339,1712306827.5533657,87678.54355619,6044.0,6.589517549500845e-10,6150.0,BID
340,1712306850.185086,87678.54355619,6044.0,0.0,6150.0,BID
341,1712306855.4825013,87681.22255619,6036.0,-1.739276017633798e-09,6150.0,ASK
342,1712306880.2099674,87681.22255619,6036.0,-0.0,6150.0,ASK
343,1712306910.2003367,87681.22255619,6036.0,-0.0,6150.0,ASK
344,1712306940.159788,87681.22255619,6036.0,-0.0,6150.0,ASK
345,1712306970.139771,87681.22255619,6036.0,-0.0,6150.0,ASK
346,1712307000.153261,87681.22255619,6036.0,-0.0,6150.0,ASK
347,1712307030.1391306,87681.22255619,6036.0,-0.0,6150.0,ASK
348,1712307060.2018092,87681.22255619,6036.0,-0.0,6150.0,ASK
349,1712307090.1981218,87681.22255619,6036.0,-0.0,6150.0,ASK
350,1712307120.1403944,87681.22255619,6036.0,-0.0,6150.0,ASK
351,1712307129.736119,87689.47132989,6036.0,-5.356947747320942e-09,6150.0,ASK
352,1712307129.739564,87691.12805619,6037.0,-1.0759170445814639e-09,6150.0,ASK
353,1712307130.0896626,87693.16505618,6036.0,-1.3228757272992215e-09,6150.0,ASK
354,1712307150.1399603,87693.16505618,6036.0,-0.0,6150.0,ASK
355,1712307168.489825,87709.63138254,6036.0,-1.0693119221133009e-08,6150.0,ASK
356,1712307180.2097876,87709.63138254,6036.0,-0.0,6150.0,ASK
357,1712307189.9398594,87780.20028249,6036.0,-4.5824001198432944e-08,6150.0,ASK
358,1712307189.9426234,87783.58000415,6036.0,-2.194626379442814e-09,6150.0,ASK
359,1712307197.6697645,87833.32299867,6036.0,3.2300674122923044e-08,6150.0,BID
360,1712307210.212648,87833.32299867,6036.0,0.0,6150.0,BID
361,1712307212.9698098,87833.32299933,6036.0,4.2836550324021567e-16,6150.0,BID
362,1712307212.971694,88433.97355333,6036.0,3.898441700668549e-07,6150.0,BID
363,1712307240.1400783,88433.97355333,6036.0,0.0,6150.0,BID
364,1712307270.1577077,88433.97355333,6036.0,0.0,6150.0,BID
365,1712307300.1635818,88433.97355333,6036.0,0.0,6150.0,BID
366,1712307330.1397626,88433.97355333,6036.0,0.0,6150.0,BID
367,1712307340.4400053,88437.69855332,6036.0,-2.4242307055867347e-09,6150.0,ASK
368,1712307360.21185,88437.69855332,6036.0,-0.0,6150.0,ASK
369,1712307390.2098744,88437.69855332,6036.0,-0.0,6150.0,ASK
370,1712307420.1252637,88437.69855332,6036.0,-0.0,6150.0,ASK
371,1712307450.1412213,88437.69855332,6036.0,-0.0,6150.0,ASK
372,1712307480.2010972,88437.69855332,6036.0,-0.0,6150.0,ASK
373,1712307495.4202094,88444.99655332,6036.0,-4.749470297750435e-09,6150.0,ASK
374,1712307510.2032409,88444.99655332,6036.0,-0.0,6150.0,ASK
375,1712307523.7704916,88452.65608315,6036.0,-4.984607639702336e-09,6150.0,ASK
376,1712307523.7741578,88461.56381641,6036.0,-5.7969034974375595e-09,6150.0,ASK
377,1712307531.2833462,88672.06309941,6036.0,1.3698704195718069e-07,6150.0,BID
378,1712307531.2901478,88672.06310036,6036.0,6.182286491116882e-16,6150.0,BID
379,1712307540.1402268,88672.06310036,6036.0,0.0,6150.0,BID
380,1712307570.1542313,88672.06310036,6036.0,0.0,6150.0,BID
381,1712307587.2204623,88674.13402873,6060.0,1.3465012362119864e-09,6150.0,BID
382,1712307592.6648948,88715.55218645,6060.0,2.692975835357661e-08,6150.0,BID
383,1712307600.1907215,88715.55218645,6060.0,0.0,6150.0,BID
384,1712307615.3104494,88723.93018645,6031.0,-5.453323268578726e-09,6150.0,ASK
385,1712307630.1396685,88723.93018645,6031.0,-0.0,6150.0,ASK
386,1712307660.200345,88723.93018645,6031.0,-0.0,6150.0,ASK
387,1712307690.200582,88723.93018645,6031.0,-0.0,6150.0,ASK
388,1712307714.7704988,88758.93027998,6032.0,-2.278115865821732e-08,6150.0,ASK
389,1712307714.7727067,88811.80947679,6031.0,-3.4418461516822284e-08,6150.0,ASK
390,1712307720.1330135,88811.80947679,6031.0,-0.0,6150.0,ASK
391,1712307738.0607069,88894.71446767,6031.0,-5.394329572441588e-08,6150.0,ASK
392,1712307738.064546,88999.26725262,6031.0,-6.802873672024604e-08,6150.0,ASK
393,1712307738.2053597,89022.30876062,6031.0,1.4992280522404082e-08,6150.0,BID
394,1712307738.2083292,89022.30876074,6031.0,7.8076491137875e-17,6150.0,BID
395,1712307750.132533,89022.30876074,6031.0,0.0,6150.0,BID
396,1712307780.190554,89022.30876074,6031.0,0.0,6150.0,BID
397,1712307810.2008116,89022.30876074,6031.0,0.0,6150.0,BID
398,1712307840.168908,89022.30876074,6031.0,0.0,6150.0,BID
399,1712307845.860829,89027.55685392,6031.0,-3.411927114029996e-09,6150.0,ASK
400,1712307845.8646634,89029.60276074,6030.0,-1.3300992784438355e-09,6150.0,ASK
401,1712307870.136005,89029.60276074,6030.0,-0.0,6150.0,ASK
402,1712307889.1862988,89031.26113553,6030.0,-1.0781234074914202e-09,6150.0,ASK
403,1712307889.1880522,89055.21473959,6030.0,-1.5572439587587652e-08,6150.0,ASK
404,1712307900.2006423,89055.21473959,6030.0,-0.0,6150.0,ASK
405,1712307930.2006977,89055.21473959,6030.0,-0.0,6150.0,ASK
406,1712307935.6008556,89062.50373959,6030.0,-4.739915410064399e-09,6150.0,ASK
407,1712307960.1348794,89062.50373959,6030.0,-0.0,6150.0,ASK
408,1712307990.1355827,89062.50373959,6030.0,-0.0,6150.0,ASK
409,1712308020.2107482,89062.50373959,6030.0,-0.0,6150.0,ASK
410,1712308050.2210205,89062.50373959,6030.0,-0.0,6150.0,ASK
411,1712308080.1272204,89062.50373959,6030.0,-0.0,6150.0,ASK
412,1712308080.4130015,89070.79423867,6031.0,-5.391019512259456e-09,6150.0,ASK
413,1712308080.4167838,89077.07673958,6030.0,-4.085289035653467e-09,6150.0,ASK
414,1712308085.5147908,89084.35873958,6030.0,-4.735228085716455e-09,6150.0,ASK
415,1712308097.3310006,89089.27677236,6030.0,-3.198023475192157e-09,6150.0,ASK
416,1712308110.225104,89089.27677236,6030.0,-0.0,6150.0,ASK
417,1712308110.747508,89096.55777235,6030.0,-4.734080806792767e-09,6150.0,ASK
418,1712308125.285699,89178.81031578,6030.0,-5.348031694772416e-08,6150.0,ASK
419,1712308135.6609216,89186.09031578,6030.0,-4.733430616777097e-09,6150.0,ASK
420,1712308140.2009742,89186.09031578,6030.0,-0.0,6150.0,ASK
421,1712308155.741336,89193.37031577,6030.0,-4.731634598148237e-09,6150.0,ASK
422,1712308170.1909978,89193.37031577,6030.0,-0.0,6150.0,ASK
423,1712308175.8809,89200.65031577,6030.0,-4.731499606669551e-09,6150.0,ASK
424,1712308180.74659,89300.65031577,6030.0,-6.499312646512158e-08,6150.0,ASK
425,1712308185.5210643,89320.83991577,6034.0,1.3121852260800808e-08,6150.0,BID
426,1712308185.5301754,89336.07591577,6034.0,9.90235274821934e-09,6150.0,BID
427,1712308195.5012395,89338.45372344,6030.0,-1.545411546067578e-09,6150.0,ASK
428,1712308195.5058186,89343.35591577,6035.0,-3.186088060592514e-09,6150.0,ASK
429,1712308200.2042534,89343.35591577,6035.0,-0.0,6150.0,ASK
430,1712308215.4811575,89354.56943689,6030.0,-7.290919615422755e-09,6150.0,ASK
431,1712308215.4851985,89357.91591576,6035.0,-2.175847191503169e-09,6150.0,ASK
432,1712308218.991283,89500.41988554,6030.0,-9.265466015762824e-08,6150.0,ASK
433,1712308218.995416,89512.01894026,6030.0,-7.541589717743036e-09,6150.0,ASK
434,1712308219.0910754,89524.4327272,6030.0,8.071320483005011e-09,6150.0,BID
435,1712308219.1244297,89686.26180549,6030.0,1.052196530084708e-07,6150.0,BID
436,1712308219.2911108,89848.83393245,6030.0,1.0570277584431886e-07,6150.0,BID
437,1712308230.1536298,89848.83393245,6030.0,0.0,6150.0,BID
438,1712308230.7242725,89849.83393245,6035.0,-6.489040231480107e-10,6150.0,ASK
439,1712308230.7262328,89851.49313271,6036.0,-1.0766617239275591e-09,6150.0,ASK
440,1712308230.7281342,89856.17693244,6026.0,-3.039336488408841e-09,6150.0,ASK
441,1712308240.7539418,89863.45693244,6026.0,-4.724021288526205e-09,6150.0,ASK
442,1712308260.2012792,89863.45693244,6026.0,-0.0,6150.0,ASK
443,1712308264.961377,89867.43074774,6026.0,-2.5784772546099846e-09,6150.0,ASK
444,1712308283.021045,89892.95464774,6029.0,1.6561614124104676e-08,6150.0,BID
445,1712308283.0237825,89897.85684007,6030.0,3.18087038938585e-09,6150.0,BID
446,1712308283.0256348,89915.16754007,6029.0,1.1232340418908057e-08,6150.0,BID
447,1712308290.2014914,89915.16754007,6029.0,0.0,6150.0,BID
448,1712308320.1421895,89915.16754007,6029.0,0.0,6150.0,BID
449,1712308350.1421802,89915.16754007,6029.0,0.0,6150.0,BID
450,1712308380.2029471,89915.16754007,6029.0,0.0,6150.0,BID
451,1712308410.1975255,89915.16754007,6029.0,0.0,6150.0,BID
452,1712308440.1640458,89915.16754007,6029.0,0.0,6150.0,BID
453,1712308470.152881,89915.16754007,6029.0,0.0,6150.0,BID
454,1712308500.1510034,89915.16754007,6029.0,0.0,6150.0,BID
455,1712308507.3417456,89915.9968933,6030.0,-5.4016689989699e-10,6150.0,ASK
456,1712308507.3453178,89916.82624653,6030.0,-5.4016689989699e-10,6150.0,ASK
457,1712308507.348605,89986.99254007,6029.0,-4.5700080361056964e-08,6150.0,ASK
458,1712308530.141747,89986.99254007,6029.0,-0.0,6150.0,ASK
459,1712308560.1430106,89986.99254007,6029.0,-0.0,6150.0,ASK
460,1712308590.1411376,89986.99254007,6029.0,-0.0,6150.0,ASK
461,1712308620.2011588,89986.99254007,6029.0,-0.0,6150.0,ASK
462,1712308650.1911273,89986.99254007,6029.0,-0.0,6150.0,ASK
463,1712308670.591213,89994.27154007,6029.0,-4.739556184351291e-09,6150.0,ASK
464,1712308680.133323,89994.27154007,6029.0,-0.0,6150.0,ASK
465,1712308710.1425543,89994.27154007,6029.0,-0.0,6150.0,ASK
466,1712308740.2011635,89994.27154007,6029.0,-0.0,6150.0,ASK
467,1712308761.0013504,89996.62040808,6029.0,-1.5293685672066521e-09,6150.0,ASK
468,1712308761.0112784,90013.20690667,6029.0,-1.0799614740209088e-08,6150.0,ASK
469,1712308761.1212034,90483.48186172,6029.0,3.06200148810648e-07,6150.0,BID
470,1712308770.2012994,90483.48186172,6029.0,0.0,6150.0,BID
471,1712308800.176089,90483.48186172,6029.0,0.0,6150.0,BID
472,1712308810.891296,90491.07986172,6030.0,-4.93855177141131e-09,6150.0,ASK
473,1712308826.20144,90494.42967097,6029.0,-2.177310661417728e-09,6150.0,ASK
474,1712308826.208291,90498.35286172,6026.0,-2.5499974503864887e-09,6150.0,ASK
475,1712308830.13237,90498.35286172,6026.0,-0.0,6150.0,ASK
476,1712308846.1612828,90505.91386171,6026.0,-4.914216121809394e-09,6150.0,ASK
477,1712308860.2013106,90505.91386171,6026.0,-0.0,6150.0,ASK
478,1712308876.12374,90510.99686171,6026.0,-3.3035604944462873e-09,6150.0,ASK
479,1712308885.9920745,90511.68156805,6026.0,-4.45006652594858e-10,6150.0,ASK
480,1712308885.9940956,90516.33786171,6026.0,-3.0262340715529323e-09,6150.0,ASK
481,1712308890.5169053,90516.33786171,6026.0,-0.0,6150.0,ASK
482,1712308920.2158115,90516.33786171,6026.0,-0.0,6150.0,ASK
483,1712308950.144745,90516.33786171,6026.0,-0.0,6150.0,ASK
484,1712308966.0671136,90532.93261776,6026.0,-1.0784879499624053e-08,6150.0,ASK
485,1712308966.0733948,91128.4195698,6025.0,-3.870050877516416e-07,6150.0,ASK
486,1712308966.0753186,91140.35803219,6026.0,-7.758768968879258e-09,6150.0,ASK
487,1712308966.0771952,91175.39448032,6025.0,-2.2770076886836666e-08,6150.0,ASK
488,1712308980.197091,91175.39448032,6025.0,-0.0,6150.0,ASK
489,1712308980.8158145,91182.73448031,6025.0,-4.757964201360517e-09,6150.0,ASK
490,1712309010.2180386,91182.73448031,6025.0,-0.0,6150.0,ASK
491,1712309015.6914096,91196.68260713,6024.0,-9.041251467532104e-09,6150.0,ASK
492,1712309015.6948206,91209.58348031,6024.0,-8.362415977164138e-09,6150.0,ASK
493,1712309038.602162,91229.88313833,6024.0,-1.3158348445792321e-08,6150.0,ASK
494,1712309038.605716,91301.40190871,6023.0,-4.635885492000026e-08,6150.0,ASK
495,1712309038.6091392,91302.32405346,6024.0,-5.977392292044201e-10,6150.0,ASK
496,1712309038.612518,91483.23625383,6023.0,-1.1726826965351789e-07,6150.0,ASK
497,1712309038.615884,91484.89628039,6024.0,-1.076038221156783e-09,6150.0,ASK
498,1712309038.6210594,91738.3129332,6023.0,-1.6426604903172428e-07,6150.0,ASK
499,1712309038.6229582,91821.35561713,6021.0,-5.3828718195565066e-08,6150.0,ASK
500,1712309038.6248517,91826.35561713,6023.0,-3.2410271229272887e-09,6150.0,ASK
501,1712309038.626763,91827.18645897,6021.0,-5.385561876589083e-10,6150.0,ASK
502,1712309038.6289656,91828.01702492,6023.0,-5.383773542684382e-10,6150.0,ASK
503,1712309038.6309187,91844.6283206,6020.0,-1.0767531969163538e-08,6150.0,ASK
504,1712309038.6328971,91845.79053212,6023.0,-7.533518117801703e-10,6150.0,ASK
505,1712309038.6348438,91850.03484369,6021.0,-2.7511857833052873e-09,6150.0,ASK
506,1712309038.6367924,92216.48334867,6020.0,-2.375339087592664e-07,6150.0,ASK
507,1712309038.6387556,92219.80671192,6018.0,-2.154222086521236e-09,6150.0,ASK
508,1712309038.6407094,92231.43270835,6020.0,-7.536033952135243e-09,6150.0,ASK
509,1712309038.6427133,92232.35577249,6018.0,-5.983351827924058e-10,6150.0,ASK
510,1712309038.6446764,92233.27852996,6020.0,-5.981363976247612e-10,6150.0,ASK
511,1712309038.6466212,92566.44611034,6018.0,-2.159610328983293e-07,6150.0,ASK
512,1712309038.6815865,92567.36932789,6017.0,-5.984346239872888e-10,6150.0,ASK
513,1712309038.6848235,92600.63090883,6017.0,-2.156033719559712e-08,6150.0,ASK
514,1712309038.6882784,92935.04021888,6015.0,-2.167659288062923e-07,6150.0,ASK
515,1712309038.6917105,93102.81489892,6017.0,-1.0875245771001169e-07,6150.0,ASK
516,1712309038.6948495,93111.12745087,6015.0,-5.388241266140157e-09,6150.0,ASK
517,1712309038.6968117,93111.95884504,6017.0,-5.389142109649786e-10,6150.0,ASK
518,1712309038.698786,93448.61761334,6015.0,-2.182240398463163e-07,6150.0,ASK
519,1712309038.7318006,93448.61761457,6015.0,-7.972930836416465e-16,6150.0,ASK
520,1712309038.7814205,93451.94374129,6013.0,-2.1560133827623726e-09,6150.0,ASK
521,1712309038.7859514,93636.6364901,6013.0,-1.1971884166024436e-07,6150.0,ASK
522,1712309038.882038,93719.80348943,6012.0,-5.3909300112202464e-08,6150.0,ASK
523,1712309038.8865128,93720.72747479,6012.0,-5.98932322580826e-10,6150.0,ASK
524,1712309038.89104,93739.02421464,6012.0,-1.1860046023001568e-08,6150.0,ASK
525,1712309038.8951333,93743.18298024,6012.0,-2.695734421502442e-09,6150.0,ASK
526,1712309038.9015012,93744.01520428,6011.0,-5.394521371991804e-10,6150.0,ASK
527,1712309038.9037051,93987.43047509,6011.0,-1.577830989659809e-07,6150.0,ASK
528,1712309038.907248,94004.06941019,6010.0,-1.0785447991142892e-08,6150.0,ASK
529,1712309038.9107854,94421.65944224,6010.0,-2.706841240276208e-07,6150.0,ASK
530,1712309038.9233434,94504.88181241,6008.0,-5.3945191791061535e-08,6150.0,ASK
531,1712309038.9279838,94642.47034085,6010.0,-8.918563049553805e-08,6150.0,ASK
532,1712309038.9325264,94724.67949624,6008.0,-5.328842047438388e-08,6150.0,ASK
533,1712309039.4042,94725.69271102,6008.0,-6.567713166682234e-10,6150.0,ASK
534,1712309039.4063115,94726.52535062,6008.0,-5.397215054383239e-10,6150.0,ASK
535,1712309039.40833,94759.81984038,6007.0,-2.1581668871243492e-08,6150.0,ASK
536,1712309039.4103386,94809.81984038,6008.0,-3.2410271229272894e-08,6150.0,ASK
537,1712309039.4123492,94810.65261859,6007.0,-5.398113531953344e-10,6150.0,ASK
538,1712309039.41448,94811.57721912,6008.0,-5.993310791165497e-10,6150.0,ASK
539,1712309039.4165273,94812.50197357,6007.0,-5.994308509062622e-10,6150.0,ASK
540,1712309039.5016658,94817.50197357,6005.0,-3.2410271229272887e-09,6150.0,ASK
541,1712309039.5061953,94901.70500488,6004.0,-5.4580861661679046e-08,6150.0,ASK
542,1712309039.509822,94905.51757773,6005.0,-2.471330402998369e-09,6150.0,ASK
543,1712309039.513464,94906.55967898,6006.0,-6.75495683217932e-10,6150.0,ASK
544,1712309039.5170245,95072.56233502,6005.0,-1.0760382214072205e-07,6150.0,ASK
545,1712309039.5196602,95073.53254465,6006.0,-6.288951451526704e-10,6150.0,ASK
546,1712309039.5216396,95074.36560022,6005.0,-5.39991139451261e-10,6150.0,ASK
547,1712309039.523666,95075.765198,6006.0,-9.072268732293567e-10,6150.0,ASK
548,1712309039.5256834,95126.64862846,6005.0,-3.29829156456904e-08,6150.0,ASK
549,1712309040.1320086,95126.64862846,6005.0,-0.0,6150.0,ASK
550,1712309052.9913163,95128.31446221,6003.0,-1.0634503902903935e-09,6150.0,ASK
551,1712309052.996034,95296.6501872,6003.0,-1.074637204587166e-07,6150.0,ASK
552,1712309053.0718987,95313.31685386,6000.0,-1.0639821149289458e-08,6150.0,ASK
553,1712309053.0765655,95382.51998667,6001.0,-4.4178537381788014e-08,6150.0,ASK
554,1712309053.0811806,95391.85332,6000.0,-5.958299843852549e-09,6150.0,ASK
555,1712309053.0841484,95392.6947062,6002.0,-5.371319213444615e-10,6150.0,ASK
556,1712309053.086272,95671.0280395,6000.0,-1.776850132428594e-07,6150.0,ASK
557,1712309053.0884304,96132.69476083,6000.0,-2.947230808495704e-07,6150.0,ASK
558,1712309053.2913544,96136.35276203,6000.0,2.3352287128494782e-09,6150.0,BID
559,1712309053.2958918,96137.20418774,5997.0,-5.435410367976732e-10,6150.0,ASK
560,1712309053.300548,96138.87196625,5996.0,-1.064691904200226e-09,6150.0,ASK
561,1712309053.3036237,96222.27480194,5995.0,-5.3243475326392114e-08,6150.0,ASK
562,1712309070.1424117,96222.27480194,5995.0,-0.0,6150.0,ASK
563,1712309085.8912947,96225.22580194,5991.0,-1.8760136394643564e-09,6150.0,ASK
564,1712309096.7114213,96350.39269112,5992.0,-7.95712610338583e-08,6150.0,ASK
565,1712309096.7162857,96358.64169112,5991.0,-5.2440652361764444e-09,6150.0,ASK
566,1712309096.7916036,96455.27594676,5991.0,6.143245734329051e-08,6150.0,BID
567,1712309098.7270155,96488.6593552,5991.0,2.12225447527044e-08,6150.0,BID
568,1712309100.2011726,96488.6593552,5991.0,0.0,6150.0,BID
569,1712309104.9230697,96505.35384601,5990.0,-1.0607358455433549e-08,6150.0,ASK
570,1712309104.9275863,96538.74282763,5990.0,-2.1214716910876346e-08,6150.0,ASK
571,1712309104.935858,96841.8908572,5990.0,-1.926144289936374e-07,6150.0,ASK
572,1712309105.0012276,96874.27983724,5990.0,-2.0579335135186448e-08,6150.0,ASK
573,1712309105.00496,96951.97388024,5990.0,-4.936530100452578e-08,6150.0,ASK
574,1712309111.3710892,96956.62465666,5989.0,2.955013911148922e-09,6150.0,BID
575,1712309116.0341897,96960.28937651,5989.0,2.3284925266728223e-09,6150.0,BID
576,1712309124.5612593,96965.30358342,5983.0,-3.1859306563692036e-09,6150.0,ASK
577,1712309124.5653613,96966.97498551,5983.0,-1.0619767499068546e-09,6150.0,ASK
578,1712309124.6642845,96986.97498551,5982.0,-1.2707615435723537e-08,6150.0,ASK
579,1712309124.6697145,96986.97498572,5983.0,-1.3342912887523294e-16,6150.0,ASK
580,1712309128.9686887,97094.39988875,5989.0,6.825571779626455e-08,6150.0,BID
581,1712309128.971085,97153.94776915,5989.0,3.783557820678378e-08,6150.0,BID
582,1712309130.219484,97153.94776915,5989.0,0.0,6150.0,BID
583,1712309145.2412748,97155.35776915,5981.0,-8.936244109022265e-10,6150.0,ASK
584,1712309146.101503,97158.10376914,5981.0,-1.740349378313704e-09,6150.0,ASK
585,1712309150.981543,97356.81571915,5981.0,-1.259389001902977e-07,6150.0,ASK
586,1712309150.987819,97575.50918802,5980.0,-1.38602710843014e-07,6150.0,ASK
587,1712309150.9935627,97576.50918802,5980.0,-6.337761779498128e-10,6150.0,ASK
588,1712309159.136088,97600.43263299,5980.0,-1.516210951648028e-08,6150.0,ASK
589,1712309160.1311412,97600.43263299,5980.0,-0.0,6150.0,ASK
590,1712309160.4741857,97602.64577565,5980.0,-1.4002674265908716e-09,6150.0,ASK
591,1712309170.0927353,97705.54407782,5980.0,-6.510431676395133e-08,6150.0,ASK
592,1712309171.0159209,97715.54407782,5980.0,-6.327054518002965e-09,6150.0,ASK
593,1712309176.4528944,97725.54407782,5980.0,-6.327054518002965e-09,6150.0,ASK
594,1712309184.9420853,97726.54591452,5989.0,6.33867541904345e-10,6150.0,BID
595,1712309190.1370163,97726.54591452,5989.0,0.0,6150.0,BID
596,1712309191.7119498,97809.19054261,5980.0,-5.22647678252061e-08,6150.0,ASK
597,1712309196.6521144,97812.52999827,5989.0,2.111884084494841e-09,6150.0,BID
598,1712309215.5921247,97843.89799274,5988.0,1.983723547442475e-08,6150.0,BID
599,1712309215.5971737,97847.0665787,5989.0,2.0038254555769496e-09,6150.0,BID
600,1712309220.2210164,97847.0665787,5989.0,0.0,6150.0,BID
601,1712309250.2037642,97847.0665787,5989.0,0.0,6150.0,BID
602,1712309263.4319077,97898.62320145,5989.0,3.2589738317285736e-08,6150.0,BID
603,1712309280.12246,97898.62320145,5989.0,0.0,6150.0,BID
604,1712309287.4020784,97906.62320145,5981.0,-5.055936864336145e-09,6150.0,ASK
605,1712309309.7020292,97907.62503815,5989.0,6.331528879475855e-10,6150.0,BID
606,1712309310.1343288,97907.62503815,5989.0,0.0,6150.0,BID
607,1712309311.5921197,97955.07462788,5981.0,-2.9986745744927775e-08,6150.0,ASK
608,1712309311.5968282,97956.74435571,5981.0,-1.055218900443215e-09,6150.0,ASK
609,1712309311.602018,98114.21840813,5981.0,-9.95189715698486e-08,6150.0,ASK
610,1712309323.3397827,98170.87596645,5981.0,3.5805911189910555e-08,6150.0,BID
611,1712309334.4720569,98338.58409802,5989.0,1.0598660872227185e-07,6150.0,BID
612,1712309340.2019615,98338.58409802,5989.0,0.0,6150.0,BID
613,1712309342.0618176,98340.25382585,5989.0,1.0535019094428523e-09,6150.0,BID
614,1712309359.112053,98341.08885673,5989.0,5.268563000023599e-10,6150.0,BID
615,1712309366.8225164,98342.11447973,5981.0,-6.47108929641283e-10,6150.0,ASK
616,1712309366.8274012,98493.6219908,5980.0,-9.559249677678473e-08,6150.0,ASK
617,1712309366.831378,98503.85832408,5989.0,-6.458535614267005e-09,6150.0,ASK
618,1712309366.8354409,98530.79882628,5981.0,-1.6997902292304925e-08,6150.0,ASK
619,1712309366.8388274,99497.19856119,5980.0,-6.097424668390178e-07,6150.0,ASK
620,1712309366.9419897,99498.87248152,5974.0,-1.05614713501356e-09,6150.0,ASK
621,1712309366.9460423,99780.29790817,5974.0,-1.775632046223394e-07,6150.0,ASK
622,1712309367.5446162,99797.04832693,5970.0,-1.0568547658241532e-08,6150.0,ASK
623,1712309367.549516,99838.27422693,5970.0,-2.6011163968295983e-08,6150.0,ASK
624,1712309367.5545774,99936.76873196,5970.0,-6.21443490696584e-08,6150.0,ASK
625,1712309370.2018502,99936.76873196,5970.0,-0.0,6150.0,ASK
626,1712309372.621936,99976.77373196,5969.0,-2.5089605438143523e-08,6150.0,ASK
627,1712309372.6261716,100049.59231858,5969.0,-4.5669031542533454e-08,6150.0,ASK
628,1712309372.6302202,100108.29531858,5969.0,-3.681627566641716e-08,6150.0,ASK
629,1712309372.7019486,100133.85303196,5969.0,-1.6028820012628162e-08,6150.0,ASK
630,1712309372.7070887,100149.01489449,5968.0,-9.508940097115709e-09,6150.0,ASK
631,1712309372.8020437,100151.13199597,5968.0,-1.327765049514947e-09,6150.0,ASK
632,1712309372.8072236,100211.22689597,5968.0,-3.768922209334897e-08,6150.0,ASK
633,1712309377.101952,100226.58263731,5968.0,-9.630533469083485e-09,6150.0,ASK
634,1712309377.5418048,100241.07292029,5968.0,-9.087751097491396e-09,6150.0,ASK
635,1712309400.2020185,100241.07292029,5968.0,-0.0,6150.0,ASK
636,1712309423.6721663,100269.20459449,5968.0,-1.7628341188505204e-08,6150.0,ASK
637,1712309423.675415,100316.08889207,5968.0,-2.93794243544652e-08,6150.0,ASK
638,1712309423.678456,100425.23865222,5968.0,-6.839725211119381e-08,6150.0,ASK
639,1712309423.7918832,100474.55105222,5968.0,3.090096258913916e-08,6150.0,BID
640,1712309423.812205,100547.25575222,5968.0,4.5559437682079e-08,6150.0,BID
641,1712309423.91387,100597.61155222,5968.0,3.1554795385055544e-08,6150.0,BID
642,1712309423.9163735,100671.85395222,5968.0,4.6523017028729824e-08,6150.0,BID
643,1712309424.1119823,101445.40087022,5968.0,4.84732934800515e-07,6150.0,BID
644,1712309424.2319412,101515.81918465,5968.0,4.412670443522039e-08,6150.0,BID
645,1712309430.148906,101515.81918465,5968.0,0.0,6150.0,BID
646,1712309432.7020204,101519.62814319,5968.0,2.375508783063352e-09,6150.0,BID
647,1712309442.1145587,102012.64499545,5968.0,3.074766633562548e-07,6150.0,BID
648,1712309442.1189425,102892.57557245,5968.0,5.487806685732179e-07,6150.0,BID
649,1712309442.1719282,103425.62244645,5977.0,3.3244193069401374e-07,6150.0,BID
650,1712309442.1919458,103425.62244659,5977.0,8.731538349343018e-17,6150.0,BID
651,1712309444.062876,103426.55340016,5967.0,-5.80601851907153e-10,6150.0,ASK
652,1712309444.073032,103502.21410016,5967.0,-4.7186824297291784e-08,6150.0,ASK
653,1712309444.077276,103503.08526916,5966.0,-5.43316391951291e-10,6150.0,ASK
654,1712309444.0802977,103506.43703722,5967.0,-2.090375723893086e-09,6150.0,ASK
655,1712309444.0827513,103507.29274361,5967.0,-5.336729249754954e-10,6150.0,ASK
656,1712309444.085234,103508.22432167,5963.0,-5.809913235864658e-10,6150.0,ASK
657,1712309444.0877316,103559.54272167,5967.0,-3.20054179252708e-08,6150.0,ASK
658,1712309444.0902207,103563.73400415,5965.0,-2.613950306616845e-09,6150.0,ASK
659,1712309444.0927038,103564.66511377,5966.0,-5.806991746083032e-10,6150.0,ASK
660,1712309444.095357,103565.59637948,5965.0,-5.807965222670781e-10,6150.0,ASK
661,1712309444.0978582,103715.59637948,5963.0,-9.354953951780002e-08,6150.0,ASK
662,1712309444.1821015,103772.72967948,5963.0,3.5631959374216325e-08,6150.0,BID
663,1712309444.1874788,104871.80110548,5963.0,6.854508386631424e-07,6150.0,BID
664,1712309444.1928377,104880.51348877,5963.0,5.4335962992113854e-09,6150.0,BID
665,1712309460.1929345,104880.51348877,5963.0,0.0,6150.0,BID
666,1712309476.322006,104882.18881127,5969.0,-1.0319157301494692e-09,6150.0,ASK
667,1712309481.3423555,104895.9739761,6004.0,8.490979158212481e-09,6150.0,BID
668,1712309481.348014,104963.83735277,6000.0,4.180048073542155e-08,6150.0,BID
669,1712309481.3534195,104965.51267527,6001.0,1.0319157301494692e-09,6150.0,BID
670,1712309490.2020173,104965.51267527,6001.0,0.0,6150.0,BID
671,1712309520.173113,104965.51267527,6001.0,0.0,6150.0,BID
672,1712309550.1258285,104965.51267527,6001.0,0.0,6150.0,BID
673,1712309571.4320662,104975.51267527,5970.0,-6.157570684769042e-09,6150.0,ASK
674,1712309580.2282996,104975.51267527,5970.0,-0.0,6150.0,ASK
675,1712309581.1920056,104985.51267526,5972.0,-6.157344330344038e-09,6150.0,ASK
676,1712309610.145132,104985.51267526,5972.0,-0.0,6150.0,ASK
677,1712309640.2018795,104985.51267526,5972.0,-0.0,6150.0,ASK
678,1712309670.2019289,104985.51267526,5972.0,-0.0,6150.0,ASK
679,1712309700.141794,104985.51267526,5972.0,-0.0,6150.0,ASK
680,1712309730.1446538,104985.51267526,5972.0,-0.0,6150.0,ASK
681,1712309760.2018895,104985.51267526,5972.0,-0.0,6150.0,ASK
682,1712309790.1378314,105020.96226499,5975.0,-2.1826913411964416e-08,6150.0,ASK
683,1712309790.142757,105034.48427173,5974.0,-8.325728803017298e-09,6150.0,ASK
684,1712309790.2119606,105034.48427173,5974.0,-0.0,6150.0,ASK
685,1712309817.692321,105255.8865493,5972.0,-1.3629658163689893e-07,6150.0,ASK
686,1712309817.697551,105263.41929879,5972.0,-4.637206161933688e-09,6150.0,ASK
687,1712309817.702773,105266.64210115,5974.0,-1.9839766319520223e-09,6150.0,ASK
688,1712309817.7053874,105283.38691025,5972.0,-1.0308205794181362e-08,6150.0,ASK
689,1712309820.139735,105283.38691025,5972.0,-0.0,6150.0,ASK
690,1712309849.692132,105322.43731025,6003.0,2.4017684659424012e-08,6150.0,BID
691,1712309849.697902,105447.26818692,6003.0,7.677638722318385e-08,6150.0,BID
692,1712309849.9325094,105559.51892929,6003.0,-6.903906062497237e-08,6150.0,ASK
693,1712309850.1497762,105559.51892929,6003.0,-0.0,6150.0,ASK
694,1712309856.5821474,105595.66271434,6003.0,-2.2207350196479226e-08,6150.0,ASK
695,1712309880.201973,105595.66271434,6003.0,-0.0,6150.0,ASK
696,1712309910.022064,105663.57191434,6003.0,-4.17189944824017e-08,6150.0,ASK
697,1712309910.2157598,105663.57191434,6003.0,-0.0,6150.0,ASK
698,1712309918.7919717,105753.65080651,6005.0,5.532475556527296e-08,6150.0,BID
699,1712309918.892203,105850.84014922,6005.0,5.969186009562226e-08,6150.0,BID
700,1712309918.8979154,105918.70352589,6004.0,-4.168040520542515e-08,6150.0,ASK
701,1712309918.9035566,106046.42506096,6004.0,-7.84441564271637e-08,6150.0,ASK
702,1712309921.4824,106116.28608429,6004.0,4.290732208359919e-08,6150.0,BID
703,1712309921.488224,106164.05838429,6004.0,2.9340845081695284e-08,6150.0,BID
704,1712309921.8022144,106173.86011284,6005.0,6.020036693202799e-09,6150.0,BID
705,1712309921.8075306,106259.90981284,6005.0,5.285010177500738e-08,6150.0,BID
706,1712309925.1020026,106265.59931284,6003.0,-3.4943835254434383e-09,6150.0,ASK
707,1712309925.1050732,106275.18491284,6003.0,-5.887294616656234e-09,6150.0,ASK
708,1712309925.2022586,106276.01785754,6004.0,5.11578915068152e-10,6150.0,BID
709,1712309925.2077703,106306.96555754,6004.0,1.9007493282394565e-08,6150.0,BID
710,1712309940.146051,106306.96555754,6004.0,0.0,6150.0,BID
711,1712309940.9022088,106939.66603222,6003.0,-3.876728267032688e-07,6150.0,ASK
712,1712309970.1519578,106939.66603222,6003.0,-0.0,6150.0,ASK
713,1712310000.161914,106939.66603222,6003.0,-0.0,6150.0,ASK
714,1712310006.192248,106961.67103222,5972.0,-1.3451758370657714e-08,6150.0,ASK
715,1712310007.2522962,106963.33686596,6003.0,1.018331877127209e-09,6150.0,BID
716,1712310010.2442777,106966.7011838,6003.0,2.056623070480022e-09,6150.0,BID
717,1712310011.5820658,106974.0021838,5972.0,-4.4631350994824455e-09,6150.0,ASK
718,1712310030.1419392,106974.0021838,5972.0,-0.0,6150.0,ASK
719,1712310052.5422678,107009.75122153,5972.0,-2.1850811149992512e-08,6150.0,ASK
720,1712310052.5482724,108219.0058391,5972.0,-7.391302244369542e-07,6150.0,ASK
721,1712310060.1924543,108219.0058391,5972.0,-0.0,6150.0,ASK
722,1712310090.2020328,108219.0058391,5972.0,-0.0,6150.0,ASK
723,1712310120.1248806,108219.0058391,5972.0,-0.0,6150.0,ASK
724,1712310150.1218698,108219.0058391,5972.0,-0.0,6150.0,ASK
725,1712310180.2020988,108219.0058391,5972.0,-0.0,6150.0,ASK
726,1712310210.1958964,108219.0058391,5972.0,-0.0,6150.0,ASK
727,1712310240.132501,108219.0058391,5972.0,-0.0,6150.0,ASK
728,1712310267.01218,108235.74784479,5973.0,-1.0186886756379457e-08,6150.0,ASK
729,1712310267.0182874,108256.41877034,5972.0,-1.2577488123364045e-08,6150.0,ASK
730,1712310270.1420956,108256.41877034,5972.0,-0.0,6150.0,ASK
731,1712310300.1620543,108256.41877034,5972.0,-0.0,6150.0,ASK
732,1712310315.0720654,108408.51734017,5973.0,-9.255489140504513e-08,6150.0,ASK
733,1712310330.135326,108408.51734017,5973.0,-0.0,6150.0,ASK
734,1712310341.372008,108416.41877034,5973.0,4.805514883072721e-09,6150.0,BID
735,1712310360.2075384,108416.41877034,5973.0,0.0,6150.0,BID
736,1712310368.2920866,108420.76325118,5973.0,-2.642163209809567e-09,6150.0,ASK
737,1712310382.5021129,108448.35045051,5973.0,-1.6777581905792114e-08,6150.0,ASK
738,1712310390.201982,108448.35045051,5973.0,-0.0,6150.0,ASK
739,1712310420.1372194,108448.35045051,5973.0,-0.0,6150.0,ASK
740,1712310440.2539794,108470.36245051,5975.0,-1.3385385587104338e-08,6150.0,ASK
741,1712310450.1698563,108470.36245051,5975.0,-0.0,6150.0,ASK
742,1712310480.2221503,108470.36245051,5975.0,-0.0,6150.0,ASK
743,1712310510.2120492,108470.36245051,5975.0,-0.0,6150.0,ASK
744,1712310540.1421947,108470.36245051,5975.0,-0.0,6150.0,ASK
745,1712310570.239714,108470.36245051,5975.0,-0.0,6150.0,ASK
746,1712310600.1622024,108470.36245051,5975.0,-0.0,6150.0,ASK
747,1712310607.5823176,108472.02995092,5997.0,1.0141378974816223e-09,6150.0,BID
748,1712310608.7123082,108475.39763476,5997.0,2.048152905034141e-09,6150.0,BID
749,1712310618.9606726,108498.04079704,5997.0,1.3771084462299212e-08,6150.0,BID
750,1712310618.9637067,108560.86898946,5997.0,3.821075580037513e-08,6150.0,BID
751,1712310624.012301,108577.54399362,5997.0,1.014137901133199e-08,6150.0,BID
752,1712310630.1437974,108577.54399362,5997.0,0.0,6150.0,BID
753,1712310660.221992,108577.54399362,5997.0,0.0,6150.0,BID
754,1712310690.192593,108577.54399362,5997.0,0.0,6150.0,BID
755,1712310720.1320722,108577.54399362,5997.0,0.0,6150.0,BID
756,1712310750.133819,108577.54399362,5997.0,0.0,6150.0,BID
757,1712310771.8022804,108582.54399362,5995.0,-3.039704224555143e-09,6150.0,ASK
758,1712310771.8085368,108583.73399361,5976.0,-7.23449599367854e-10,6150.0,ASK
759,1712310780.203158,108583.73399361,5976.0,-0.0,6150.0,ASK
760,1712310801.3921323,108604.27799361,5976.0,-1.2489255130586089e-08,6150.0,ASK
761,1712310810.202241,108604.27799361,5976.0,-0.0,6150.0,ASK
762,1712310831.192715,108612.59423975,6017.0,5.055294411955208e-09,6150.0,BID
763,1712310831.1988633,108680.45761642,5993.0,4.1252909435407314e-08,6150.0,BID
764,1712310831.203681,108833.91978126,6001.0,9.328685218084005e-08,6150.0,BID
765,1712310831.2075803,108873.7528916,5997.0,2.4213821563539973e-08,6150.0,BID
766,1712310831.2103784,108904.27799361,6003.0,1.855565299746959e-08,6150.0,BID
767,1712310840.152084,108904.27799361,6003.0,0.0,6150.0,BID
768,1712310870.1408117,108904.27799361,6003.0,0.0,6150.0,BID
769,1712310874.4321218,108934.20435664,6016.0,1.8171809425445738e-08,6150.0,BID
770,1712310877.3423257,108956.64534733,6016.0,1.3626560826262749e-08,6150.0,BID
771,1712310900.2019124,108956.64534733,6016.0,0.0,6150.0,BID
772,1712310930.2021315,108956.64534733,6016.0,0.0,6150.0,BID
773,1712310960.1421044,108956.64534733,6016.0,0.0,6150.0,BID
774,1712310990.131969,108956.64534733,6016.0,0.0,6150.0,BID
775,1712311020.1930785,108956.64534733,6016.0,0.0,6150.0,BID
776,1712311050.1986673,108956.64534733,6016.0,0.0,6150.0,BID
777,1712311062.5820904,108958.31155039,6016.0,1.0130704993134015e-09,6150.0,BID
778,1712311066.392169,108978.31155039,6000.0,1.2160228529582478e-08,6150.0,BID
779,1712311080.1263025,108978.31155039,6000.0,0.0,6150.0,BID
780,1712311088.2822604,109046.17492706,6001.0,-4.1258446726911983e-08,6150.0,ASK
781,1712311091.733021,109061.86058423,6000.0,-9.53630488904618e-09,6150.0,ASK
782,1712311110.1444352,109061.86058423,6000.0,-0.0,6150.0,ASK
783,1712311140.2133248,109061.86058423,6000.0,-0.0,6150.0,ASK
784,1712311170.1920345,109061.86058423,6000.0,-0.0,6150.0,ASK
785,1712311200.18261,109061.86058423,6000.0,-0.0,6150.0,ASK
786,1712311209.602185,109065.22658423,5999.0,2.0501256825263788e-09,6150.0,BID
787,1712311210.3621182,109129.7239609,5999.0,3.92833417608309e-08,6150.0,BID
788,1712311210.4901166,109176.22875125,5999.0,-2.8324618258233305e-08,6150.0,ASK
789,1712311230.1505156,109176.22875125,5999.0,-0.0,6150.0,ASK
790,1712311255.3739638,109376.26209013,5999.0,-1.2178318110077013e-07,6150.0,ASK
791,1712311255.3772247,109384.59681258,5999.0,-5.074299210504759e-09,6150.0,ASK
792,1712311260.1709683,109384.59681258,5999.0,-0.0,6150.0,ASK
793,1712311290.1325722,109384.59681258,5999.0,-0.0,6150.0,ASK
794,1712311320.202386,109384.59681258,5999.0,-0.0,6150.0,ASK
795,1712311343.1420348,109396.49224136,5999.0,7.236601383900033e-09,6150.0,BID
796,1712311343.3020496,109495.48802475,5999.0,-6.02242286788994e-08,6150.0,ASK
797,1712311350.222092,109495.48802475,5999.0,-0.0,6150.0,ASK
798,1712311377.2124808,109512.19088093,5987.0,-1.0157096276828056e-08,6150.0,ASK
799,1712311377.2175972,109580.0542576,5987.0,-4.126808272069273e-08,6150.0,ASK
800,1712311380.1579094,109580.0542576,5987.0,-0.0,6150.0,ASK
801,1712311383.952346,109581.72789776,5975.0,-1.0174362917621635e-09,6150.0,ASK
1002,1712311384.0921698,109583.40153794,5975.0,1.0174363039082342e-09,6150.0,BID
802,1712311384.0921698,109583.40153794,5975.0,1.017436303908234e-09,6150.0,BID
803,1712311397.022262,109610.71733794,5975.0,-1.6605771612471865e-08,6150.0,ASK
804,1712311397.0315382,109629.33253794,5975.0,-1.1316518634649631e-08,6150.0,ASK
805,1712311397.124518,109645.08382914,5975.0,9.575496389215877e-09,6150.0,BID
806,1712311410.152338,109645.08382914,5975.0,0.0,6150.0,BID
807,1712311440.203234,109645.08382914,5975.0,0.0,6150.0,BID
808,1712311444.743193,109670.06011036,5975.0,-1.517994997713489e-08,6150.0,ASK
809,1712311458.593271,109671.82154338,5974.0,-1.0705542949394508e-09,6150.0,ASK
810,1712311470.2034888,109671.82154338,5974.0,-0.0,6150.0,ASK
811,1712311473.1637876,109681.82154338,5974.0,-6.077156194220934e-09,6150.0,ASK
812,1712311475.253785,109704.9948189,5974.0,1.4082761486670697e-08,6150.0,BID
813,1712311485.0342,109705.5332391,5973.0,-3.272063653515497e-10,6150.0,ASK
814,1712311485.04095,109706.58152253,5973.0,-6.37058213995733e-10,6150.0,ASK
1014,1712311485.04095,109706.58152253,5973.0,-6.370582139957331e-10,6150.0,ASK
815,1712311488.8843927,109707.41499477,5999.0,5.065140986046492e-10,6150.0,BID
816,1712311490.034175,109707.8534864,5973.0,-2.6647821253052394e-10,6150.0,ASK
1017,1712311490.0409825,109709.26255211,5973.0,-8.563112407604936e-10,6150.0,ASK
817,1712311490.0409825,109709.26255211,5973.0,-8.563112407604935e-10,6150.0,ASK
818,1712311490.0740454,109738.73529642,5973.0,1.7911047064419555e-08,6150.0,BID
819,1712311490.0805008,109751.98255561,5973.0,8.050566324296159e-09,6150.0,BID
820,1712311490.1938848,109908.06611487,5973.0,9.485441689729904e-08,6150.0,BID
821,1712311490.2940671,110440.82870329,5973.0,3.237681464265752e-07,6150.0,BID
822,1712311490.3940144,110486.39571943,5973.0,2.7691787438739574e-08,6150.0,BID
823,1712311490.453942,110596.91226255,5973.0,6.716262945855949e-08,6150.0,BID
824,1712311500.1439197,110596.91226255,5973.0,0.0,6150.0,BID
825,1712311530.134487,110596.91226255,5973.0,0.0,6150.0,BID
826,1712311560.205174,110596.91226255,5973.0,0.0,6150.0,BID
827,1712311590.1954887,110596.91226255,5973.0,0.0,6150.0,BID
828,1712311620.1376195,110596.91226255,5973.0,0.0,6150.0,BID
829,1712311650.1463122,110596.91226255,5973.0,0.0,6150.0,BID
830,1712311680.2067292,110596.91226255,5973.0,0.0,6150.0,BID
831,1712311696.4672897,110646.48078372,5975.0,-3.003486805165109e-08,6150.0,ASK
832,1712311696.4743063,110721.04638054,5973.0,-4.518125231132785e-08,6150.0,ASK
1032,1712311696.4743063,110721.04638054,5973.0,-4.5181252311327853e-08,6150.0,ASK
833,1712311696.6070428,110759.93802061,5973.0,2.3565465546337927e-08,6150.0,BID
834,1712311710.2279837,110759.93802061,5973.0,0.0,6150.0,BID
835,1712311740.1499734,110759.93802061,5973.0,0.0,6150.0,BID
836,1712311770.1481707,110759.93802061,5973.0,0.0,6150.0,BID
837,1712311800.1882758,110759.93802061,5973.0,0.0,6150.0,BID
838,1712311830.14864,110759.93802061,5973.0,0.0,6150.0,BID
839,1712311845.9790096,110761.41215002,5973.0,-8.933435977280681e-10,6150.0,ASK
840,1712311860.2767816,110761.41215002,5973.0,-0.0,6150.0,ASK
841,1712311890.201785,110761.41215002,5973.0,-0.0,6150.0,ASK
842,1712311896.9893868,110766.15715002,5974.0,-2.875522816376858e-09,6150.0,ASK
843,1712311904.0194166,110793.60370595,5974.0,-1.6632918399948954e-08,6150.0,ASK
844,1712311920.182284,110793.60370595,5974.0,-0.0,6150.0,ASK
845,1712311940.399778,110801.92870595,6000.0,5.044454767154202e-09,6150.0,BID
846,1712311945.399838,110802.82870595,6000.0,5.453464613096781e-10,6150.0,BID
847,1712311950.1506798,110802.82870595,6000.0,0.0,6150.0,BID
848,1712311952.0200863,110809.02970595,5975.0,-3.757311102715242e-09,6150.0,ASK
849,1712311956.859883,110816.35770594,5975.0,-4.440183151605932e-09,6150.0,ASK
850,1712311960.1700237,110874.99608261,6000.0,3.553017637596572e-08,6150.0,BID
851,1712311960.1762526,110886.35770594,6001.0,6.884236975111112e-09,6150.0,BID
852,1712311980.243184,110886.35770594,6001.0,0.0,6150.0,BID
853,1712311981.7983022,110889.12870594,5976.0,-1.6784954698021707e-09,6150.0,ASK
854,1712312010.2222087,110889.12870594,5976.0,-0.0,6150.0,ASK
855,1712312011.8306117,110941.80729567,5976.0,-3.190901743223906e-08,6150.0,ASK
856,1712312011.8358948,110967.57722942,5976.0,-1.5609629442830982e-08,6150.0,ASK
857,1712312040.1406405,110967.57722942,5976.0,-0.0,6150.0,ASK
858,1712312070.1507175,110967.57722942,5976.0,-0.0,6150.0,ASK
859,1712312100.1554213,110967.57722942,5976.0,-0.0,6150.0,ASK
860,1712312130.1414192,110967.57722942,5976.0,-0.0,6150.0,ASK
861,1712312133.7414525,110969.74322942,5978.0,-1.3132175690319827e-09,6150.0,ASK
862,1712312160.211437,110969.74322942,5978.0,-0.0,6150.0,ASK
863,1712312182.2114902,110977.09322942,5981.0,-4.4561742195873685e-09,6150.0,ASK
864,1712312190.2066584,110977.09322942,5981.0,-0.0,6150.0,ASK
865,1712312192.2616544,110979.84522942,5981.0,-1.6684441649565361e-09,6150.0,ASK
1065,1712312192.2616544,110979.84522942,5981.0,-1.668444164956536e-09,6150.0,ASK
866,1712312206.4822786,110987.92763054,5980.0,-4.9000853879139615e-09,6150.0,ASK
867,1712312206.4898005,111033.41369786,5981.0,-2.7576658287451585e-08,6150.0,ASK
868,1712312220.1523373,111033.41369786,5981.0,-0.0,6150.0,ASK
869,1712312250.1538591,111033.41369786,5981.0,-0.0,6150.0,ASK
870,1712312280.2132192,111033.41369786,5981.0,-0.0,6150.0,ASK
871,1712312288.5125144,111134.37963918,5980.0,-6.119972420565659e-08,6150.0,ASK
872,1712312310.2122,111134.37963918,5980.0,-0.0,6150.0,ASK
873,1712312340.1425214,111134.37963918,5980.0,-0.0,6150.0,ASK
874,1712312370.1644075,111134.37963918,5980.0,-0.0,6150.0,ASK
875,1712312400.1727884,111134.37963918,5980.0,-0.0,6150.0,ASK
876,1712312422.2132702,111151.82063918,5982.0,-1.0576626433949206e-08,6150.0,ASK
877,1712312430.1435077,111151.82063918,5982.0,-0.0,6150.0,ASK
878,1712312436.9830277,111157.99477682,6001.0,3.743903219028796e-09,6150.0,BID
879,1712312460.2168634,111157.99477682,6001.0,0.0,6150.0,BID
880,1712312463.023043,111179.94677681,5982.0,-1.3311060065411989e-08,6150.0,ASK
881,1712312490.2133627,111179.94677681,5982.0,-0.0,6150.0,ASK
1082,1712312517.213436,111201.99377681,5982.0,-1.3367600914505121e-08,6150.0,ASK
882,1712312517.213436,111201.99377681,5982.0,-1.336760091450512e-08,6150.0,ASK
883,1712312520.1562765,111201.99377681,5982.0,-0.0,6150.0,ASK
884,1712312550.1534674,111201.99377681,5982.0,-0.0,6150.0,ASK
885,1712312557.1337616,111218.5617768,5982.0,-1.0044754526006712e-08,6150.0,ASK
886,1712312577.2737546,111225.8897768,5982.0,-4.442778923898278e-09,6150.0,ASK
887,1712312580.250009,111225.8897768,5982.0,-0.0,6150.0,ASK
888,1712312606.967521,111229.85977679,5982.0,-2.4067008519803467e-09,6150.0,ASK
889,1712312610.2136998,111229.85977679,5982.0,-0.0,6150.0,ASK
890,1712312640.1566043,111229.85977679,5982.0,-0.0,6150.0,ASK
891,1712312670.1565282,111229.85977679,5982.0,-0.0,6150.0,ASK
892,1712312700.214932,111229.85977679,5982.0,-0.0,6150.0,ASK
893,1712312709.0642643,111232.0266356,5982.0,-1.3178680012008782e-09,6150.0,ASK
894,1712312727.0177393,111234.19063559,5982.0,-1.3161292873577184e-09,6150.0,ASK
895,1712312730.214779,111234.19063559,5982.0,-0.0,6150.0,ASK
896,1712312760.159022,111234.19063559,5982.0,-0.0,6150.0,ASK
897,1712312787.1446333,111239.07964741,5982.0,-2.973415104950546e-09,6150.0,ASK
898,1712312787.148185,111516.3133763,5981.0,-1.6860891064118397e-07,6150.0,ASK
899,1712312787.1516,112332.49987014,5982.0,-4.963909555933613e-07,6150.0,ASK
900,1712312787.1569643,114224.21863282,5980.0,-1.1505116678697289e-06,6150.0,ASK
901,1712312790.1449585,114224.21863282,5980.0,-0.0,6150.0,ASK
902,1712312792.2644837,114226.01863282,5980.0,-1.0829519837362272e-09,6150.0,ASK
903,1712312820.235735,114226.01863282,5980.0,-0.0,6150.0,ASK
904,1712312835.552425,114728.47509592,5980.0,-3.0229594423456773e-07,6150.0,ASK
905,1712312835.6247976,114831.06465616,5980.0,-6.172158238352149e-08,6150.0,ASK
906,1712312835.629572,114895.09497727,5980.0,-3.852295233733869e-08,6150.0,ASK
907,1712312835.7049956,114898.65550782,5975.0,-2.142143695295811e-09,6150.0,ASK
908,1712312835.7154512,114907.02370866,5975.0,-5.034611673342968e-09,6150.0,ASK
909,1712312835.7188244,114917.09706876,5976.0,-6.060497031444041e-09,6150.0,ASK
910,1712312835.725786,115214.72642217,5977.0,-1.790645618645235e-07,6150.0,ASK
911,1712312835.730578,115251.76909017,5977.0,-2.22862061141354e-08,6150.0,ASK
912,1712312835.7338428,115586.44111158,5976.0,-2.0135076797866765e-07,6150.0,ASK
913,1712312835.8217535,115603.18592069,5972.0,-1.0074281560044081e-08,6150.0,ASK
1113,1712312835.8217535,115603.18592069,5972.0,-1.007428156004408e-08,6150.0,ASK
914,1712312835.8252227,115605.79101195,5971.0,-1.5673169321008335e-09,6150.0,ASK
915,1712312835.8285077,115614.19101195,5973.0,-5.0537431957826306e-09,6150.0,ASK
916,1712312835.831771,115638.58244554,5971.0,-1.4674766850113608e-08,6150.0,ASK
917,1712312835.8350058,115651.16180902,5970.0,-7.568199118381403e-09,6150.0,ASK
918,1712312835.8382618,116466.37168858,5971.0,-4.904596883290386e-07,6150.0,ASK
919,1712312835.884682,116488.54969528,5970.0,-1.3343089340031054e-08,6150.0,ASK
920,1712312835.890936,116491.89977904,5970.0,-2.015531310406633e-09,6150.0,ASK
921,1712312836.224692,116492.83057662,5968.0,-5.600014210236522e-10,6150.0,ASK
922,1712312836.2304547,116804.97428369,5968.0,-1.877969209181456e-07,6150.0,ASK
923,1712312836.2847967,116828.82115606,5963.0,-1.4347139164368925e-08,6150.0,ASK
924,1712312836.2919776,116838.10674969,5963.0,-5.586548288865125e-09,6150.0,ASK
925,1712312836.3449247,116839.7840392,5962.0,-1.009117910538963e-09,6150.0,ASK
926,1712312836.3510833,116840.71577351,5962.0,-5.60564991598797e-10,6150.0,ASK
927,1712312836.356982,116840.71577438,5963.0,-5.2342388604175455e-16,6150.0,ASK
928,1712312836.3614,117175.53630439,5962.0,-2.0144011611279946e-07,6150.0,ASK
929,1712312836.4445183,117177.45323739,5962.0,1.1532960839916726e-09,6150.0,BID
930,1712312836.584648,117194.22894616,5961.0,-1.0092871910819366e-08,6150.0,ASK
931,1712312836.5946584,117195.16083678,5961.0,-5.606590333419429e-10,6150.0,ASK
932,1712312836.8649757,117198.51654148,5960.0,-2.0189130707920397e-09,6150.0,ASK
933,1712312836.8749576,117415.29506496,5960.0,-1.3042178428923725e-07,6150.0,ASK
934,1712312836.878579,117424.58641676,5955.0,-5.590012611773629e-09,6150.0,ASK
935,1712312836.882036,117459.07551069,5960.0,-2.0749883783049266e-08,6150.0,ASK
936,1712312836.8854485,117629.55645746,5957.0,-1.0256749104167206e-07,6150.0,ASK
937,1712312836.8888173,117952.73710055,5955.0,-1.9443714000308218e-07,6150.0,ASK
938,1712312836.8922024,117991.33787313,5954.0,-2.3223618068841373e-08,6150.0,ASK
939,1712312837.4950666,117992.27101608,5953.0,-5.614124802698308e-10,6150.0,ASK
940,1712312837.5032213,118092.27101608,5950.0,-6.016360947364442e-08,6150.0,ASK
941,1712312837.5069983,118309.07773876,5950.0,-1.3043874994579668e-07,6150.0,ASK
942,1712312837.510352,118342.69118412,5950.0,-2.0223061997033143e-08,6150.0,ASK
943,1712312837.5137205,118351.87611433,5947.0,-5.5259855419722515e-09,6150.0,ASK
944,1712312837.5171125,118372.53241683,5950.0,-1.2427577167790022e-08,6150.0,ASK
945,1712312837.8944595,118376.48463901,5950.0,2.3777995179058406e-09,6150.0,BID
946,1712312845.9048662,118379.84881058,5945.0,-2.0240070454023083e-09,6150.0,ASK
947,1712312845.9122562,118508.40406701,5945.0,-7.734348243637948e-08,6150.0,ASK
948,1712312845.9156487,118513.44780101,5945.0,-3.03449242665317e-09,6150.0,ASK
1148,1712312845.9156487,118513.44780101,5945.0,-3.0344924266531704e-09,6150.0,ASK
949,1712312845.9446557,118513.44780108,5945.0,-4.2111345329355344e-17,6150.0,ASK
950,1712312848.3745887,118515.07408177,5943.0,-9.78429163279857e-10,6150.0,ASK
951,1712312850.216959,118515.07408177,5943.0,-0.0,6150.0,ASK
952,1712312851.1447406,118521.12805177,5950.0,3.587055791374601e-09,6150.0,BID
953,1712312862.7047956,118523.15357797,5950.0,1.2001505600916736e-09,6150.0,BID
954,1712312866.5048037,118524.86786368,5950.0,1.015736530591895e-09,6150.0,BID
955,1712312880.1648414,118524.86786368,5950.0,0.0,6150.0,BID
956,1712312906.2249565,118745.02747262,5950.0,1.3044292158439945e-07,6150.0,BID
957,1712312910.1595411,118745.02747262,5950.0,0.0,6150.0,BID
958,1712312940.2251742,118745.02747262,5950.0,0.0,6150.0,BID
959,1712312959.5706253,118831.00027127,5955.0,5.0898735845483456e-08,6150.0,BID
960,1712312959.666326,118843.41405823,5955.0,7.349371815752309e-09,6150.0,BID
961,1712312970.2150848,118843.41405823,5955.0,0.0,6150.0,BID
962,1712312979.565334,118903.41405813,5955.0,3.550966414858175e-08,6150.0,BID
963,1712312979.573072,119116.90162333,5955.0,1.2634786254642494e-07,6150.0,BID
964,1712312994.6552,119162.88162333,5950.0,-2.721223933788148e-08,6150.0,ASK
965,1712313000.2092493,119162.88162333,5950.0,-0.0,6150.0,ASK
966,1712313030.1551323,119162.88162333,5950.0,-0.0,6150.0,ASK
967,1712313060.2233758,119162.88162333,5950.0,-0.0,6150.0,ASK
968,1712313090.1508777,119162.88162333,5950.0,-0.0,6150.0,ASK
969,1712313096.1654625,119213.20097891,5962.0,2.9758154858640025e-08,6150.0,BID
970,1712313120.2253747,119213.20097891,5962.0,0.0,6150.0,BID
971,1712313150.215603,119213.20097891,5962.0,0.0,6150.0,BID
972,1712313180.1560564,119213.20097891,5962.0,0.0,6150.0,BID
973,1712313210.1668882,119213.20097891,5962.0,0.0,6150.0,BID
974,1712313240.2152,119213.20097891,5962.0,0.0,6150.0,BID
975,1712313270.2260442,119213.20097891,5962.0,0.0,6150.0,BID
976,1712313270.7260373,119276.53077891,5959.0,3.744570404123183e-08,6150.0,BID
977,1712313270.7331305,119293.00957891,5959.0,9.7436004496221e-09,6150.0,BID
978,1712313270.7369103,119372.75270254,5962.0,4.7150589560872654e-08,6150.0,BID
979,1712313300.1560352,119372.75270254,5962.0,0.0,6150.0,BID
980,1712313330.1742847,119372.75270254,5962.0,0.0,6150.0,BID
981,1712313360.2162242,119372.75270254,5962.0,0.0,6150.0,BID
982,1712313366.9362304,119373.67521177,5962.0,5.451742609335474e-10,6150.0,BID
1182,1712313366.9362304,119373.67521177,5962.0,5.451742609335475e-10,6150.0,BID
983,1712313372.556634,119374.64048393,5950.0,-5.704458224592132e-10,6150.0,ASK
984,1712313379.2784786,119603.48086998,5950.0,-1.35237550238928e-07,6150.0,ASK
985,1712313379.286048,119608.00858449,5950.0,-2.6757384440849886e-09,6150.0,ASK
986,1712313379.289508,119609.41900952,5950.0,-8.335173224680093e-10,6150.0,ASK
987,1712313390.216328,119609.41900952,5950.0,-0.0,6150.0,ASK
988,1712313420.144699,119609.41900952,5950.0,-0.0,6150.0,ASK
989,1712313450.1512556,119609.41900952,5950.0,-0.0,6150.0,ASK
1190,1712313458.3963711,119685.66989117,5950.0,-4.5024430536198244e-08,6150.0,ASK
990,1712313458.3963711,119685.66989117,5950.0,-4.502443053619824e-08,6150.0,ASK
991,1712313458.4034762,119687.43430051,5951.0,-1.041844029174155e-09,6150.0,ASK
992,1712313469.2361398,119748.2062,5962.0,3.5884439732782354e-08,6150.0,BID
993,1712313469.2454624,120031.13648034,5962.0,1.6706396671227617e-07,6150.0,BID
994,1712313480.2156062,120031.13648034,5962.0,0.0,6150.0,BID
995,1712313490.405288,120046.6203282,5999.0,9.129315312396385e-09,6150.0,BID
996,1712313490.4152453,120114.48370487,5999.0,4.001241612459963e-08,6150.0,BID
997,1712313498.6451907,120159.84545701,5999.0,2.674540218640808e-08,6150.0,BID
998,1712313498.685081,120164.80238901,5999.0,-2.9226194689643396e-09,6150.0,ASK
999,1712313498.725061,120164.80238987,5999.0,-5.070602897187097e-16,6150.0,ASK
1000,1712313502.1152031,120172.42238987,5975.0,-4.4927710030095915e-09,6150.0,ASK
1201,1712313510.204913,120172.42238987,5975.0,-0.0,6150.0,ASK
1202,1712313540.1364584,120172.42238987,5975.0,-0.0,6150.0,ASK
1203,1712313570.1657257,120172.42238987,5975.0,-0.0,6150.0,ASK
1204,1712313600.1725123,120172.42238987,5975.0,-0.0,6150.0,ASK
1205,1712313630.1600983,120172.42238987,5975.0,-0.0,6150.0,ASK
1206,1712313660.2213304,120172.42238987,5975.0,-0.0,6150.0,ASK
1207,1712313690.2216873,120172.42238987,5975.0,-0.0,6150.0,ASK
1208,1712313720.1680548,120172.42238987,5975.0,-0.0,6150.0,ASK
1209,1712313743.7698722,120173.67322375,5996.0,7.44284635086652e-10,6150.0,BID
1210,1712313745.969885,120221.50281347,5975.0,-2.8460077153652746e-08,6150.0,ASK
1211,1712313745.9796934,120223.19285531,5975.0,-1.0056268816224682e-09,6150.0,ASK
1212,1712313746.0997517,120234.44512407,5975.0,6.695446039532045e-09,6150.0,BID
1213,1712313750.1367786,120234.44512407,5975.0,0.0,6150.0,BID
1214,1712313780.0694532,120284.44512407,5975.0,-2.974497850422596e-08,6150.0,ASK
1215,1712313780.205963,120284.44512407,5975.0,-0.0,6150.0,ASK
1216,1712313794.329202,120286.15284163,5956.0,-1.015739918625881e-09,6150.0,ASK
1217,1712313810.2087865,120286.15284163,5956.0,-0.0,6150.0,ASK
1218,1712313840.174695,120286.15284163,5956.0,-0.0,6150.0,ASK
1219,1712313840.2147708,120386.15284163,5966.0,-5.947902612738009e-08,6150.0,ASK
1220,1712313840.216025,120410.3615557,5965.0,-1.4399107366799412e-08,6150.0,ASK
1221,1712313849.649883,120478.22493237,5974.0,4.036447554046758e-08,6150.0,BID
1222,1712313849.6526213,120920.3615557,5975.0,2.629785577091708e-07,6150.0,BID
1223,1712313852.6981857,121681.04590717,5975.0,4.524476441577337e-07,6150.0,BID
1224,1712313853.058189,121942.79338117,5975.0,1.5568484844821938e-07,6150.0,BID
1225,1712313853.138253,121942.79338148,5975.0,1.843846539256014e-16,6150.0,BID
1226,1712313853.1404042,121966.26526748,5975.0,1.3960849206528485e-08,6150.0,BID
1227,1712313870.1488588,121966.26526748,5975.0,0.0,6150.0,BID
1228,1712313900.154001,121966.26526748,5975.0,0.0,6150.0,BID
1229,1712313930.149812,121966.26526748,5975.0,0.0,6150.0,BID
1230,1712313960.2092109,121966.26526748,5975.0,0.0,6150.0,BID
1231,1712313990.2166276,121966.26526748,5975.0,0.0,6150.0,BID
1232,1712314020.16071,121966.26526748,5975.0,0.0,6150.0,BID
1233,1712314050.1268327,121966.26526748,5975.0,0.0,6150.0,BID
1234,1712314080.2055452,121966.26526748,5975.0,0.0,6150.0,BID
1235,1712314095.4655783,121971.26610095,5999.0,2.9616776953365742e-09,6150.0,BID
1236,1712314097.3754892,121974.70410094,5976.0,-2.036110170041525e-09,6150.0,ASK
1237,1712314110.2052782,121974.70410094,5976.0,-0.0,6150.0,ASK
1238,1712314140.1470065,121974.70410094,5976.0,-0.0,6150.0,ASK
1239,1712314170.1456864,121974.70410094,5976.0,-0.0,6150.0,ASK
1240,1712314200.1249034,121991.43770201,5999.0,9.9099579767654e-09,6150.0,BID
1241,1712314200.1650164,121991.43770201,5999.0,0.0,6150.0,BID
1242,1712314212.4447525,121998.72970201,5984.0,-4.330985459600908e-09,6150.0,ASK
1243,1712314217.2245183,122006.021702,5984.0,-4.330985453663225e-09,6150.0,ASK
1244,1712314230.1512003,122006.021702,5984.0,-0.0,6150.0,ASK
1245,1712314260.1940222,122006.021702,5984.0,-0.0,6150.0,ASK
1246,1712314290.2004185,122006.021702,5984.0,-0.0,6150.0,ASK
1247,1712314320.1438093,122006.021702,5984.0,-0.0,6150.0,ASK
1248,1712314340.6837313,122040.53443741,5960.0,-2.0497313206861703e-08,6150.0,ASK
1249,1712314350.1395698,122040.53443741,5960.0,-0.0,6150.0,ASK
1250,1712314380.160279,122040.53443741,5960.0,-0.0,6150.0,ASK
1251,1712314410.1390457,122040.53443741,5960.0,-0.0,6150.0,ASK
1252,1712314440.2299926,122040.53443741,5960.0,-0.0,6150.0,ASK
1253,1712314470.203556,122040.53443741,5960.0,-0.0,6150.0,ASK
1254,1712314500.1449418,122040.53443741,5960.0,-0.0,6150.0,ASK
1255,1712314530.1576643,122040.53443741,5960.0,-0.0,6150.0,ASK
1256,1712314560.212458,122040.53443741,5960.0,-0.0,6150.0,ASK
1257,1712314566.2426355,122067.59607835,5963.0,-1.6072859975301733e-08,6150.0,ASK
1258,1712314566.3825276,122074.35015139,5963.0,4.0114814351209025e-09,6150.0,BID
1259,1712314575.2425091,122107.82770824,5962.0,-1.988349800214026e-08,6150.0,ASK
1260,1712314590.1933503,122107.82770824,5962.0,-0.0,6150.0,ASK
1261,1712314620.1551166,122107.82770824,5962.0,-0.0,6150.0,ASK
1262,1712314650.1511786,122107.82770824,5962.0,-0.0,6150.0,ASK
1263,1712314680.194636,122107.82770824,5962.0,-0.0,6150.0,ASK
1264,1712314710.2018464,122107.82770824,5962.0,-0.0,6150.0,ASK
1265,1712314740.1507604,122107.82770824,5962.0,-0.0,6150.0,ASK
1266,1712314770.1505032,122107.82770824,5962.0,-0.0,6150.0,ASK
1267,1712314800.1916466,122107.82770824,5962.0,-0.0,6150.0,ASK
1268,1712314830.131706,122107.82770824,5962.0,-0.0,6150.0,ASK
1269,1712314860.2115805,122107.82770824,5962.0,-0.0,6150.0,ASK
1270,1712314890.217502,122107.82770824,5962.0,-0.0,6150.0,ASK
1271,1712314920.1512542,122107.82770824,5962.0,-0.0,6150.0,ASK
1272,1712314944.5918856,122141.37349824,5980.0,1.992256158598142e-08,6150.0,BID
1273,1712314950.141375,122141.37349824,5980.0,0.0,6150.0,BID
1274,1712314954.5315044,122154.73579051,5980.0,7.934807285446155e-09,6150.0,BID
1275,1712314954.5346491,122158.14639324,5983.0,2.0252868926097194e-09,6150.0,BID
1276,1712314976.5313306,122166.50759725,5978.0,4.9650569792349675e-09,6150.0,BID
1277,1712314980.2034943,122166.50759725,5978.0,0.0,6150.0,BID
1278,1712314995.9711957,122171.52180416,5977.0,2.977274716199393e-09,6150.0,BID
1279,1712315010.2009916,122171.52180416,5977.0,0.0,6150.0,BID
1280,1712315040.1430025,122171.52180416,5977.0,0.0,6150.0,BID
1281,1712315041.6915762,122176.54104458,5977.0,2.980210419112356e-09,6150.0,BID
1282,1712315070.1466198,122176.54104458,5977.0,0.0,6150.0,BID
1283,1712315082.3013184,122193.26904725,5977.0,9.932196044743689e-09,6150.0,BID
1284,1712315100.2260911,122193.26904725,5977.0,0.0,6150.0,BID
1285,1712315107.561044,122198.30007191,5963.0,-3.003042420235481e-09,6150.0,ASK
1286,1712315107.564268,122201.59604725,5962.0,-1.967383272991653e-09,6150.0,ASK
1287,1712315129.2410705,122264.82251506,5962.0,-3.7740177746446566e-08,6150.0,ASK
1288,1712315129.2435262,122348.68699006,5962.0,-5.00591018720716e-08,6150.0,ASK
1289,1712315129.245924,122920.8793124,5960.0,-3.41544304122058e-07,6150.0,ASK
1290,1712315129.2483122,122923.74714198,5962.0,-1.711821043382719e-09,6150.0,ASK
1291,1712315130.2140963,122923.74714198,5962.0,-0.0,6150.0,ASK
1292,1712315160.1553242,122923.74714198,5962.0,-0.0,6150.0,ASK
1293,1712315190.272486,122923.74714198,5962.0,-0.0,6150.0,ASK
1294,1712315220.2239623,122923.74714198,5962.0,-0.0,6150.0,ASK
1295,1712315238.5007305,122929.83487998,5962.0,3.624380188850728e-09,6150.0,BID
1296,1712315238.6071315,122929.83488035,5962.0,2.202804694285505e-16,6150.0,BID
1297,1712315242.2706373,122937.13988035,5960.0,-4.3490861925354435e-09,6150.0,ASK
1298,1712315250.2028234,122937.13988035,5960.0,-0.0,6150.0,ASK
1299,1712315254.420676,122974.421697,5960.0,-2.2194952489281325e-08,6150.0,ASK
1300,1712315277.811571,122999.58948224,5960.0,-1.4983116378327018e-08,6150.0,ASK
1301,1712315280.1639206,122999.58948224,5960.0,-0.0,6150.0,ASK
1302,1712315310.1559129,122999.58948224,5960.0,-0.0,6150.0,ASK
1303,1712315340.200454,122999.58948224,5960.0,-0.0,6150.0,ASK
1304,1712315370.2004106,122999.58948224,5960.0,-0.0,6150.0,ASK
1305,1712315391.205256,123001.26733458,5999.0,9.986531368138924e-10,6150.0,BID
1306,1712315400.1728556,123001.26733458,5999.0,0.0,6150.0,BID
1307,1712315402.910527,123009.30233457,5965.0,-4.7878257262753875e-09,6150.0,ASK
1308,1712315430.1585915,123009.30233457,5965.0,-0.0,6150.0,ASK
1309,1712315460.200408,123009.30233457,5965.0,-0.0,6150.0,ASK
1310,1712315481.0755408,123010.99520967,5965.0,-1.0087068441296991e-09,6150.0,ASK
1311,1712315481.0781455,123259.30233457,5965.0,-1.4795485876877334e-07,6150.0,ASK
1312,1712315490.2007186,123259.30233457,5965.0,-0.0,6150.0,ASK
1313,1712315517.0206945,123271.80149222,5965.0,-7.441064473487286e-09,6150.0,ASK
1314,1712315520.1308436,123271.80149222,5965.0,-0.0,6150.0,ASK
1315,1712315550.1437027,123271.80149222,5965.0,-0.0,6150.0,ASK
1316,1712315580.2119548,123271.80149222,5965.0,-0.0,6150.0,ASK
1317,1712315610.2185535,123271.80149222,5965.0,-0.0,6150.0,ASK
1318,1712315640.1425006,123271.80149222,5965.0,-0.0,6150.0,ASK
1319,1712315670.1451955,123271.80149222,5965.0,-0.0,6150.0,ASK
1320,1712315682.423838,123275.00249222,5972.0,-1.905551627667157e-09,6150.0,ASK
1321,1712315700.1585684,123275.00249222,5972.0,-0.0,6150.0,ASK
1322,1712315730.1406612,123275.00249222,5972.0,-0.0,6150.0,ASK
1323,1712315732.7075484,123276.82998702,5972.0,-1.0897505393662963e-09,6150.0,ASK
1324,1712315732.7145877,123282.64549221,5972.0,-3.467834719679256e-09,6150.0,ASK
1325,1712315760.2350447,123282.64549221,5972.0,-0.0,6150.0,ASK
1326,1712315790.1959908,123282.64549221,5972.0,-0.0,6150.0,ASK
1327,1712315797.6358545,123289.94349221,5976.0,-4.351740414388895e-09,6150.0,ASK
1328,1712315820.1369886,123289.94349221,5976.0,-0.0,6150.0,ASK
1329,1712315846.0165718,123297.50153269,5975.0,-4.506683321299449e-09,6150.0,ASK
1330,1712315846.0200644,123457.65162378,5976.0,-9.549376539195289e-08,6150.0,ASK
1331,1712315850.1562824,123457.65162378,5976.0,-0.0,6150.0,ASK
1332,1712315880.1904073,123457.65162378,5976.0,-0.0,6150.0,ASK
1333,1712315910.2069695,123457.65162378,5976.0,-0.0,6150.0,ASK
1334,1712315940.161405,123457.65162378,5976.0,-0.0,6150.0,ASK
1335,1712315970.1482425,123457.65162378,5976.0,-0.0,6150.0,ASK
1336,1712316000.197904,123457.65162378,5976.0,-0.0,6150.0,ASK
1337,1712316027.9584212,123474.32662794,5997.0,9.939992489256485e-09,6150.0,BID
1338,1712316030.1487265,123474.32662794,5997.0,0.0,6150.0,BID
1339,1712316036.7884524,123491.0016321,5997.0,9.939400000281068e-09,6150.0,BID
1340,1712316057.8489244,123502.60041556,5976.0,-6.913638354709262e-09,6150.0,ASK
1341,1712316057.852894,123506.05863209,5975.0,-2.0613246659206562e-09,6150.0,ASK
1342,1712316060.1998155,123506.05863209,5975.0,-0.0,6150.0,ASK
1343,1712316087.499048,123513.36563209,5975.0,-4.35495978368143e-09,6150.0,ASK
1344,1712316090.220867,123513.36563209,5975.0,-0.0,6150.0,ASK
1345,1712316117.7292004,123520.67263209,5976.0,-4.3548464667236e-09,6150.0,ASK
1346,1712316120.159881,123520.67263209,5976.0,-0.0,6150.0,ASK
1347,1712316150.1646838,123520.67263209,5976.0,-0.0,6150.0,ASK
1348,1712316177.6814144,123527.97763209,5976.0,-4.353541202073707e-09,6150.0,ASK
1349,1712316180.239641,123527.97763209,5976.0,-0.0,6150.0,ASK
1350,1712316207.7602174,123530.04063625,5976.0,-1.2294510541374435e-09,6150.0,ASK
1351,1712316207.7630155,123530.86663208,5975.0,-4.922537063082923e-10,6150.0,ASK
1352,1712316210.229596,123530.86663208,5975.0,-0.0,6150.0,ASK
1353,1712316240.1801045,123530.86663208,5975.0,-0.0,6150.0,ASK
1354,1712316242.5148716,123544.76363208,5975.0,-8.281857035369851e-09,6150.0,ASK
1355,1712316270.166211,123544.76363208,5975.0,-0.0,6150.0,ASK
1356,1712316300.2103388,123544.76363208,5975.0,-0.0,6150.0,ASK
1357,1712316330.2257547,123544.76363208,5975.0,-0.0,6150.0,ASK
1358,1712316360.1565075,123544.76363208,5975.0,-0.0,6150.0,ASK
1359,1712316390.151068,123544.76363208,5975.0,-0.0,6150.0,ASK
1360,1712316420.2211368,123544.76363208,5975.0,-0.0,6150.0,ASK
1361,1712316450.211266,123544.76363208,5975.0,-0.0,6150.0,ASK
1362,1712316480.1421163,123544.76363208,5975.0,-0.0,6150.0,ASK
1363,1712316510.168482,123544.76363208,5975.0,-0.0,6150.0,ASK
1364,1712316540.2115958,123544.76363208,5975.0,-0.0,6150.0,ASK
1365,1712316570.2117803,123544.76363208,5975.0,-0.0,6150.0,ASK
1366,1712316600.2033722,123544.76363208,5975.0,-0.0,6150.0,ASK
1367,1712316630.1574557,123544.76363208,5975.0,-0.0,6150.0,ASK
1368,1712316651.0723703,123546.43727224,5976.0,-9.98573483019139e-10,6150.0,ASK
1369,1712316651.076247,123546.52804142,5976.0,-5.415721872846944e-11,6150.0,ASK
1370,1712316660.2231216,123546.52804142,5976.0,-0.0,6150.0,ASK
1371,1712316665.26238,123547.44099835,5994.0,5.447101879656319e-10,6150.0,BID
1372,1712316687.7822516,123553.56399834,5975.0,-3.6532506253907595e-09,6150.0,ASK
1373,1712316690.232664,123553.56399834,5975.0,-0.0,6150.0,ASK
1374,1712316720.1425407,123553.56399834,5975.0,-0.0,6150.0,ASK
1375,1712316750.1424048,123553.56399834,5975.0,-0.0,6150.0,ASK
1376,1712316780.2125957,123553.56399834,5975.0,-0.0,6150.0,ASK
1377,1712316810.2089126,123553.56399834,5975.0,-0.0,6150.0,ASK
1378,1712316840.1498485,123553.56399834,5975.0,-0.0,6150.0,ASK
1379,1712316870.1550307,123553.56399834,5975.0,-0.0,6150.0,ASK
1380,1712316879.6131458,123593.83795539,5975.0,-2.4028608057094865e-08,6150.0,ASK
1381,1712316900.213134,123593.83795539,5975.0,-0.0,6150.0,ASK
1382,1712316904.5329626,123594.83795539,5989.0,5.965763442907785e-10,6150.0,BID
1383,1712316930.2390072,123594.83795539,5989.0,0.0,6150.0,BID
1384,1712316960.144714,123594.83795539,5989.0,0.0,6150.0,BID
1385,1712316990.153695,123594.83795539,5989.0,0.0,6150.0,BID
1386,1712317020.2069256,123594.83795539,5989.0,0.0,6150.0,BID
1387,1712317050.2334757,123594.83795539,5989.0,0.0,6150.0,BID
1388,1712317080.153592,123594.83795539,5989.0,0.0,6150.0,BID
1389,1712317110.153519,123594.83795539,5989.0,0.0,6150.0,BID
1390,1712317140.2135997,123594.83795539,5989.0,0.0,6150.0,BID
1391,1712317170.221233,123594.83795539,5989.0,0.0,6150.0,BID
1392,1712317200.1789582,123594.83795539,5989.0,0.0,6150.0,BID
1393,1712317218.563828,123609.83795539,5975.0,-8.958935378713225e-09,6150.0,ASK
1394,1712317230.1663902,123609.83795539,5975.0,-0.0,6150.0,ASK
1395,1712317257.6638026,123617.61011907,5975.0,-4.641772338395138e-09,6150.0,ASK
1396,1712317260.2040677,123617.61011907,5975.0,-0.0,6150.0,ASK
1397,1712317290.2340777,123617.61011907,5975.0,-0.0,6150.0,ASK
1398,1712317320.144037,123617.61011907,5975.0,-0.0,6150.0,ASK
1399,1712317348.9143326,123682.8428366,5975.0,-3.895788078864085e-08,6150.0,ASK
1400,1712317348.9182389,123692.33683437,5975.0,-5.6699467282056645e-09,6150.0,ASK
1401,1712317349.0421505,123787.61345637,5975.0,5.6900515912333135e-08,6150.0,BID
1402,1712317349.043959,123787.61345699,5975.0,3.702719150515628e-16,6150.0,BID
1403,1712317350.154699,123787.61345699,5975.0,0.0,6150.0,BID
1404,1712317355.76438,123855.47683366,5994.0,4.050437555296988e-08,6150.0,BID
1405,1712317355.831739,123864.93173366,5994.0,-5.643173670513457e-09,6150.0,ASK
1406,1712317355.8334858,124088.86868711,5994.0,-1.3365716396392296e-07,6150.0,ASK
1407,1712317380.2141438,124088.86868711,5994.0,-0.0,6150.0,ASK
1408,1712317410.23256,124088.86868711,5994.0,-0.0,6150.0,ASK
1409,1712317437.7944417,124090.17950057,5974.0,-7.8151903404816e-10,6150.0,ASK
1410,1712317440.1458578,124090.17950057,5974.0,-0.0,6150.0,ASK
1411,1712317470.1443515,124090.17950057,5974.0,-0.0,6150.0,ASK
1412,1712317500.1698096,124090.17950057,5974.0,-0.0,6150.0,ASK
1413,1712317509.5346804,124157.12991031,5993.0,3.995775282868565e-08,6150.0,BID
1414,1712317509.538666,124188.05131031,5993.0,1.8454698979658443e-08,6150.0,BID
1415,1712317530.1446507,124188.05131031,5993.0,0.0,6150.0,BID
1416,1712317538.0146928,124192.37661031,5994.0,2.580548625964562e-09,6150.0,BID
1417,1712317560.2346396,124192.37661031,5994.0,0.0,6150.0,BID
1418,1712317590.214367,124192.37661031,5994.0,0.0,6150.0,BID
1419,1712317620.1542175,124192.37661031,5994.0,0.0,6150.0,BID
1420,1712317626.484118,124273.80427831,5993.0,-4.858040057384648e-08,6150.0,ASK
1421,1712317626.769699,124297.27616531,5993.0,-1.4003516257944997e-08,6150.0,ASK
1422,1712317626.7718115,124392.55278831,5993.0,-5.6842798330708175e-08,6150.0,ASK
1423,1712317626.8543284,124416.75998451,5993.0,-1.4442207631023756e-08,6150.0,ASK
1424,1712317626.9312673,124693.00350151,5993.0,-1.6480910041277e-07,6150.0,ASK
1425,1712317626.964202,124764.07292912,5993.0,-4.240059118293886e-08,6150.0,ASK
1426,1712317627.2482362,124931.46496125,5992.0,-9.986743048747434e-08,6150.0,ASK
1427,1712317650.1441674,124931.46496125,5992.0,-0.0,6150.0,ASK
1428,1712317668.264062,124938.98996124,5978.0,-4.477643291381292e-09,6150.0,ASK
1429,1712317680.2040286,124938.98996124,5978.0,-0.0,6150.0,ASK
1430,1712317710.213949,124938.98996124,5978.0,-0.0,6150.0,ASK
1431,1712317740.153757,124938.98996124,5978.0,-0.0,6150.0,ASK
1432,1712317770.143643,124938.98996124,5978.0,-0.0,6150.0,ASK
1433,1712317800.1782985,124938.98996124,5978.0,-0.0,6150.0,ASK
1434,1712317830.1360044,124938.98996124,5978.0,-0.0,6150.0,ASK
1435,1712317860.2234118,124938.98996124,5978.0,-0.0,6150.0,ASK
1436,1712317870.6539652,124947.35256368,5979.0,-4.982758813120179e-09,6150.0,ASK
1437,1712317870.6572473,125114.74459581,5975.0,-9.973858369163694e-08,6150.0,ASK
1438,1712317870.6603527,125182.60797248,5980.0,-4.0435598919910024e-08,6150.0,ASK
1439,1712317870.6634862,125350.05606357,5973.0,-9.977198576701124e-08,6150.0,ASK
1440,1712317870.666565,125514.78657679,5972.0,-9.815274879152945e-08,6150.0,ASK
1441,1712317870.6696649,125608.54180866,5973.0,-5.5862957880415976e-08,6150.0,ASK
1442,1712317870.6727712,125775.93384079,5977.0,-9.973858369164561e-08,6150.0,ASK
1443,1712317890.2435172,125775.93384079,5977.0,-0.0,6150.0,ASK
1444,1712317902.5335343,125805.89254079,5976.0,1.7797514079244825e-08,6150.0,BID
1445,1712317902.5375683,125807.56674135,5977.0,9.945894861348383e-10,6150.0,BID
1446,1712317902.753651,125807.56674235,5977.0,-5.940641820368898e-16,6150.0,ASK
1447,1712317902.757965,125834.96139501,5977.0,-1.6274294826299114e-08,6150.0,ASK
1448,1712317902.762062,125865.41684535,5977.0,-1.809261771091852e-08,6150.0,ASK
1449,1712317912.8435605,125872.92884535,5972.0,-4.4626410946864454e-09,6150.0,ASK
1450,1712317920.1442554,125872.92884535,5972.0,-0.0,6150.0,ASK
1451,1712317950.1671522,125872.92884535,5972.0,-0.0,6150.0,ASK
1452,1712317980.2132006,125872.92884535,5972.0,-0.0,6150.0,ASK
1453,1712318010.213235,125872.92884535,5972.0,-0.0,6150.0,ASK
1454,1712318040.1406922,125872.92884535,5972.0,-0.0,6150.0,ASK
1455,1712318046.203071,125881.5754485,5972.0,-5.1349045003878645e-09,6150.0,ASK
1456,1712318046.213081,125883.31092405,5972.0,-1.0306360841825775e-09,6150.0,ASK
1457,1712318070.1483886,125883.31092405,5972.0,-0.0,6150.0,ASK
1458,1712318100.2230997,125883.31092405,5972.0,-0.0,6150.0,ASK
1459,1712318130.223065,125883.31092405,5972.0,-0.0,6150.0,ASK
1460,1712318160.1512053,125883.31092405,5972.0,-0.0,6150.0,ASK
1461,1712318190.1566792,125883.31092405,5972.0,-0.0,6150.0,ASK
1462,1712318210.4935577,125892.45625259,5972.0,5.431114778330318e-09,6150.0,BID
1463,1712318210.4980702,125900.05573315,5972.0,4.5130856695413045e-09,6150.0,BID
1464,1712318220.2448945,125900.05573315,5972.0,0.0,6150.0,BID
1465,1712318250.2285354,125900.05573315,5972.0,0.0,6150.0,BID
1466,1712318280.153131,125900.05573315,5972.0,0.0,6150.0,BID
1467,1712318291.1231897,125902.05573315,5966.0,-1.1876647705761658e-09,6150.0,ASK
1468,1712318291.1275983,125971.83373315,5965.0,-4.1436436180626594e-08,6150.0,ASK
1469,1712318298.0932524,126002.05573315,5965.0,-1.7946802348181696e-08,6150.0,ASK
1470,1712318298.3531487,126013.92733315,5965.0,7.049740545185161e-09,6150.0,BID
1471,1712318298.357213,126033.87255723,5965.0,1.1844119990532857e-08,6150.0,BID
1472,1712318306.6533802,126035.58342122,5961.0,-1.0159664440828955e-09,6150.0,ASK
1473,1712318306.6576238,126036.48342122,5956.0,-5.34449146755818e-10,6150.0,ASK
1474,1712318306.6609075,126046.48342122,5956.0,-5.938323852880828e-09,6150.0,ASK
1475,1712318306.664158,126075.67743658,5960.0,-1.733635177736619e-08,6150.0,ASK
1476,1712318306.6674232,126090.75951083,5956.0,-8.956224126973797e-09,6150.0,ASK
1477,1712318306.670212,126381.25359817,5955.0,-1.725047967971996e-07,6150.0,ASK
1478,1712318310.1699512,126381.25359817,5955.0,-0.0,6150.0,ASK
1479,1712318340.2138233,126381.25359817,5955.0,-0.0,6150.0,ASK
1480,1712318370.073758,126429.93564424,5955.0,-2.885984020284291e-08,6150.0,ASK
1481,1712318370.2030015,126429.93564424,5955.0,-0.0,6150.0,ASK
1482,1712318400.3577864,126429.93564424,5955.0,-0.0,6150.0,ASK
1483,1712318427.3477924,126446.58967721,5955.0,-9.875430217324637e-09,6150.0,ASK
1484,1712318430.1362982,126446.58967721,5955.0,-0.0,6150.0,ASK
1485,1712318449.2231224,126448.22339719,5955.0,-9.686986298824267e-10,6150.0,ASK
1486,1712318460.222444,126448.22339719,5955.0,-0.0,6150.0,ASK
1487,1712318488.413003,126450.18739719,5955.0,-1.1645282897586274e-09,6150.0,ASK
1488,1712318490.2191086,126450.18739719,5955.0,-0.0,6150.0,ASK
1489,1712318520.1757598,126450.18739719,5955.0,-0.0,6150.0,ASK
1490,1712318526.56624,126491.37355863,5955.0,-2.4420630110593487e-08,6150.0,ASK
1491,1712318550.1528518,126491.37355863,5955.0,-0.0,6150.0,ASK
1492,1712318580.229133,126491.37355863,5955.0,-0.0,6150.0,ASK
1493,1712318610.2174034,126491.37355863,5955.0,-0.0,6150.0,ASK
1494,1712318621.543352,126575.33661489,5955.0,-4.977721953128597e-08,6150.0,ASK
1495,1712318640.1729095,126575.33661489,5955.0,-0.0,6150.0,ASK
1496,1712318670.5751388,126575.33661489,5955.0,-0.0,6150.0,ASK
1497,1712318688.4828825,126577.01587601,5955.0,-9.952493724018431e-10,6150.0,ASK
1498,1712318688.4854462,126586.65679732,5955.0,-5.7138945032622814e-09,6150.0,ASK
1499,1712318700.184009,126586.65679732,5955.0,-0.0,6150.0,ASK
1500,1712318712.9410524,126589.71479732,5955.0,-1.8126402204331126e-09,6150.0,ASK
1501,1712318730.1796553,126589.71479732,5955.0,-0.0,6150.0,ASK
1502,1712318760.2128973,126589.71479732,5955.0,-0.0,6150.0,ASK
1503,1712318771.9130154,126590.21815302,5987.0,2.9836263518074046e-10,6150.0,BID
1504,1712318790.222882,126590.21815302,5987.0,0.0,6150.0,BID
1505,1712318803.5330186,126598.16715301,5956.0,-4.711738334436029e-09,6150.0,ASK
1506,1712318820.1560774,126598.16715301,5956.0,-0.0,6150.0,ASK
1507,1712318850.15697,126598.16715301,5956.0,-0.0,6150.0,ASK
1508,1712318862.6932347,126598.61304892,5956.0,-2.6429562178452356e-10,6150.0,ASK
1509,1712318862.6976647,126631.74673663,5956.0,-1.9639311325608803e-08,6150.0,ASK
1510,1712318880.2231977,126631.74673663,5956.0,-0.0,6150.0,ASK
1511,1712318893.8761992,126699.6101133,5981.0,4.021985164028929e-08,6150.0,BID
1512,1712318893.8798213,126714.8520133,5982.0,9.033251612232208e-09,6150.0,BID
1513,1712318893.883368,126799.64465469,5987.0,5.0253135405819024e-08,6150.0,BID
1514,1712318910.2229192,126799.64465469,5987.0,0.0,6150.0,BID
1515,1712318940.163179,126799.64465469,5987.0,0.0,6150.0,BID
1516,1712318970.1513906,126799.64465469,5987.0,0.0,6150.0,BID
1517,1712319000.1829526,126799.64465469,5987.0,0.0,6150.0,BID
1518,1712319025.0524695,126800.64685469,5977.0,-5.969447339520666e-10,6150.0,ASK
1519,1712319030.156767,126800.64685469,5977.0,-0.0,6150.0,ASK
1520,1712319060.2137034,126800.64685469,5977.0,-0.0,6150.0,ASK
1521,1712319083.2829945,126807.33585469,5959.0,-3.9841838742731454e-09,6150.0,ASK
1522,1712319090.2128384,126807.33585469,5959.0,-0.0,6150.0,ASK
1523,1712319120.1501937,126807.33585469,5959.0,-0.0,6150.0,ASK
1524,1712319147.7030983,126808.49248008,5959.0,-6.889069850668624e-10,6150.0,ASK
1525,1712319150.1530695,126808.49248008,5959.0,-0.0,6150.0,ASK
1526,1712319155.593247,126837.44236571,5975.0,1.724300428372229e-08,6150.0,BID
1527,1712319155.598027,128567.0868492,5976.0,1.0302032836785488e-06,6150.0,BID
1528,1712319180.2038443,128567.0868492,5976.0,0.0,6150.0,BID
1529,1712319183.9563322,129294.84345897,5976.0,4.307668152384086e-07,6150.0,BID
1530,1712319210.212885,129294.84345897,5976.0,0.0,6150.0,BID
1531,1712319240.1520994,129294.84345897,5976.0,0.0,6150.0,BID
1532,1712319270.1631608,129294.84345897,5976.0,0.0,6150.0,BID
1533,1712319283.3168435,129316.68645897,5959.0,-1.2895904702424102e-08,6150.0,ASK
1534,1712319300.1710231,129316.68645897,5959.0,-0.0,6150.0,ASK
1535,1712319330.1587408,129316.68645897,5959.0,-0.0,6150.0,ASK
1536,1712319360.223147,129316.68645897,5959.0,-0.0,6150.0,ASK
1537,1712319370.1531725,129317.52327905,5975.0,4.955533593710323e-10,6150.0,BID
1538,1712319375.3331242,129347.21190445,5973.0,1.7581196249521675e-08,6150.0,BID
1539,1712319375.336949,129484.92028082,5974.0,8.154900934430665e-08,6150.0,BID
1540,1712319381.993289,129568.61629688,5974.0,4.9563631317671254e-08,6150.0,BID
1541,1712319390.2129543,129568.61629688,5974.0,0.0,6150.0,BID
1542,1712319397.9332085,129570.2902172,5974.0,9.903899501736127e-10,6150.0,BID
1543,1712319408.673202,129586.11550601,5961.0,-9.363173867222328e-09,6150.0,ASK
1544,1712319418.193171,129588.25150601,5961.0,-1.2637835315675914e-09,6150.0,ASK
1545,1712319420.1889565,129588.25150601,5961.0,-0.0,6150.0,ASK
1546,1712319449.8930888,129590.72522166,5961.0,-1.463494653398822e-09,6150.0,ASK
1547,1712319450.1418557,129590.72522166,5961.0,-0.0,6150.0,ASK
1548,1712319480.2231152,129590.72522166,5961.0,-0.0,6150.0,ASK
1549,1712319510.2333949,129590.72522166,5961.0,-0.0,6150.0,ASK
1550,1712319540.1425705,129590.72522166,5961.0,-0.0,6150.0,ASK
1551,1712319570.135483,129590.72522166,5961.0,-0.0,6150.0,ASK
1552,1712319600.1961286,129590.72522166,5961.0,-0.0,6150.0,ASK
1553,1712319630.1532886,129590.72522166,5961.0,-0.0,6150.0,ASK
1554,1712319650.3930144,129622.72522166,5963.0,-1.8932886255011407e-08,6150.0,ASK
1555,1712319660.2129252,129622.72522166,5963.0,-0.0,6150.0,ASK
1556,1712319675.5132337,129663.35408183,5973.0,2.4035461106750283e-08,6150.0,BID
1557,1712319675.5185158,129742.89087764,5974.0,4.705284751401869e-08,6150.0,BID
1558,1712319690.2030728,129742.89087764,5974.0,0.0,6150.0,BID
1559,1712319720.1729438,129742.89087764,5974.0,0.0,6150.0,BID
1560,1712319727.5232687,129931.95529838,5974.0,1.118003700161442e-07,6150.0,BID
1561,1712319727.6629612,129951.31713233,5976.0,1.1449326062142586e-08,6150.0,BID
1562,1712319750.1526527,129951.31713233,5976.0,0.0,6150.0,BID
1563,1712319754.7628832,129952.15241465,5986.0,4.935680750541768e-10,6150.0,BID
1564,1712319768.232623,129959.42941465,5977.0,-4.299977140884159e-09,6150.0,ASK
1565,1712319780.212489,129959.42941465,5977.0,-0.0,6150.0,ASK
1566,1712319810.2189949,129959.42941465,5977.0,-0.0,6150.0,ASK
1567,1712319840.165695,129959.42941465,5977.0,-0.0,6150.0,ASK
1568,1712319870.1554153,129959.42941465,5977.0,-0.0,6150.0,ASK
1569,1712319900.215813,129959.42941465,5977.0,-0.0,6150.0,ASK
1570,1712319907.0226,129968.41759693,5977.0,-5.3282322330908395e-09,6150.0,ASK
1571,1712319907.0276375,129982.60449999,5977.0,-8.410055761809584e-09,6150.0,ASK
1572,1712319930.2322288,129982.60449999,5977.0,-0.0,6150.0,ASK
1573,1712319960.1415348,129982.60449999,5977.0,-0.0,6150.0,ASK
1574,1712319990.1569123,129982.60449999,5977.0,-0.0,6150.0,ASK
1575,1712320020.2316234,129982.60449999,5977.0,-0.0,6150.0,ASK
1576,1712320050.204298,129982.60449999,5977.0,-0.0,6150.0,ASK
1577,1712320073.5421476,130149.80062104,5981.0,-9.91064252871206e-08,6150.0,ASK
1578,1712320080.1535418,130149.80062104,5981.0,-0.0,6150.0,ASK
1579,1712320110.158942,130149.80062104,5981.0,-0.0,6150.0,ASK
1580,1712320140.236002,130149.80062104,5981.0,-0.0,6150.0,ASK
1581,1712320170.228721,130149.80062104,5981.0,-0.0,6150.0,ASK
1582,1712320200.2065594,130149.80062104,5981.0,-0.0,6150.0,ASK
1583,1712320204.0028343,130151.47370118,5977.0,-9.992559712242852e-10,6150.0,ASK
1584,1712320204.0057557,130164.46478037,5977.0,-7.758990823524276e-09,6150.0,ASK
1585,1712320228.776576,130166.59730335,5968.0,-1.273660639794701e-09,6150.0,ASK
