,time,acc_trade_volume,trade_price,dev,high,ask_bid
0,1712300395.494393,17439403.14150958,63.91,0.0,65.88,BID
1,1712300397.1839314,17441411.19604613,63.91,6.535553127574942e-07,65.88,BID
2,1712300400.142235,17441411.19604613,63.91,0.0,65.88,BID
3,1712300430.1024806,17441411.19604613,63.91,0.0,65.88,BID
4,1712300442.802377,17443574.21765139,63.91,-7.049214598011116e-07,65.88,ASK
5,1712300442.8824444,17451084.782888,63.91,-2.447667927886539e-06,65.88,ASK
6,1712300443.002319,17453118.89335587,63.91,-6.629097540774183e-07,65.88,ASK
7,1712300460.1623626,17453118.89335587,63.91,-0.0,65.88,ASK
8,1712300475.1726043,17456871.70937592,63.92,-1.222731946463909e-06,65.88,ASK
9,1712300480.8126843,17457871.70937592,63.93,-3.258171836643033e-07,65.88,ASK
10,1712300480.8139143,17466628.28008939,63.92,-2.8530412084194287e-06,65.88,ASK
11,1712300480.8153288,17493399.12658392,63.91,-8.722401809156955e-06,65.88,ASK
12,1712300480.85252,17493399.12658451,63.91,-1.929884113469132e-16,65.88,ASK
13,1712300490.1524537,17493399.12658451,63.91,-0.0,65.88,ASK
14,1712300511.1327448,17494179.12658451,63.91,-2.5392441105277656e-07,65.88,ASK
15,1712300520.1027632,17494179.12658451,63.91,-0.0,65.88,ASK
16,1712300550.102691,17494179.12658451,63.91,-0.0,65.88,ASK
17,1712300556.9028184,17494259.12658451,63.9,2.604310670316054e-08,65.88,BID
18,1712300557.0227582,17495179.12658451,63.9,-2.994957270863463e-07,65.88,ASK
19,1712300580.1461363,17495179.12658451,63.9,-0.0,65.88,ASK
20,1712300608.7299683,17496179.12658451,63.76,-3.255320620938568e-07,65.88,ASK
21,1712300608.730578,17498179.12658451,63.75,-6.510641241877136e-07,65.88,ASK
22,1712300610.15284,17498179.12658451,63.75,-0.0,65.88,ASK
23,1712300640.1074803,17498179.12658451,63.75,-0.0,65.88,ASK
24,1712300662.32334,17513612.52168988,63.72,-5.023752148610401e-06,65.88,ASK
25,1712300662.3247106,17518612.52168929,63.72,-1.6275589764002952e-06,65.88,ASK
26,1712300662.3260574,17524604.47235551,63.72,-1.9504506188227625e-06,65.88,ASK
27,1712300662.3862672,17524604.4723561,63.72,-1.9159489743538963e-16,65.88,ASK
28,1712300662.5432286,17527356.83969777,63.71,-8.959280347637116e-07,65.88,ASK
29,1712300662.544603,17527574.82833333,63.71,-7.095787211974779e-08,65.88,ASK
30,1712300662.7481675,17528593.19411041,63.7,-3.314900723880327e-07,65.88,ASK
31,1712300662.749527,17528907.16585295,63.7,-1.0220150559370574e-07,65.88,ASK
32,1712300670.1134171,17528907.16585295,63.7,-0.0,65.88,ASK
33,1712300700.1532109,17528907.16585295,63.7,-0.0,65.88,ASK
34,1712300700.6444628,17560194.50491497,63.7,-1.0184166560549642e-05,65.88,ASK
35,1712300728.3731835,17560975.88765301,63.65,-2.5434352010536814e-07,65.88,ASK
36,1712300728.4342992,17561132.99684389,63.65,-5.1139733069604473e-08,65.88,ASK
37,1712300728.435742,17561137.16006028,63.65,-1.3551452572054208e-09,65.88,ASK
38,1712300728.4371653,17561395.84323638,63.6,-8.42025122876294e-08,65.88,ASK
39,1712300728.4382603,17563638.58301501,63.6,-7.300216682622485e-07,65.88,ASK
40,1712300728.4531558,17563638.58301624,63.6,-4.001574677712599e-16,65.88,ASK
41,1712300730.1559672,17563638.58301624,63.6,-0.0,65.88,ASK
42,1712300752.2331812,17567733.54121624,63.66,1.3319678374925706e-06,65.88,BID
43,1712300760.1220365,17567733.54121624,63.66,0.0,65.88,BID
44,1712300768.7619357,17569306.36285826,63.56,-5.115486207595733e-07,65.88,ASK
45,1712300778.9537246,17570879.43191599,63.53,-5.116290908929007e-07,65.88,ASK
46,1712300778.9549606,17571879.43191599,63.51,-3.2524261308037175e-07,65.88,ASK
47,1712300778.9637024,17572194.39254591,63.5,-1.0243861829186656e-07,65.88,ASK
48,1712300778.9648418,17580067.1684867,63.51,-2.560562219179073e-06,65.88,ASK
49,1712300778.9659903,17586567.1684867,63.5,-2.1140769850224164e-06,65.88,ASK
50,1712300778.9671545,17586724.59921717,63.52,-5.1203182157059976e-08,65.88,ASK
51,1712300778.9683037,17631352.37613976,63.5,-1.4514854782271418e-05,65.88,ASK
52,1712300778.9767723,17667637.96362467,63.5,-1.1801619290748915e-05,65.88,ASK
53,1712300778.9774728,17668967.31268823,63.48,-4.323609631283189e-07,65.88,ASK
54,1712300779.3333242,17672637.96362423,63.48,-1.1938521021305684e-06,65.88,ASK
55,1712300779.3548822,17672637.96362467,63.48,-1.4297153183625591e-16,65.88,ASK
56,1712300782.9335752,17673637.96362467,63.46,-3.2524261308037175e-07,65.88,ASK
57,1712300782.9391098,17676789.5551784,63.46,-1.025031872296858e-06,65.88,ASK
58,1712300790.115243,17676789.5551784,63.46,-0.0,65.88,ASK
59,1712300820.1474326,17676789.5551784,63.46,-0.0,65.88,ASK
60,1712300827.843758,17677734.43706816,63.5,3.0662523887062146e-07,65.88,BID
61,1712300850.1567912,17677734.43706816,63.5,0.0,65.88,BID
62,1712300864.693684,17677734.43706845,63.42,-9.429238974195891e-17,65.88,ASK
63,1712300864.7037084,17679818.87434507,63.4,-6.764111371982976e-07,65.88,ASK
64,1712300864.704972,17679976.57817727,63.41,-5.11757440120659e-08,65.88,ASK
65,1712300871.6436958,17680606.51518514,63.46,2.044179561727289e-07,65.88,BID
66,1712300876.1436615,17680706.51518514,63.46,3.2450539279118544e-08,65.88,BID
67,1712300880.0936482,17680706.51518514,63.46,0.0,65.88,BID
68,1712300910.1074896,17680706.51518514,63.46,0.0,65.88,BID
69,1712300917.5038283,17680732.83623777,63.4,8.540801156610674e-09,65.88,BID
70,1712300940.1464243,17680732.83623777,63.4,0.0,65.88,BID
71,1712300942.4044828,17681732.83623777,63.38,-3.244853711629157e-07,65.88,ASK
72,1712300942.4065883,17706849.78326575,63.35,-8.150081878853798e-06,65.88,ASK
73,1712300942.408594,17706949.78326575,63.38,-3.2448537116291565e-08,65.88,ASK
74,1712300942.4105854,17708528.06609403,63.36,-5.121296893341156e-07,65.88,ASK
75,1712300942.423937,17710059.45851748,63.35,-4.969144389195574e-07,65.88,ASK
76,1712300970.153926,17710059.45851748,63.35,-0.0,65.88,ASK
77,1712300994.9139297,17717245.45851748,63.36,-2.330347008315752e-06,65.88,ASK
78,1712301000.1173878,17717245.45851748,63.36,-0.0,65.88,ASK
79,1712301008.2440088,17721811.8989342,63.37,-1.4845802832716245e-06,65.88,ASK
80,1712301009.2843676,17722600.8989342,63.38,-2.565091705155155e-07,65.88,ASK
81,1712301010.3739014,17730115.41505117,63.37,-2.4430193865516657e-06,65.88,ASK
82,1712301014.2041707,17736898.41505117,63.38,2.205198610401447e-06,65.88,BID
83,1712301023.0641928,17740650.75165117,63.39,1.2199096942477787e-06,65.88,BID
84,1712301023.066285,17742473.75165117,63.39,5.926694776296384e-07,65.88,BID
85,1712301023.144057,17744034.49183973,63.4,-5.074070610356821e-07,65.88,ASK
86,1712301023.1641438,17747699.79353973,63.45,1.191614066864432e-06,65.88,BID
87,1712301023.1650865,17749037.6109833,63.45,4.349333875181715e-07,65.88,BID
88,1712301023.1839795,17771123.57211027,63.45,-7.180293496472179e-06,65.88,ASK
89,1712301023.5640364,17771515.07575269,63.6,-1.2728044939324338e-07,65.88,ASK
90,1712301023.7040825,17774574.63228723,63.46,-9.94682267199185e-07,65.88,ASK
91,1712301023.723996,17777647.86402269,63.46,-9.991281663687208e-07,65.88,ASK
92,1712301023.7439814,17781287.70785057,63.46,-1.1833375425801688e-06,65.88,ASK
93,1712301024.664034,17781639.70785057,63.38,-1.144375513579993e-07,65.88,ASK
94,1712301026.6370044,17782031.21149299,63.4,1.2728044939203229e-07,65.88,BID
95,1712301030.111198,17782031.21149299,63.4,0.0,65.88,BID
96,1712301042.784202,17782319.92449299,63.4,-9.373730895681413e-08,65.88,ASK
97,1712301060.1840093,17782319.92449299,63.4,-0.0,65.88,ASK
98,1712301090.1644044,17782319.92449299,63.4,-0.0,65.88,ASK
99,1712301112.104696,17782414.30863645,63.57,3.064379864224554e-08,65.88,BID
100,1712301120.1304965,17782414.30863645,63.57,0.0,65.88,BID
101,1712301150.10967,17782414.30863645,63.57,0.0,65.88,BID
102,1712301180.154487,17782414.30863645,63.57,0.0,65.88,BID
103,1712301206.1931531,17784806.98364899,63.4,-7.768307872708002e-07,65.88,ASK
104,1712301206.194887,17785911.08459535,63.4,-3.584689115285331e-07,65.88,ASK
105,1712301206.196418,17786661.06408414,63.38,-2.434961512366937e-07,65.88,ASK
106,1712301206.3331697,17787457.04059521,63.38,2.584300235112085e-07,65.88,BID
107,1712301210.155035,17787457.04059521,63.38,0.0,65.88,BID
108,1712301234.4823678,17787551.21733355,63.71,3.057322744340486e-08,65.88,BID
109,1712301240.1069858,17787551.21733355,63.71,0.0,65.88,BID
110,1712301270.0986478,17787551.21733355,63.71,0.0,65.88,BID
111,1712301300.1408713,17787551.21733355,63.71,0.0,65.88,BID
112,1712301330.10212,17787551.21733355,63.71,0.0,65.88,BID
113,1712301360.1293547,17787551.21733355,63.71,0.0,65.88,BID
114,1712301390.1016953,17787551.21733355,63.71,0.0,65.88,BID
115,1712301420.148069,17787551.21733355,63.71,0.0,65.88,BID
116,1712301440.6299157,17787689.17053846,63.81,4.4863943783529764e-08,65.88,BID
117,1712301440.631603,17797158.44088155,63.82,3.07951390203962e-06,65.88,BID
118,1712301440.7077498,17797158.44088297,63.82,4.615840043563604e-16,65.88,BID
119,1712301450.147426,17797158.44088297,63.82,0.0,65.88,BID
120,1712301480.107061,17797158.44088297,63.82,0.0,65.88,BID
121,1712301510.106561,17797158.44088297,63.82,0.0,65.88,BID
122,1712301521.0262651,17806931.07298085,63.86,3.177536986130305e-06,65.88,BID
123,1712301521.126135,17807158.44088285,63.86,-7.392787437674079e-08,65.88,ASK
124,1712301521.1525142,17807158.44088297,63.86,-3.8760481602499556e-17,65.88,ASK
125,1712301540.1459675,17807158.44088297,63.86,-0.0,65.88,ASK
126,1712301544.8960328,17807346.44088297,63.86,6.111484957975576e-08,65.88,BID
127,1712301544.9987454,17816726.29652897,63.86,-3.0491939727929293e-06,65.88,ASK
128,1712301545.015927,17821245.06787952,63.86,-1.4689576136928635e-06,65.88,ASK
129,1712301570.1454954,17821245.06787952,63.86,-0.0,65.88,ASK
130,1712301600.1318736,17821245.06787952,63.86,-0.0,65.88,ASK
131,1712301625.3048627,17821345.06787952,63.81,3.25823470502441e-08,65.88,BID
132,1712301630.0990386,17821345.06787952,63.81,0.0,65.88,BID
133,1712301653.9244318,17861439.47722252,63.8,1.3063672439467502e-05,65.88,BID
134,1712301653.9260974,17861439.47722351,63.8,3.228666743717617e-16,65.88,BID
135,1712301659.164338,17867066.92303161,63.81,1.8335501111622448e-06,65.88,BID
136,1712301659.1665003,17870022.16546251,63.81,9.62885343096437e-07,65.88,BID
137,1712301660.144141,17870022.16546251,63.81,0.0,65.88,BID
138,1712301690.146757,17870022.16546251,63.81,0.0,65.88,BID
139,1712301720.1055255,17870022.16546251,63.81,0.0,65.88,BID
140,1712301727.0235417,17880446.26511295,63.81,3.3929759015874005e-06,65.88,BID
141,1712301727.0256093,17880602.9803622,63.81,5.100978328489383e-08,65.88,BID
142,1712301736.8633194,17881388.52631663,63.81,-2.556900434912122e-07,65.88,ASK
143,1712301736.983299,17885693.69030187,63.81,-1.4013025723207208e-06,65.88,ASK
144,1712301750.0962346,17885693.69030187,63.81,-0.0,65.88,ASK
145,1712301773.200101,17887792.627056,63.71,-6.829678121973781e-07,65.88,ASK
146,1712301773.9529088,17893657.20965543,63.71,-1.9082619519161785e-06,65.88,ASK
147,1712301774.8130555,17896975.16905062,63.71,-1.0796225587232214e-06,65.88,ASK
148,1712301774.852922,17899852.3258746,63.71,-9.36190905970431e-07,65.88,ASK
149,1712301776.1228385,17901734.82466635,63.71,-6.125416017116142e-07,65.88,ASK
150,1712301780.1441195,17901734.82466635,63.71,-0.0,65.88,ASK
151,1712301810.143587,17901734.82466635,63.71,-0.0,65.88,ASK
152,1712301831.6024058,17902204.30823442,63.9,1.527133077716949e-07,65.88,BID
153,1712301840.093321,17902204.30823442,63.9,0.0,65.88,BID
154,1712301870.0969152,17902204.30823442,63.9,0.0,65.88,BID
155,1712301877.1519368,17902304.30823442,63.87,3.2527617138962543e-08,65.88,BID
156,1712301900.1526542,17902304.30823442,63.87,0.0,65.88,BID
157,1712301930.135183,17902304.30823442,63.87,0.0,65.88,BID
158,1712301960.09122,17902304.30823442,63.87,0.0,65.88,BID
159,1712301990.0919309,17902304.30823442,63.87,0.0,65.88,BID
160,1712301998.9610066,17911824.69007812,63.87,3.142057575675343e-06,65.88,BID
161,1712301998.9635286,17911834.30823442,63.87,3.1743265511227247e-09,65.88,BID
162,1712302020.1604576,17911834.30823442,63.87,0.0,65.88,BID
163,1712302024.6707432,17921834.30823442,63.86,3.299685410485017e-06,65.88,BID
164,1712302034.990481,17921934.30823442,63.86,3.299685410485017e-08,65.88,BID
165,1712302046.74055,17922034.30823442,63.8,3.299685410485017e-08,65.88,BID
166,1712302048.930457,17927367.44188491,63.86,1.7597663298685751e-06,65.88,BID
167,1712302048.9328575,17932034.30823442,63.8,1.5399190806164418e-06,65.88,BID
168,1712302050.1403463,17932034.30823442,63.8,0.0,65.88,BID
169,1712302080.0902283,17932034.30823442,63.8,0.0,65.88,BID
170,1712302110.0920074,17932034.30823442,63.8,0.0,65.88,BID
171,1712302140.1397412,17932034.30823442,63.8,0.0,65.88,BID
172,1712302159.5827444,17932672.30823442,63.81,-2.104303793197125e-07,65.88,ASK
173,1712302159.6603527,17934063.75823442,63.81,-4.589394221069861e-07,65.88,ASK
174,1712302170.1324558,17934063.75823442,63.81,-0.0,65.88,ASK
175,1712302200.1992517,17934063.75823442,63.81,-0.0,65.88,ASK
176,1712302228.649214,17949727.45122729,63.81,5.189562095718557e-06,65.88,BID
177,1712302230.1489384,17949727.45122729,63.81,0.0,65.88,BID
178,1712302260.0948002,17949727.45122729,63.81,0.0,65.88,BID
179,1712302290.0943377,17949727.45122729,63.81,0.0,65.88,BID
180,1712302320.1319716,17949727.45122729,63.81,0.0,65.88,BID
181,1712302325.9298494,17949827.45122729,63.72,-3.312018541514175e-08,65.88,ASK
182,1712302325.9316556,17949884.45122729,63.72,-1.88785056866308e-08,65.88,ASK
183,1712302326.0285642,17949927.45122729,63.72,-1.4241679728510954e-08,65.88,ASK
184,1712302350.1334958,17949927.45122729,63.72,-0.0,65.88,ASK
185,1712302359.71639,17958359.02749729,63.72,2.792541907181432e-06,65.88,BID
186,1712302359.7198386,17958359.02749823,63.72,3.1092209728260926e-16,65.88,BID
187,1712302359.8482013,17964619.801704,63.72,-2.0735712731693378e-06,65.88,ASK
188,1712302380.0908804,17964619.801704,63.72,-0.0,65.88,ASK
189,1712302382.8281574,17964776.29622669,63.9,5.18149911007277e-08,65.88,BID
190,1712302410.0843153,17964776.29622669,63.9,0.0,65.88,BID
191,1712302440.1471758,17964776.29622669,63.9,0.0,65.88,BID
192,1712302470.1505687,17964776.29622669,63.9,0.0,65.88,BID
193,1712302500.0938578,17964776.29622669,63.9,0.0,65.88,BID
194,1712302510.1476529,17964916.09770858,63.6,-4.666541274767324e-08,65.88,ASK
195,1712302530.113304,17964916.09770858,63.6,-0.0,65.88,ASK
196,1712302560.1292267,17964916.09770858,63.6,-0.0,65.88,ASK
197,1712302590.137044,17964916.09770858,63.6,-0.0,65.88,ASK
198,1712302620.1112254,17964916.09770858,63.6,-0.0,65.88,ASK
199,1712302650.0904417,17964916.09770858,63.6,-0.0,65.88,ASK
200,1712302661.0175424,17971203.59278533,63.61,-2.0987451501448964e-06,65.88,ASK
201,1712302662.3582585,17971342.61683649,63.61,-4.64057704321245e-08,65.88,ASK
202,1712302662.4389148,17986153.84263072,63.74,4.943938392619577e-06,65.88,BID
203,1712302662.4409614,17997221.62178549,63.74,3.694388232580085e-06,65.88,BID
204,1712302662.464893,17997221.62178598,63.74,1.628971419501327e-16,65.88,BID
205,1712302680.1284368,17997221.62178598,63.74,0.0,65.88,BID
206,1712302710.136467,17997221.62178598,63.74,0.0,65.88,BID
207,1712302740.0824535,17997221.62178598,63.74,0.0,65.88,BID
208,1712302770.0864284,17997221.62178598,63.74,0.0,65.88,BID
209,1712302800.117474,17997221.62178598,63.74,0.0,65.88,BID
210,1712302827.9461277,17998790.49533477,63.74,5.270268516923535e-07,65.88,BID
211,1712302830.089691,17998790.49533477,63.74,0.0,65.88,BID
212,1712302860.1363847,17998790.49533477,63.74,0.0,65.88,BID
213,1712302890.155806,17998790.49533477,63.74,0.0,65.88,BID
214,1712302920.1058176,17998790.49533477,63.74,0.0,65.88,BID
215,1712302950.1059685,17998790.49533477,63.74,0.0,65.88,BID
216,1712302980.1354334,17998790.49533477,63.74,0.0,65.88,BID
217,1712302982.1755297,17998890.49533477,63.89,3.359156309587835e-08,65.88,BID
218,1712302996.0854576,18010617.50096109,63.89,3.939284494222769e-06,65.88,BID
219,1712302996.225482,18013234.50096109,63.89,-8.790912062191365e-07,65.88,ASK
220,1712303010.1355982,18013234.50096109,63.89,-0.0,65.88,ASK
221,1712303016.8054025,18017929.33664184,63.9,-1.576579962473839e-06,65.88,ASK
222,1712303040.115212,18017929.33664184,63.9,-0.0,65.88,ASK
223,1712303070.0852408,18017929.33664184,63.9,-0.0,65.88,ASK
224,1712303100.1071053,18017929.33664184,63.9,-0.0,65.88,ASK
225,1712303112.3550065,18018036.65387524,63.85,3.609536065070662e-08,65.88,BID
226,1712303130.089213,18018036.65387524,63.85,0.0,65.88,BID
227,1712303150.0683937,18018130.63883764,63.84,3.161107668995912e-08,65.88,BID
228,1712303154.7549288,18018230.63883764,63.74,-3.3634185600251564e-08,65.88,ASK
229,1712303154.764829,18020994.23266731,63.72,-9.295122779079912e-07,65.88,ASK
230,1712303159.9348598,18021732.7574817,63.72,-2.483968067769799e-07,65.88,ASK
231,1712303159.9448812,18023743.68266731,63.7,-6.763583092101392e-07,65.88,ASK
232,1712303160.107969,18023743.68266731,63.7,-0.0,65.88,ASK
233,1712303163.6001742,18027959.07386708,63.7,-1.4176391194024706e-06,65.88,ASK
234,1712303184.5753927,18030823.14039719,63.7,-9.631876524015542e-07,65.88,ASK
235,1712303190.0877652,18030823.14039719,63.7,-0.0,65.88,ASK
236,1712303192.404642,18036821.94039719,63.7,-2.017094883142897e-06,65.88,ASK
237,1712303197.5448687,18041197.39787453,63.7,-1.4712463974374786e-06,65.88,ASK
238,1712303203.024634,18045785.98450359,63.7,-1.5429110172587865e-06,65.88,ASK
239,1712303220.136513,18045785.98450359,63.7,-0.0,65.88,ASK
240,1712303232.0849776,18049275.69436566,63.7,-1.1730380526694093e-06,65.88,ASK
241,1712303250.1451385,18049275.69436566,63.7,-0.0,65.88,ASK
242,1712303280.0872624,18049275.69436566,63.7,-0.0,65.88,ASK
243,1712303293.4057426,18054927.682782,63.7,-1.899728738063938e-06,65.88,ASK
244,1712303293.4086874,18063879.60526266,63.7,-3.008892295012519e-06,65.88,ASK
245,1712303293.427639,18063879.60526299,63.7,-1.1143983425852947e-16,65.88,ASK
246,1712303310.0906217,18063879.60526299,63.7,-0.0,65.88,ASK
247,1712303310.2456515,18065931.62029999,63.63,6.89501308614894e-07,65.88,BID
248,1712303340.1498735,18065931.62029999,63.63,0.0,65.88,BID
249,1712303344.196019,18068304.24613239,63.64,7.971953503749678e-07,65.88,BID
250,1712303344.1991324,18068304.24613299,63.63,2.0152155233786484e-16,65.88,BID
251,1712303344.3158815,18068304.24613359,63.64,2.0152155233786484e-16,65.88,BID
252,1712303370.137781,18068304.24613359,63.64,0.0,65.88,BID
253,1712303385.786174,18068404.24613359,63.71,-3.359800340289114e-08,65.88,ASK
254,1712303385.926375,18070661.25430456,63.71,7.583096820872108e-07,65.88,BID
255,1712303400.1287334,18070661.25430456,63.71,0.0,65.88,BID
256,1712303430.0905724,18070661.25430456,63.71,0.0,65.88,BID
257,1712303431.716684,18072317.31437362,63.71,5.581958422597208e-07,65.88,BID
258,1712303440.5566504,18073807.76843577,63.71,-5.023762580326186e-07,65.88,ASK
259,1712303443.006956,18073886.3869601,63.84,2.6499360878529924e-08,65.88,BID
260,1712303460.140034,18073886.3869601,63.84,0.0,65.88,BID
261,1712303479.4068837,18073964.97744824,63.88,2.648807634342896e-08,65.88,BID
262,1712303490.1392164,18073964.97744824,63.88,0.0,65.88,BID
263,1712303520.110742,18073964.97744824,63.88,0.0,65.88,BID
264,1712303550.0876634,18073964.97744824,63.88,0.0,65.88,BID
265,1712303552.3873355,18081536.97744824,63.7,-2.552056609505158e-06,65.88,ASK
266,1712303552.3903673,18084807.54090982,63.68,-1.1023062729701175e-06,65.88,ASK
267,1712303552.5073133,18092130.39967794,63.68,2.4680863866421667e-06,65.88,BID
268,1712303580.1395988,18092130.39967794,63.68,0.0,65.88,BID
269,1712303610.1417384,18092130.39967794,63.68,0.0,65.88,BID
270,1712303619.687545,18093130.39967794,63.61,-3.369072738367327e-07,65.88,ASK
271,1712303619.8074536,18093700.75143594,63.61,1.9215565591560266e-07,65.88,BID
272,1712303619.827441,18093700.75143674,63.61,2.6984164072162477e-16,65.88,BID
273,1712303640.0894868,18093700.75143674,63.61,0.0,65.88,BID
274,1712303670.0948195,18093700.75143674,63.61,0.0,65.88,BID
275,1712303689.6678388,18093857.29495583,63.78,5.27388753957899e-08,65.88,BID
276,1712303700.1113884,18093857.29495583,63.78,0.0,65.88,BID
277,1712303730.0978754,18093857.29495583,63.78,0.0,65.88,BID
278,1712303741.2905557,18094484.45080405,63.71,2.116398782524572e-07,65.88,BID
279,1712303760.1428804,18094484.45080405,63.71,0.0,65.88,BID
280,1712303790.15797,18094484.45080405,63.71,0.0,65.88,BID
281,1712303820.096395,18094484.45080405,63.71,0.0,65.88,BID
282,1712303850.0981522,18094484.45080405,63.71,0.0,65.88,BID
283,1712303880.158233,18094484.45080405,63.71,0.0,65.88,BID
284,1712303894.5382533,18095484.45080405,63.61,-3.374552357744704e-07,65.88,ASK
285,1712303894.5493116,18123781.88831465,63.61,-9.549118446952345e-06,65.88,ASK
286,1712303894.552277,18124142.08683276,63.6,-1.2155087585520168e-07,65.88,ASK
287,1712303894.554709,18124642.08683276,63.59,-1.687276178872352e-07,65.88,ASK
288,1712303894.5571065,18134238.12602004,63.6,-3.238233666444157e-06,65.88,ASK
289,1712303894.5593357,18153115.7389858,63.61,-6.370349334219366e-06,65.88,ASK
290,1712303894.5607305,18169843.43020392,63.54,-5.6448469839729245e-06,65.88,ASK
291,1712303894.5621307,18170343.43020392,63.55,-1.687276178872352e-07,65.88,ASK
292,1712303894.5635638,18174343.43020392,63.6,-1.3498209430978817e-06,65.88,ASK
293,1712303894.5649648,18181502.73539806,63.53,-2.4159450222709862e-06,65.88,ASK
294,1712303894.5663788,18182002.73539806,63.58,-1.687276178872352e-07,65.88,ASK
295,1712303894.5680227,18182502.73539806,63.57,-1.687276178872352e-07,65.88,ASK
296,1712303894.5694318,18183002.73539806,63.53,-1.687276178872352e-07,65.88,ASK
297,1712303894.5708923,18183502.73539806,63.56,-1.687276178872352e-07,65.88,ASK
298,1712303894.5723448,18184002.73539806,63.54,-1.687276178872352e-07,65.88,ASK
299,1712303894.573779,18184160.06705318,63.56,-5.30923907728397e-08,65.88,ASK
300,1712303894.5752351,18184660.06705318,63.53,-1.687276178872352e-07,65.88,ASK
301,1712303904.5985286,18184817.49778365,63.52,-5.3125824268740624e-08,65.88,ASK
302,1712303904.6019175,18185317.49778365,63.52,-1.687276178872352e-07,65.88,ASK
303,1712303904.6983402,18185317.4977839,63.52,8.422695397171944e-17,65.88,BID
304,1712303904.7015667,18209288.3177119,63.52,8.089078690511159e-06,65.88,BID
305,1712303910.138394,18209288.3177119,63.52,0.0,65.88,BID
306,1712303940.0933282,18209288.3177119,63.52,0.0,65.88,BID
307,1712303970.0945642,18209288.3177119,63.52,0.0,65.88,BID
308,1712304000.133329,18209288.3177119,63.52,0.0,65.88,BID
309,1712304010.4685128,18209366.96092798,63.68,2.652506408298086e-08,65.88,BID
310,1712304020.038514,18209445.60414406,63.67,2.6525064084237345e-08,65.88,BID
311,1712304030.084668,18209445.60414406,63.67,0.0,65.88,BID
312,1712304060.240857,18209445.60414406,63.67,0.0,65.88,BID
313,1712304090.1382716,18209445.60414406,63.67,0.0,65.88,BID
314,1712304096.63879,18209704.23211415,63.51,-8.723066844585966e-08,65.88,ASK
315,1712304096.6423488,18210204.23211415,63.51,-1.6864121157280508e-07,65.88,ASK
316,1712304120.108636,18210204.23211415,63.51,-0.0,65.88,ASK
317,1712304150.0883794,18210204.23211415,63.51,-0.0,65.88,ASK
318,1712304156.479051,18210445.60414406,63.51,-8.140922019267302e-08,65.88,ASK
319,1712304156.4832058,18213353.34249047,63.51,-9.80713098347467e-07,65.88,ASK
320,1712304180.128477,18213353.34249047,63.51,-0.0,65.88,ASK
321,1712304204.618564,18213460.65972387,63.54,-3.61931869074478e-08,65.88,ASK
322,1712304210.139814,18213460.65972387,63.54,-0.0,65.88,ASK
323,1712304240.09892,18213460.65972387,63.54,-0.0,65.88,ASK
324,1712304270.0810652,18213460.65972387,63.54,-0.0,65.88,ASK
325,1712304300.1615288,18213460.65972387,63.54,-0.0,65.88,ASK
326,1712304330.138452,18213460.65972387,63.54,-0.0,65.88,ASK
327,1712304356.8285587,18213595.97772116,63.67,4.5753384678866384e-08,65.88,BID
328,1712304356.8385231,18213617.4978669,63.67,7.276338152630752e-09,65.88,BID
329,1712304360.0920937,18213617.4978669,63.67,0.0,65.88,BID
330,1712304390.0984733,18213617.4978669,63.67,0.0,65.88,BID
331,1712304420.138419,18213617.4978669,63.67,0.0,65.88,BID
332,1712304440.544809,18216713.95273544,63.66,1.046962083655093e-06,65.88,BID
333,1712304440.6026752,18222625.57049848,63.66,-1.998814745808105e-06,65.88,ASK
334,1712304440.7185252,18227811.76229848,63.66,-1.7535363516281538e-06,65.88,ASK
335,1712304442.7286248,18227811.76229944,63.67,3.2497206241976787e-16,65.88,BID
336,1712304442.732206,18235916.36243644,63.67,2.7402979881390114e-06,65.88,BID
337,1712304442.82872,18236916.36243644,63.68,3.381163711740731e-07,65.88,BID
338,1712304443.3536303,18238929.29780531,63.66,-6.806064023300839e-07,65.88,ASK
339,1712304443.3553014,18240191.32292006,63.66,-4.2671135213060853e-07,65.88,ASK
340,1712304450.14157,18240191.32292006,63.66,-0.0,65.88,ASK
341,1712304466.1486936,18242790.48362982,63.66,-8.783163708635992e-07,65.88,ASK
342,1712304480.0935628,18242790.48362982,63.66,-0.0,65.88,ASK
343,1712304480.718402,18244739.55673565,63.66,-6.585999461682683e-07,65.88,ASK
344,1712304485.1285777,18245739.55673565,63.68,3.379041782465987e-07,65.88,BID
345,1712304501.5917134,18246108.45663565,63.71,1.2465281756493574e-07,65.88,BID
346,1712304501.5986855,18247108.45663565,63.71,3.379041782465987e-07,65.88,BID
347,1712304501.6004,18248108.45663565,63.73,3.379041782465987e-07,65.88,BID
348,1712304501.6020274,18249108.45663565,63.72,3.379041782465987e-07,65.88,BID
349,1712304501.603659,18256680.45663565,63.73,2.5586104376832456e-06,65.88,BID
350,1712304501.605444,18261422.00686892,63.75,1.6021896351883963e-06,65.88,BID
351,1712304510.0850806,18261422.00686892,63.75,0.0,65.88,BID
352,1712304540.145831,18261422.00686892,63.75,0.0,65.88,BID
353,1712304570.1384454,18261422.00686892,63.75,0.0,65.88,BID
354,1712304578.5585043,18262422.00686892,63.75,3.377686724008359e-07,65.88,BID
355,1712304578.5621772,18263422.00686892,63.75,3.377686724008359e-07,65.88,BID
356,1712304578.638277,18268471.68198095,63.75,-1.7056220586451295e-06,65.88,ASK
357,1712304578.6400752,18290499.68198095,63.75,-7.440368315645611e-06,65.88,ASK
358,1712304578.6608331,18292794.55588852,63.75,-7.751365130871684e-07,65.88,ASK
359,1712304578.918481,18296435.47260152,63.68,1.2297876044730615e-06,65.88,BID
360,1712304578.9383397,18296435.47260179,63.68,9.059661780618198e-17,65.88,BID
361,1712304579.018614,18298173.68663196,63.7,5.871142453186728e-07,65.88,BID
362,1712304579.02217,18310019.71248698,63.69,4.001216426275976e-06,65.88,BID
363,1712304600.146149,18310019.71248698,63.69,0.0,65.88,BID
364,1712304630.1024678,18310019.71248698,63.69,0.0,65.88,BID
365,1712304660.1420667,18310019.71248698,63.69,0.0,65.88,BID
366,1712304690.138848,18310019.71248698,63.69,0.0,65.88,BID
367,1712304693.8963833,18311019.71248698,63.75,3.386614420715148e-07,65.88,BID
368,1712304694.068282,18312019.71248698,63.76,3.386614420715148e-07,65.88,BID
369,1712304701.4184074,18313019.71248698,63.77,3.386614420715148e-07,65.88,BID
370,1712304703.4341908,18315918.71833902,63.69,-9.81781502425594e-07,65.88,ASK
371,1712304703.555027,18316918.71833902,63.78,3.386614420715148e-07,65.88,BID
372,1712304720.088801,18316918.71833902,63.78,0.0,65.88,BID
373,1712304750.091529,18316918.71833902,63.78,0.0,65.88,BID
374,1712304776.0578823,18317918.71833895,63.78,3.3861101993851e-07,65.88,BID
375,1712304776.0608394,18317918.71833902,63.78,2.2705638257048585e-17,65.88,BID
376,1712304776.0637598,18320209.60773009,63.78,7.757203933292502e-07,65.88,BID
377,1712304776.20938,18321209.60773009,63.79,3.386110199612157e-07,65.88,BID
378,1712304776.2130818,18322209.60773009,63.8,3.386110199612157e-07,65.88,BID
379,1712304780.1382158,18322209.60773009,63.8,0.0,65.88,BID
380,1712304781.1881375,18323209.60773009,63.81,3.385723294601153e-07,65.88,BID
381,1712304790.888466,18324089.49938983,63.82,2.979069689108204e-07,65.88,BID
382,1712304790.8982286,18325089.49938909,63.82,3.3857232920912055e-07,65.88,BID
383,1712304810.1382508,18325089.49938909,63.82,0.0,65.88,BID
384,1712304840.0888302,18325089.49938909,63.82,0.0,65.88,BID
385,1712304870.0920527,18325089.49938909,63.82,0.0,65.88,BID
386,1712304900.1188004,18325089.49938909,63.82,0.0,65.88,BID
387,1712304930.0910044,18325089.49938909,63.82,0.0,65.88,BID
388,1712304960.1437442,18325089.49938909,63.82,0.0,65.88,BID
389,1712304969.8883307,18325089.49938983,63.82,2.5104184109500165e-16,65.88,BID
390,1712304969.8921602,18325246.19008166,63.85,5.306108320463501e-08,65.88,BID
391,1712304971.3982852,18326246.19008166,63.88,3.386358346201825e-07,65.88,BID
392,1712304971.402508,18327089.49938983,63.85,2.8557475141554744e-07,65.88,BID
393,1712304971.5981288,18328089.49938983,63.89,3.386358346201825e-07,65.88,BID
394,1712304971.698195,18329089.49938983,63.9,3.386358346201825e-07,65.88,BID
395,1712304971.9380198,18333237.22737456,63.88,-1.4045693278865831e-06,65.88,ASK
396,1712304972.1782353,18335218.57418891,63.88,-6.709550321492127e-07,65.88,ASK
397,1712304984.9287171,18335375.26488148,63.93,5.3061083455676857e-08,65.88,BID
398,1712304990.135538,18335375.26488148,63.93,0.0,65.88,BID
399,1712305020.0999703,18335375.26488148,63.93,0.0,65.88,BID
400,1712305026.7083027,18336898.95674737,63.72,-5.158618849027985e-07,65.88,ASK
401,1712305046.718321,18336998.95674737,63.94,3.3856050324260754e-08,65.88,BID
402,1712305046.7222683,18337625.01341608,63.94,2.119580608168357e-07,65.88,BID
403,1712305046.725578,18338468.32272351,63.93,2.855112235126552e-07,65.88,BID
404,1712305050.0883398,18338468.32272351,63.93,0.0,65.88,BID
405,1712305060.8281949,18338842.2660548,63.94,1.2659398078205004e-07,65.88,BID
406,1712305060.832362,18338937.512589,63.95,3.2244559298030485e-08,65.88,BID
407,1712305080.166411,18338937.512589,63.95,0.0,65.88,BID
408,1712305110.141494,18338937.512589,63.95,0.0,65.88,BID
409,1712305140.1119163,18338937.512589,63.95,0.0,65.88,BID
410,1712305170.1034827,18338937.512589,63.95,0.0,65.88,BID
411,1712305190.968125,18339031.46098619,63.77,-3.180476772955882e-08,65.88,ASK
412,1712305200.1914291,18339031.46098619,63.77,-0.0,65.88,ASK
413,1712305230.0914376,18339031.46098619,63.77,-0.0,65.88,ASK
414,1712305236.2078462,18339815.52872964,63.95,2.654374648462612e-07,65.88,BID
415,1712305244.087669,18345546.4200953,63.77,-1.940129903464064e-06,65.88,ASK
416,1712305244.0985548,18345963.5224296,63.77,-1.41205383238116e-07,65.88,ASK
417,1712305244.1024182,18347531.90385996,63.76,-5.30958191131634e-07,65.88,ASK
418,1712305244.1063266,18360848.25000582,63.7,-4.508101744393701e-06,65.88,ASK
419,1712305244.1102283,18394612.88300455,63.76,-1.1430643154897863e-05,65.88,ASK
420,1712305244.1123562,18410306.542766,63.72,-5.3129149822025365e-06,65.88,ASK
421,1712305244.1141372,18425927.65316437,63.76,-5.288354197534198e-06,65.88,ASK
422,1712305257.8477805,18440685.55546217,63.95,4.9961246398657e-06,65.88,BID
423,1712305257.8509834,18441685.55546137,63.95,3.38538942394909e-07,65.88,BID
424,1712305257.9009914,18457306.66585974,63.95,-5.288354197534198e-06,65.88,ASK
425,1712305257.9099762,18457306.66586054,63.95,-2.7114850533456493e-16,65.88,ASK
426,1712305260.1538725,18457306.66586054,63.95,-0.0,65.88,ASK
427,1712305271.247837,18464291.59997254,64.09,2.358646796427211e-06,65.88,BID
428,1712305271.3146768,18497345.63054654,64.09,1.11615631690018e-05,65.88,BID
429,1712305271.3948135,18497659.25764393,64.09,1.0590444185615125e-07,65.88,BID
430,1712305271.40213,18504330.5646591,64.09,2.252742354761009e-06,65.88,BID
431,1712305290.1423285,18504330.5646591,64.09,0.0,65.88,BID
432,1712305290.7913744,18504643.35790276,64.24,1.0551548863045569e-07,65.88,BID
433,1712305320.1002307,18504643.35790276,64.24,0.0,65.88,BID
434,1712305327.890333,18506200.02041832,63.99,-5.251101037057529e-07,65.88,ASK
435,1712305350.0984674,18506200.02041832,63.99,-0.0,65.88,ASK
436,1712305368.518299,18506579.32338287,64.04,-1.2794624693509202e-07,65.88,ASK
437,1712305380.1299655,18506579.32338287,64.04,-0.0,65.88,ASK
438,1712305399.1885717,18506735.59780074,64.19,5.271396033815926e-08,65.88,BID
439,1712305407.4787457,18506735.59780106,64.19,1.0806780446703542e-16,65.88,BID
440,1712305407.483076,18546995.68569406,64.19,1.358039726099886e-05,65.88,BID
441,1712305410.086434,18546995.68569406,64.19,0.0,65.88,BID
442,1712305418.6887245,18551899.86080412,64.25,1.6528134393550989e-06,65.88,BID
443,1712305418.6928413,18552208.96917906,64.25,1.0417623042737769e-07,65.88,BID
444,1712305418.7086823,18557235.1853815,64.25,1.6939439359450448e-06,65.88,BID
445,1712305418.712006,18558727.6230419,64.25,5.029838794818237e-07,65.88,BID
446,1712305419.5287051,18560279.6416749,64.31,5.230639602338491e-07,65.88,BID
447,1712305440.1603532,18560279.6416749,64.31,0.0,65.88,BID
448,1712305461.1294725,18560435.13848721,64.31,5.23907286099041e-08,65.88,BID
449,1712305470.136146,18560435.13848721,64.31,0.0,65.88,BID
450,1712305492.1591828,18560515.72560842,64.32,2.7151706257636224e-08,65.88,BID
451,1712305492.1635072,18560746.13211184,64.36,7.762939793243713e-08,65.88,BID
452,1712305500.0914297,18560746.13211184,64.36,0.0,65.88,BID
453,1712305509.0290985,18563856.06835784,64.31,-1.051289503930249e-06,65.88,ASK
454,1712305509.054759,18563856.06835814,64.31,-1.0074440837565399e-16,65.88,ASK
455,1712305530.0890846,18563856.06835814,64.31,-0.0,65.88,ASK
456,1712305560.156788,18563856.06835814,64.31,-0.0,65.88,ASK
457,1712305590.139151,18563856.06835814,64.31,-0.0,65.88,ASK
458,1712305590.419308,18564011.56517045,64.32,5.2560921638626137e-08,65.88,BID
459,1712305620.1236188,18564011.56517045,64.32,0.0,65.88,BID
460,1712305650.0993726,18564011.56517045,64.32,0.0,65.88,BID
461,1712305680.139406,18564011.56517045,64.32,0.0,65.88,BID
462,1712305710.1442738,18564011.56517045,64.32,0.0,65.88,BID
463,1712305715.829591,18564169.16958337,64.17,-5.327315119295652e-08,65.88,ASK
464,1712305740.09047,18564169.16958337,64.17,-0.0,65.88,ASK
465,1712305770.0933516,18564169.16958337,64.17,-0.0,65.88,ASK
466,1712305800.1425192,18564169.16958337,64.17,-0.0,65.88,ASK
467,1712305830.0933251,18564169.16958337,64.17,-0.0,65.88,ASK
468,1712305839.5899827,18564264.49142619,64.14,-3.222271235423492e-08,65.88,ASK
469,1712305839.5940757,18569017.39250137,64.14,-1.606676493694743e-06,65.88,ASK
470,1712305839.709833,18569017.39250183,64.14,-1.5615340951695415e-16,65.88,ASK
471,1712305860.1673975,18569017.39250183,64.14,-0.0,65.88,ASK
472,1712305890.150096,18569017.39250183,64.14,-0.0,65.88,ASK
473,1712305920.088731,18569017.39250183,64.14,-0.0,65.88,ASK
474,1712305930.66472,18569095.50871551,64.02,-2.6403724898967612e-08,65.88,ASK
475,1712305930.6668477,18569251.50871551,64.02,-5.2728888027629976e-08,65.88,ASK
476,1712305950.0958557,18569251.50871551,64.02,-0.0,65.88,ASK
477,1712305954.9702525,18569407.75871551,64.0,-5.281312189578509e-08,65.88,ASK
478,1712305962.7501352,18572217.43833377,64.0,9.49682893869851e-07,65.88,BID
479,1712305969.4301794,18575490.73833377,64.0,1.1063884281696813e-06,65.88,BID
480,1712305980.1254785,18575490.73833377,64.0,0.0,65.88,BID
481,1712306010.0923755,18575490.73833377,64.0,0.0,65.88,BID
482,1712306039.3703265,18575517.48164927,63.99,9.038127217291452e-09,65.88,BID
483,1712306040.1534328,18575517.48164927,63.99,0.0,65.88,BID
484,1712306047.1307142,18575590.73833377,63.99,2.4757695100498227e-08,65.88,BID
485,1712306047.1353116,18586283.10168527,63.99,3.613571560935161e-06,65.88,BID
486,1712306047.1392255,18586383.10168527,64.0,3.379581709059399e-08,65.88,BID
487,1712306070.1408072,18586383.10168527,64.0,0.0,65.88,BID
488,1712306100.1159964,18586383.10168527,64.0,0.0,65.88,BID
489,1712306130.0868256,18586383.10168527,64.0,0.0,65.88,BID
490,1712306160.135836,18586383.10168527,64.0,0.0,65.88,BID
491,1712306190.1457677,18586383.10168527,64.0,0.0,65.88,BID
492,1712306220.0826418,18586383.10168527,64.0,0.0,65.88,BID
493,1712306250.090537,18586383.10168527,64.0,0.0,65.88,BID
494,1712306280.15105,18586383.10168527,64.0,0.0,65.88,BID
495,1712306310.1668332,18586383.10168527,64.0,0.0,65.88,BID
496,1712306339.450085,18587165.32947,63.92,-2.650391907118112e-07,65.88,ASK
497,1712306339.4601831,18587243.56789302,63.92,-2.6509219851913256e-08,65.88,ASK
498,1712306339.463784,18587321.81855801,63.91,-2.6513367751135244e-08,65.88,ASK
499,1712306339.467372,18599702.49519187,63.91,-4.194896396620188e-06,65.88,ASK
500,1712306339.540166,18688078.73160516,63.91,-2.994417564086516e-05,65.88,ASK
501,1712306339.5448446,18688548.21517323,63.9,-1.590732870429358e-07,65.88,ASK
502,1712306340.1066318,18688548.21517323,63.9,-0.0,65.88,ASK
503,1712306370.103352,18688548.21517323,63.9,-0.0,65.88,ASK
504,1712306395.520158,18693749.21517323,63.96,1.7583445271618587e-06,65.88,BID
505,1712306400.1173224,18693749.21517323,63.96,0.0,65.88,BID
506,1712306401.4502225,18694578.21517323,63.96,-2.809178965150448e-07,65.88,ASK
507,1712306402.1193745,18697559.06608394,63.96,-1.0101017704006997e-06,65.88,ASK
508,1712306402.1270814,18702454.14828705,63.96,-1.6587650129862e-06,65.88,ASK
509,1712306402.1406834,18713756.57722109,63.96,-3.829981377155238e-06,65.88,ASK
510,1712306402.7502208,18713912.82722109,63.89,5.294743224424093e-08,65.88,BID
511,1712306402.9900122,18714741.82722109,63.81,-2.809178965150448e-07,65.88,ASK
512,1712306410.200102,18714898.17493841,63.89,5.29805450833456e-08,65.88,BID
513,1712306430.1023016,18714898.17493841,63.89,0.0,65.88,BID
514,1712306460.1400158,18714898.17493841,63.89,0.0,65.88,BID
515,1712306490.1625926,18714898.17493841,63.89,0.0,65.88,BID
516,1712306497.1601062,18718993.47486989,63.89,1.3871121892132074e-06,65.88,BID
517,1712306497.1647017,18720510.21986989,63.89,5.137341617541696e-07,65.88,BID
518,1712306520.1024263,18720510.21986989,63.89,0.0,65.88,BID
519,1712306542.0001152,18721926.09089821,63.89,-4.795090735321238e-07,65.88,ASK
520,1712306550.0900855,18721926.09089821,63.89,-0.0,65.88,ASK
521,1712306580.119966,18721926.09089821,63.89,-0.0,65.88,ASK
522,1712306610.096381,18721926.09089821,63.89,-0.0,65.88,ASK
523,1712306640.1401737,18721926.09089821,63.89,-0.0,65.88,ASK
524,1712306647.3400283,18721952.55121567,63.89,8.96096703988078e-09,65.88,BID
525,1712306665.8405266,18722266.52295821,63.7,-1.063286727503602e-07,65.88,ASK
526,1712306665.843443,18722843.24890495,63.7,-1.953121766986949e-07,65.88,ASK
527,1712306665.846207,18723000.23477622,63.7,-5.3164336375180095e-08,65.88,ASK
528,1712306665.8489342,18726136.50575003,63.77,-1.0621195631561574e-06,65.88,ASK
529,1712306670.1400998,18726136.50575003,63.77,-0.0,65.88,ASK
530,1712306700.1258352,18726136.50575003,63.77,-0.0,65.88,ASK
531,1712306730.089362,18726136.50575003,63.77,-0.0,65.88,ASK
532,1712306760.143129,18726136.50575003,63.77,-0.0,65.88,ASK
533,1712306783.2698078,18733977.18318456,63.77,2.6581044614010595e-06,65.88,BID
534,1712306789.3797948,18736422.06322156,63.77,8.288501329382486e-07,65.88,BID
535,1712306789.3999174,18736422.0632222,63.77,2.1722360922851198e-16,65.88,BID
536,1712306790.1441526,18736422.0632222,63.77,0.0,65.88,BID
537,1712306820.103431,18736422.0632222,63.77,0.0,65.88,BID
538,1712306830.4401703,18736893.02083601,63.7,-1.5962603237905573e-07,65.88,ASK
539,1712306830.4452424,18752103.41809127,63.7,-5.155401024563147e-06,65.88,ASK
540,1712306843.530038,18752483.02981066,63.7,-1.2866532111085286e-07,65.88,ASK
541,1712306843.534716,18754421.27549327,63.7,-6.569475872523609e-07,65.88,ASK
542,1712306843.549738,18754421.27549354,63.7,-9.091059800352915e-17,65.88,ASK
543,1712306843.6304507,18755447.53263412,63.69,-3.47838851623976e-07,65.88,ASK
544,1712306843.635189,18758865.86719135,63.69,-1.1586078379732592e-06,65.88,ASK
545,1712306843.6385572,18759365.86719135,63.68,-1.694696377104864e-07,65.88,ASK
546,1712306843.640743,18759812.00932675,63.69,-1.5121509210735172e-07,65.88,ASK
547,1712306843.6900983,18759890.56729093,63.66,-2.662637945760234e-08,65.88,ASK
548,1712306843.700426,18760675.98984826,63.66,-2.6621055248126733e-07,65.88,ASK
549,1712306843.70442,18761175.98984826,63.66,-1.694696377104864e-07,65.88,ASK
550,1712306843.7080927,18761622.78532422,63.66,-1.514365348831758e-07,65.88,ASK
551,1712306850.1595352,18761622.78532422,63.66,-0.0,65.88,ASK
552,1712306880.1497087,18761622.78532422,63.66,-0.0,65.88,ASK
553,1712306894.0700052,18762122.78532422,63.64,-1.6937748789544005e-07,65.88,ASK
554,1712306894.075004,18785966.73175891,63.62,-8.077255497242977e-06,65.88,ASK
555,1712306910.1408465,18785966.73175891,63.62,-0.0,65.88,ASK
556,1712306929.810205,18786750.948891,63.74,2.65518150388242e-07,65.88,BID
557,1712306929.8697302,18792423.198465,63.74,1.920495171305259e-06,65.88,BID
558,1712306929.889737,18792423.19846554,63.74,1.828883374756968e-16,65.88,BID
559,1712306940.111478,18792423.19846554,63.74,0.0,65.88,BID
560,1712306970.098416,18792423.19846554,63.74,0.0,65.88,BID
561,1712307000.122028,18792423.19846554,63.74,0.0,65.88,BID
562,1712307014.759748,18792580.08582041,63.88,5.318751401782141e-08,65.88,BID
563,1712307030.0857046,18792580.08582041,63.88,0.0,65.88,BID
564,1712307060.137275,18792580.08582041,63.88,0.0,65.88,BID
565,1712307061.849753,18792893.86053016,63.77,1.0637466661890752e-07,65.88,BID
566,1712307070.4196928,18797600.48117616,63.64,-1.5956199991989962e-06,65.88,ASK
567,1712307083.8611856,18797600.48117654,63.64,-1.2881919137166216e-16,65.88,ASK
568,1712307083.8693187,18798494.94200835,63.63,-3.0323658928170534e-07,65.88,ASK
569,1712307083.873392,18813816.00019767,63.62,-5.194084821038096e-06,65.88,ASK
570,1712307083.8756795,18814701.51803516,63.63,-3.002047705592775e-07,65.88,ASK
571,1712307083.880146,18871959.34724716,63.62,-1.9411323808099702e-05,65.88,ASK
572,1712307084.0218377,18878092.83217883,63.62,-2.0793499110824104e-06,65.88,ASK
573,1712307084.0264454,18878250.04689116,63.62,-5.3298312744623e-08,65.88,ASK
574,1712307090.1465976,18878250.04689116,63.62,-0.0,65.88,ASK
575,1712307120.098729,18878250.04689116,63.62,-0.0,65.88,ASK
576,1712307130.7998748,18887934.74695112,63.63,-3.277213243403803e-06,65.88,ASK
577,1712307144.139881,18897619.44701108,63.63,-3.2772132434025423e-06,65.88,ASK
578,1712307146.583665,18906676.22177853,63.63,-3.064729111552236e-06,65.88,ASK
579,1712307147.9563508,18910819.39780876,63.63,-1.402012583968053e-06,65.88,ASK
580,1712307150.091183,18910819.39780876,63.63,-0.0,65.88,ASK
581,1712307152.6729803,18916888.8789063,63.63,-2.052417152579536e-06,65.88,ASK
582,1712307155.7797706,18923679.8789063,63.63,-2.2964013989303483e-06,65.88,ASK
583,1712307156.3597362,18926331.55671968,63.63,-8.966745162951842e-07,65.88,ASK
584,1712307156.4397442,18933351.46050935,63.63,-2.3738060496175788e-06,65.88,ASK
585,1712307180.14413,18933351.46050935,63.63,-0.0,65.88,ASK
586,1712307190.1733148,18936693.25631967,63.61,-1.1294928358047684e-06,65.88,ASK
587,1712307190.1758208,18936693.25631968,63.62,-3.777330162195165e-18,65.88,ASK
588,1712307210.1593585,18936693.25631968,63.62,-0.0,65.88,ASK
589,1712307240.0944512,18936693.25631968,63.62,-0.0,65.88,ASK
590,1712307270.1110532,18936693.25631968,63.62,-0.0,65.88,ASK
591,1712307300.1100512,18936693.25631968,63.62,-0.0,65.88,ASK
592,1712307330.090009,18936693.25631968,63.62,-0.0,65.88,ASK
593,1712307360.1617315,18936693.25631968,63.62,-0.0,65.88,ASK
594,1712307390.154539,18936693.25631968,63.62,-0.0,65.88,ASK
595,1712307416.5000544,18936921.98013204,63.62,-7.824525156920943e-08,65.88,ASK
596,1712307420.0829918,18936921.98013204,63.62,-0.0,65.88,ASK
597,1712307448.470142,18938491.09985587,63.73,5.367851956216004e-07,65.88,BID
598,1712307450.1022873,18938491.09985587,63.73,0.0,65.88,BID
599,1712307480.1412416,18938491.09985587,63.73,0.0,65.88,BID
600,1712307510.140144,18938491.09985587,63.73,0.0,65.88,BID
601,1712307540.0907516,18938491.09985587,63.73,0.0,65.88,BID
602,1712307570.092676,18938491.09985587,63.73,0.0,65.88,BID
603,1712307591.2503707,18952588.71505343,63.73,4.822533392605659e-06,65.88,BID
604,1712307600.142713,18952588.71505343,63.73,0.0,65.88,BID
605,1712307630.0931838,18952588.71505343,63.73,0.0,65.88,BID
606,1712307660.1406431,18952588.71505343,63.73,0.0,65.88,BID
607,1712307690.1432135,18952588.71505343,63.73,0.0,65.88,BID
608,1712307701.7204716,18960641.36163943,63.77,2.7990240601295675e-06,65.88,BID
609,1712307701.741022,18960641.36163999,63.77,1.9552624554126111e-16,65.88,BID
610,1712307704.9911764,18961641.36163999,63.77,-3.475905753763999e-07,65.88,ASK
611,1712307720.0951822,18961641.36163999,63.77,-0.0,65.88,ASK
612,1712307727.5007596,18966293.68091237,63.77,-1.6167779106877762e-06,65.88,ASK
613,1712307740.2708058,18966988.58574186,63.77,-2.414939114379256e-07,65.88,ASK
614,1712307740.275601,18968392.87616053,63.77,-4.880201886775976e-07,65.88,ASK
615,1712307740.517453,18968771.87616053,63.77,-1.3171039910963677e-07,65.88,ASK
616,1712307741.500914,18982804.82970753,63.77,-4.876743832090975e-06,65.88,ASK
617,1712307741.5049877,18982804.82970766,63.77,-4.5311560739679896e-17,65.88,ASK
618,1712307750.0943143,18982804.82970766,63.77,-0.0,65.88,ASK
619,1712307780.1406236,18982804.82970766,63.77,-0.0,65.88,ASK
620,1712307780.510793,18983452.82970766,63.73,-2.2508793662058842e-07,65.88,ASK
621,1712307810.146057,18983452.82970766,63.73,-0.0,65.88,ASK
622,1712307813.7308464,19005340.26984575,63.73,-7.60266677201012e-06,65.88,ASK
623,1712307813.7357469,19005476.82970766,63.73,-4.7434470087874464e-08,65.88,ASK
624,1712307817.5510702,19047832.76443566,63.73,-1.4712458630262292e-05,65.88,ASK
625,1712307817.6569746,19055462.49701894,63.73,-2.650210075927664e-06,65.88,ASK
626,1712307817.6616442,19113456.88952428,63.73,-2.0144522981285064e-05,65.88,ASK
627,1712307840.1192193,19113456.88952428,63.73,-0.0,65.88,ASK
628,1712307870.096969,19113456.88952428,63.73,-0.0,65.88,ASK
629,1712307871.3272395,19114285.88952428,63.79,2.871292687683945e-07,65.88,BID
630,1712307871.33104,19194272.14492322,63.79,2.770373344296716e-05,65.88,BID
631,1712307871.33351,19265439.40032216,63.8,2.464921833890386e-05,65.88,BID
632,1712307871.335839,19336606.6557211,63.78,2.464921833890257e-05,65.88,BID
633,1712307886.1908786,19339405.55371009,63.7,-9.69415600647869e-07,65.88,ASK
634,1712307887.1207125,19340228.55371009,63.7,-2.850511317206136e-07,65.88,ASK
635,1712307897.206658,19344808.80421289,63.7,-1.5863980429971817e-06,65.88,ASK
636,1712307900.1407588,19344808.80421289,63.7,-0.0,65.88,ASK
637,1712307922.5509255,19350163.80421289,63.84,1.8480836019917973e-06,65.88,BID
638,1712307922.631035,19371029.80421289,63.85,-7.201141445221446e-06,65.88,ASK
639,1712307923.0310102,19379015.94766092,63.85,-2.756127124081437e-06,65.88,ASK
640,1712307924.170948,19379506.34266092,63.86,-1.69242008963201e-07,65.88,ASK
641,1712307924.3108473,19382183.34266092,63.86,-9.23869244170316e-07,65.88,ASK
642,1712307925.560896,19404028.34266092,63.88,-7.53900770971257e-06,65.88,ASK
643,1712307926.0208724,19408135.73436717,63.88,-1.417516948511458e-06,65.88,ASK
644,1712307926.3007858,19472003.70186717,63.89,-2.20417074564514e-05,65.88,ASK
645,1712307926.560813,19497956.09356717,63.89,-8.95652465606671e-06,65.88,ASK
646,1712307926.6410818,19506008.74007175,63.88,-2.7790782367418607e-06,65.88,ASK
647,1712307926.646625,19506008.74015317,63.89,-2.8099134414923904e-14,65.88,ASK
648,1712307926.665978,19527548.77250164,63.88,-7.433759210005273e-06,65.88,ASK
649,1712307926.740737,19531804.08632226,63.88,-1.4685668894893166e-06,65.88,ASK
650,1712307928.1374438,19532707.08632226,63.88,-3.116376270025384e-07,65.88,ASK
651,1712307930.1439395,19532707.08632226,63.88,-0.0,65.88,ASK
652,1712307931.240785,19547660.08632226,63.88,-5.139196359998119e-06,65.88,ASK
653,1712307931.3456748,19553817.03979532,63.88,-2.116083252687389e-06,65.88,ASK
654,1712307933.4345222,19557558.01836688,63.88,-1.285736872720746e-06,65.88,ASK
655,1712307933.4404745,19565565.03979532,63.88,-2.7519330822888105e-06,65.88,ASK
656,1712307933.5111983,19573215.7251319,63.88,-2.629463935881489e-06,65.88,ASK
657,1712307934.4510682,19574390.7251319,63.88,-4.0383573349814683e-07,65.88,ASK
658,1712307935.3983712,19574507.7251319,63.88,-4.021172835683675e-08,65.88,ASK
659,1712307936.6474836,19579078.7251319,63.88,-1.57100692580428e-06,65.88,ASK
660,1712307937.3011043,19580976.18906595,63.88,-6.521393528463538e-07,65.88,ASK
661,1712307937.9208355,19584948.27256829,63.87,-1.3651653231338608e-06,65.88,ASK
662,1712307937.9357336,19599975.87383049,63.88,-5.1648360667561415e-06,65.88,ASK
663,1712307948.910997,19604860.54260721,63.87,-1.678811743270234e-06,65.88,ASK
664,1712307960.0910673,19604860.54260721,63.87,-0.0,65.88,ASK
665,1712307964.777954,19608450.64578246,63.87,-1.2319310170072485e-06,65.88,ASK
666,1712307978.751054,19610778.52878689,63.87,-7.988046964481223e-07,65.88,ASK
667,1712307990.084576,19610778.52878689,63.87,-0.0,65.88,ASK
668,1712308020.1610107,19610778.52878689,63.87,-0.0,65.88,ASK
669,1712308050.1508934,19610778.52878689,63.87,-0.0,65.88,ASK
670,1712308055.3070269,19625822.64506897,63.67,-5.1616650136497294e-06,65.88,ASK
671,1712308080.0891564,19625822.64506897,63.67,-0.0,65.88,ASK
672,1712308104.3120067,19628310.76823288,63.67,-8.533993431409936e-07,65.88,ASK
673,1712308104.4183776,19630776.0686266,63.67,-8.455713797315797e-07,65.88,ASK
674,1712308104.497416,19633248.4155852,63.67,-8.479882752955491e-07,65.88,ASK
675,1712308110.1004777,19633248.4155852,63.67,-0.0,65.88,ASK
676,1712308119.3438833,19675800.85648113,63.67,-1.4592660724831105e-05,65.88,ASK
677,1712308124.9210596,19678282.9530348,63.67,-8.51194247177008e-07,65.88,ASK
678,1712308125.2810934,19680297.91968272,63.67,-6.909997181324678e-07,65.88,ASK
679,1712308126.4210544,19683720.14310224,63.67,-1.1735953151965476e-06,65.88,ASK
680,1712308126.6408222,19704996.3635502,63.67,-7.296330362414274e-06,65.88,ASK
681,1712308140.147571,19704996.3635502,63.67,-0.0,65.88,ASK
682,1712308161.4211118,19705696.3635502,63.67,-2.3967802688501573e-07,65.88,ASK
683,1712308161.5410435,19708065.33435316,63.67,-8.111289254306253e-07,65.88,ASK
684,1712308161.9114306,19713698.28873809,63.67,-1.9287077035906047e-06,65.88,ASK
685,1712308167.5710807,19718959.60096096,63.67,-1.8014584748615248e-06,65.88,ASK
686,1712308168.099892,19724248.85825127,63.67,-1.8110267871842328e-06,65.88,ASK
687,1712308170.1310177,19724248.85825127,63.67,-0.0,65.88,ASK
688,1712308200.161589,19724248.85825127,63.67,-0.0,65.88,ASK
689,1712308217.8116846,19729009.85825127,63.67,-1.6355489898836368e-06,65.88,ASK
690,1712308221.311207,19731836.35306743,63.67,-9.709873433069923e-07,65.88,ASK
691,1712308224.9620545,19733937.25306742,63.67,-7.217233507300602e-07,65.88,ASK
692,1712308230.0984125,19733937.25306742,63.67,-0.0,65.88,ASK
693,1712308232.6117327,19740935.25306742,63.67,-2.4035175195502462e-06,65.88,ASK
694,1712308234.7032638,19746880.25306742,63.67,-2.0418564809554464e-06,65.88,ASK
695,1712308235.9460392,19749989.25306742,63.67,-1.0678102269622343e-06,65.88,ASK
696,1712308237.2910771,19757379.25306742,63.67,-2.538152967916022e-06,65.88,ASK
697,1712308238.511057,19760778.25306742,63.67,-1.1674129821307928e-06,65.88,ASK
698,1712308250.7053232,19760778.52878689,63.67,-9.469799652651208e-11,65.88,ASK
699,1712308250.708144,19761092.35273165,63.65,-1.0778527426146345e-07,65.88,ASK
700,1712308250.713853,19761942.35273165,63.61,-2.9193910997680904e-07,65.88,ASK
701,1712308250.71661,19762213.62891929,63.62,-9.31719162087424e-08,65.88,ASK
702,1712308250.7200985,19763213.62891929,63.61,-3.434577764433047e-07,65.88,ASK
703,1712308250.7247138,19764213.62891929,63.62,-3.434577764433047e-07,65.88,ASK
704,1712308250.7332926,19764370.76279735,63.64,-5.3968852362292883e-08,65.88,ASK
705,1712308250.735952,19800372.31932959,63.61,-1.2365014555061564e-05,65.88,ASK
706,1712308260.1527867,19800372.31932959,63.61,-0.0,65.88,ASK
707,1712308262.2914393,19800661.15741962,63.61,-9.905985388776493e-08,65.88,ASK
708,1712308262.2974074,19800757.69261962,63.62,-3.3107692986160374e-08,65.88,ASK
709,1712308266.7484207,19801063.36280149,63.62,1.0483258475558285e-07,65.88,BID
710,1712308266.8454018,19804721.36280149,63.75,-1.254546952188843e-06,65.88,ASK
711,1712308290.138465,19804721.36280149,63.75,-0.0,65.88,ASK
712,1712308291.8913968,19806642.08467762,63.61,-6.586677832615214e-07,65.88,ASK
713,1712308307.552125,19806799.31738202,63.6,-5.391937174687225e-08,65.88,ASK
714,1712308307.5571115,19826799.31738202,63.6,-6.858544086430055e-06,65.88,ASK
715,1712308307.5618353,19827882.33624994,63.6,-3.713966326036162e-07,65.88,ASK
716,1712308307.564626,19828382.33624994,63.56,-1.714636021607514e-07,65.88,ASK
717,1712308307.567309,19867573.01771578,63.61,-1.3439550830534396e-05,65.88,ASK
718,1712308307.5699785,19868073.01771578,63.54,-1.714636021607514e-07,65.88,ASK
719,1712308307.5728035,19868730.25042018,63.6,-2.2538297390890122e-07,65.88,ASK
720,1712308307.5754917,19884473.32346803,63.52,-5.398728027728496e-06,65.88,ASK
721,1712308307.5781603,19884973.32346803,63.58,-1.714636021607514e-07,65.88,ASK
722,1712308307.5808756,19890883.32818723,63.54,-2.02670139588265e-06,65.88,ASK
723,1712308307.5838518,19891355.76913211,63.5,-1.620128524347923e-07,65.88,ASK
724,1712308307.5865726,19892355.76913211,63.51,-3.429272043215028e-07,65.88,ASK
725,1712308307.5892737,19904480.78881714,63.5,-4.15799910293052e-06,65.88,ASK
726,1712308307.5919976,19904980.78881714,63.52,-1.714636021607514e-07,65.88,ASK
727,1712308307.594737,19951557.55358314,63.5,-1.5972439727544723e-05,65.88,ASK
728,1712308307.597443,19963060.19782688,63.51,-3.944569632810429e-06,65.88,ASK
729,1712308307.6001832,19964510.19782688,63.5,-4.97244446266179e-07,65.88,ASK
730,1712308320.0969422,19964510.19782688,63.5,-0.0,65.88,ASK
731,1712308350.0933993,19964510.19782688,63.5,-0.0,65.88,ASK
732,1712308380.1413765,19964510.19782688,63.5,-0.0,65.88,ASK
733,1712308410.1367528,19964510.19782688,63.5,-0.0,65.88,ASK
734,1712308419.9814384,19974598.01415615,63.5,-3.4473824863658225e-06,65.88,ASK
735,1712308419.986369,19975070.45510103,63.5,-1.614506634598934e-07,65.88,ASK
736,1712308420.1215074,19979106.13840503,63.5,1.379143264370267e-06,65.88,BID
737,1712308420.1265037,19979106.13840579,63.5,2.597063648783578e-16,65.88,BID
738,1712308420.3307545,19980981.70819713,63.68,-6.409520395282996e-07,65.88,ASK
739,1712308420.338297,19982930.52370343,63.68,-6.659828278273147e-07,65.88,ASK
740,1712308440.1130943,19982930.52370343,63.68,-0.0,65.88,ASK
741,1712308470.0977058,19982930.52370343,63.68,-0.0,65.88,ASK
742,1712308478.1917164,19983086.82254681,63.98,5.3391780296484086e-08,65.88,BID
743,1712308500.1033416,19983086.82254681,63.98,0.0,65.88,BID
744,1712308516.6855483,19986150.59247491,63.98,1.0477304916539631e-06,65.88,BID
745,1712308516.6892595,19986994.29363153,63.98,2.8852408907290254e-07,65.88,BID
746,1712308530.1011846,19986994.29363153,63.98,0.0,65.88,BID
747,1712308560.111256,19986994.29363153,63.98,0.0,65.88,BID
748,1712308590.093536,19986994.29363153,63.98,0.0,65.88,BID
749,1712308608.421147,19987150.59247491,63.98,5.3445613969831866e-08,65.88,BID
750,1712308620.1459126,19987150.59247491,63.98,0.0,65.88,BID
751,1712308650.1436417,19987150.59247491,63.98,0.0,65.88,BID
752,1712308680.0820403,19987150.59247491,63.98,0.0,65.88,BID
753,1712308698.271338,19988150.59247491,63.49,-3.419438689374765e-07,65.88,ASK
754,1712308698.2772002,19988465.00844724,63.61,-1.07512614034148e-07,65.88,ASK
755,1712308698.281641,19989465.00844724,63.48,-3.419438689374765e-07,65.88,ASK
756,1712308698.285437,19994465.00844724,63.46,-1.7097193446873825e-06,65.88,ASK
757,1712308698.2887688,19995796.19540574,63.48,-4.551912188683464e-07,65.88,ASK
758,1712308698.2916417,19996110.56195713,63.62,-1.0749571484616357e-07,65.88,ASK
759,1712308698.294806,19997110.56195713,63.46,-3.419438689374765e-07,65.88,ASK
760,1712308698.297702,19997610.56195713,63.48,-1.7097193446873824e-07,65.88,ASK
761,1712308698.3006182,19998110.56195713,63.46,-1.7097193446873824e-07,65.88,ASK
762,1712308698.4112678,20012358.95452277,63.46,4.872150480035449e-06,65.88,BID
763,1712308710.10116,20012358.95452277,63.46,0.0,65.88,BID
764,1712308739.6713147,20013922.67618031,63.95,5.344126679465039e-07,65.88,BID
765,1712308740.1445446,20013922.67618031,63.95,0.0,65.88,BID
766,1712308759.5117583,20015498.47195717,63.46,-5.385206772330805e-07,65.88,ASK
767,1712308759.5167956,20016498.47195717,63.45,-3.4174522177393297e-07,65.88,ASK
768,1712308759.5217457,20016998.47195717,63.44,-1.7087261088696649e-07,65.88,ASK
769,1712308759.5266314,20017498.47195717,63.42,-1.7087261088696649e-07,65.88,ASK
770,1712308759.5312617,20017511.08781926,63.4,-4.311410587864446e-09,65.88,ASK
771,1712308759.5341258,20018511.08781926,63.42,-3.4174522177393297e-07,65.88,ASK
772,1712308770.1479013,20018511.08781926,63.42,-0.0,65.88,ASK
773,1712308800.1259203,20018511.08781926,63.42,-0.0,65.88,ASK
774,1712308830.0942574,20018511.08781926,63.42,-0.0,65.88,ASK
775,1712308860.1430032,20018511.08781926,63.42,-0.0,65.88,ASK
776,1712308890.1994057,20018511.08781926,63.42,-0.0,65.88,ASK
777,1712308915.25646,20018597.82492697,63.41,-2.97798505051957e-08,65.88,ASK
778,1712308915.2667043,20018684.56203468,63.41,-2.9779850506474733e-08,65.88,ASK
779,1712308915.2697945,20019671.94617259,63.4,-3.390031417324872e-07,65.88,ASK
780,1712308915.2728646,20019829.67487921,63.4,-5.4153722985384953e-08,65.88,ASK
781,1712308915.2759173,20020329.67487921,63.4,-1.716673018720479e-07,65.88,ASK
782,1712308915.282659,20021329.67487921,63.41,-3.433346037440958e-07,65.88,ASK
783,1712308915.2856205,20027591.08781926,63.4,-2.1497597306507034e-06,65.88,ASK
784,1712308920.1058388,20027591.08781926,63.4,-0.0,65.88,ASK
785,1712308928.7638276,20028591.08781926,63.38,-3.4326675633273017e-07,65.88,ASK
786,1712308928.7667909,20037268.50322329,63.36,-2.9786682390927675e-06,65.88,ASK
787,1712308928.771219,20037352.94049991,63.4,-2.8984510059060306e-08,65.88,ASK
788,1712308928.7741585,20038352.94049991,63.36,-3.4326675633273017e-07,65.88,ASK
789,1712308928.7771316,20040235.08446107,63.4,-6.460774524991013e-07,65.88,ASK
790,1712308928.779954,20041235.08446107,63.36,-3.4326675633273017e-07,65.88,ASK
791,1712308928.9285717,20069983.25767185,63.36,9.868292168556309e-06,65.88,BID
792,1712308928.935016,20094979.92308544,63.36,8.580524255656994e-06,65.88,BID
793,1712308930.6316166,20098275.46263626,63.36,-1.13124917197569e-06,65.88,ASK
794,1712308940.4913342,20098361.13133626,63.36,-2.940721676897424e-08,65.88,ASK
795,1712308940.4979467,20098370.78447954,63.35,-3.313603181884765e-09,65.88,ASK
796,1712308950.0926478,20098370.78447954,63.35,-0.0,65.88,ASK
797,1712308972.7115624,20118937.15064117,63.35,-7.0488983859997885e-06,65.88,ASK
798,1712308972.716845,20119181.78447954,63.36,-8.384558822391956e-08,65.88,ASK
799,1712308974.8111732,20122480.17047969,63.35,-1.13048593855299e-06,65.88,ASK
800,1712308976.741333,20125637.23441024,63.35,-1.0820493357785316e-06,65.88,ASK
801,1712308980.1406076,20125637.23441024,63.35,-0.0,65.88,ASK
802,1712309010.152033,20125637.23441024,63.35,-0.0,65.88,ASK
803,1712309015.0914898,20127773.62753334,63.5,-7.317922753738047e-07,65.88,ASK
804,1712309015.1012285,20132312.79760317,63.35,-1.5548306900065584e-06,65.88,ASK
805,1712309015.2113056,20140097.55713586,63.35,2.6665630169249503e-06,65.88,BID
806,1712309015.2211564,20157207.87371569,63.35,5.860905170938029e-06,65.88,BID
807,1712309040.091181,20157207.87371569,63.35,0.0,65.88,BID
808,1712309070.094321,20157207.87371569,63.35,0.0,65.88,BID
809,1712309100.1412585,20157207.87371569,63.35,0.0,65.88,BID
810,1712309116.6166155,20161156.54497856,63.37,-1.3536703350055274e-06,65.88,ASK
811,1712309122.683563,20166895.20222801,63.37,-1.9673073710633644e-06,65.88,ASK
812,1712309130.1437995,20166895.20222801,63.37,-0.0,65.88,ASK
813,1712309140.4757109,20170189.75962499,63.37,-1.1291915586458146e-06,65.88,ASK
814,1712309142.7237823,20172533.89528228,63.37,-8.034396969241783e-07,65.88,ASK
815,1712309146.941321,20174368.56414564,63.38,-6.288227351310112e-07,65.88,ASK
816,1712309160.0872557,20174368.56414564,63.38,-0.0,65.88,ASK
817,1712309172.551444,20179081.98528297,63.38,-1.6152371638857426e-06,65.88,ASK
818,1712309172.555808,20197780.45370646,63.38,-6.407757810174832e-06,65.88,ASK
819,1712309190.096591,20197780.45370646,63.38,-0.0,65.88,ASK
820,1712309192.0622334,20204665.52752018,63.39,-2.358239299366328e-06,65.88,ASK
821,1712309220.152422,20204665.52752018,63.39,-0.0,65.88,ASK
822,1712309250.143766,20204665.52752018,63.39,-0.0,65.88,ASK
823,1712309259.092166,20204835.52752018,63.39,-5.8218803536078464e-08,65.88,ASK
824,1712309259.097484,20248493.74572968,63.4,-1.4951348403965894e-05,65.88,ASK
825,1712309259.102798,20303089.56837876,63.38,-1.869707925116111e-05,65.88,ASK
826,1712309259.1057842,20304665.52752018,63.39,-5.397085625595358e-07,65.88,ASK
827,1712309280.0839746,20304665.52752018,63.39,-0.0,65.88,ASK
828,1712309281.2319603,20320007.57801438,63.39,-5.242711996178011e-06,65.88,ASK
829,1712309295.89192,20322143.97113748,63.6,7.300519483526554e-07,65.88,BID
830,1712309295.9962327,20346314.76809175,63.6,-8.259686486967995e-06,65.88,ASK
831,1712309296.011907,20396797.76809175,63.6,-1.7251137962496314e-05,65.88,ASK
832,1712309296.0519774,20403409.65056301,63.6,-2.259423899203928e-06,65.88,ASK
833,1712309296.341873,20425823.65056301,63.39,-7.659350797127595e-06,65.88,ASK
834,1712309296.642258,20433301.18356301,63.39,-2.555235493178216e-06,65.88,ASK
835,1712309297.1422606,20435390.89410783,63.36,-7.140994970661064e-07,65.88,ASK
836,1712309297.1492984,20440591.04621861,63.39,-1.7770049618497009e-06,65.88,ASK
837,1712309297.1560917,20442588.53256301,63.37,-6.825844839925569e-07,65.88,ASK
838,1712309310.0950646,20442588.53256301,63.37,-0.0,65.88,ASK
839,1712309340.1469958,20442588.53256301,63.37,-0.0,65.88,ASK
840,1712309349.11254,20442687.53256301,63.54,3.372947836482696e-08,65.88,BID
841,1712309369.5519168,20444205.44391698,63.39,-5.171551330658317e-07,65.88,ASK
842,1712309370.1470668,20444205.44391698,63.39,-0.0,65.88,ASK
843,1712309400.1575358,20444205.44391698,63.39,-0.0,65.88,ASK
844,1712309418.392283,20444551.50590045,63.39,1.182046427516103e-07,65.88,BID
845,1712309430.1032555,20444551.50590045,63.39,0.0,65.88,BID
846,1712309460.141838,20444551.50590045,63.39,0.0,65.88,BID
847,1712309490.1486082,20444551.50590045,63.39,0.0,65.88,BID
848,1712309520.1266775,20444551.50590045,63.39,0.0,65.88,BID
849,1712309550.093667,20444551.50590045,63.39,0.0,65.88,BID
850,1712309580.2085476,20444551.50590045,63.39,0.0,65.88,BID
851,1712309591.5720274,20444637.85815929,63.39,-2.949518269039005e-08,65.88,ASK
852,1712309602.4321942,20445415.02848886,63.41,-2.654566442211451e-07,65.88,ASK
853,1712309610.1058717,20445415.02848886,63.41,-0.0,65.88,ASK
854,1712309636.8220742,20445500.02848886,63.61,2.9032751139374642e-08,65.88,BID
855,1712309640.147466,20445500.02848886,63.61,0.0,65.88,BID
856,1712309652.272029,20445815.33670263,63.43,-1.0769703525618445e-07,65.88,ASK
857,1712309658.952037,20451617.26071697,63.42,-1.9817118230266496e-06,65.88,ASK
858,1712309659.032133,20453021.99974566,63.42,4.798042743300494e-07,65.88,BID
859,1712309666.3523748,20467521.58979266,63.41,-4.952496612185698e-06,65.88,ASK
860,1712309667.9736805,20468679.66979792,63.41,-3.955551352893437e-07,65.88,ASK
861,1712309670.1439786,20468679.66979792,63.41,-0.0,65.88,ASK
862,1712309676.361915,20472409.70187892,63.41,-1.2733947159103903e-06,65.88,ASK
863,1712309678.4520411,20474603.47721404,63.41,-7.489324110276063e-07,65.88,ASK
864,1712309680.682026,20477757.55385811,63.41,-1.0767694338592306e-06,65.88,ASK
865,1712309689.9535909,20484852.00834382,63.41,-2.4219740361985256e-06,65.88,ASK
866,1712309700.0986662,20484852.00834382,63.41,-0.0,65.88,ASK
867,1712309703.40301,20497158.28612159,63.41,-4.20766909944654e-06,65.88,ASK
868,1712309723.6419618,20519323.28612159,63.41,-7.578488579033413e-06,65.88,ASK
869,1712309730.0979853,20519323.28612159,63.41,-0.0,65.88,ASK
870,1712309730.1522672,20541322.22049559,63.41,-7.516091452494569e-06,65.88,ASK
871,1712309730.197688,20541322.22049621,63.41,-2.125528850511681e-16,65.88,ASK
872,1712309739.502145,20541669.64449778,63.39,-1.1869986628333121e-07,65.88,ASK
873,1712309743.4819725,20552862.65479676,63.39,-3.8241710987278255e-06,65.88,ASK
874,1712309743.485457,20556233.73542278,63.39,-1.1517535280632095e-06,65.88,ASK
875,1712309743.5019712,20556706.99618946,63.39,-1.6169288669991653e-07,65.88,ASK
876,1712309743.5074394,20559146.4061771,63.39,-8.334416679244655e-07,65.88,ASK
877,1712309760.1435816,20559146.4061771,63.39,-0.0,65.88,ASK
878,1712309761.7020814,20560579.2264644,63.38,-4.891112609266287e-07,65.88,ASK
879,1712309766.8020434,20562683.2546692,63.38,-7.182365418739878e-07,65.88,ASK
880,1712309790.155516,20562683.2546692,63.38,-0.0,65.88,ASK
881,1712309818.1920416,20563735.2687716,63.38,-3.59090792697103e-07,65.88,ASK
882,1712309820.1022563,20563735.2687716,63.38,-0.0,65.88,ASK
883,1712309835.5221212,20589801.54137628,63.38,-8.89716729680221e-06,65.88,ASK
884,1712309850.0961113,20589801.54137628,63.38,-0.0,65.88,ASK
885,1712309880.146453,20589801.54137628,63.38,-0.0,65.88,ASK
886,1712309895.7722237,20590579.54137628,63.4,2.65404077176852e-07,65.88,BID
887,1712309910.1473694,20590579.54137628,63.4,0.0,65.88,BID
888,1712309940.1005216,20590579.54137628,63.4,0.0,65.88,BID
889,1712309952.8519945,20592705.98217844,63.38,-7.253940392738964e-07,65.88,ASK
890,1712309970.0975192,20592705.98217844,63.38,-0.0,65.88,ASK
891,1712309982.312165,20592790.98217844,63.68,2.8994768454215e-08,65.88,BID
892,1712310000.1136875,20592790.98217844,63.68,0.0,65.88,BID
893,1712310030.1005335,20592790.98217844,63.68,0.0,65.88,BID
894,1712310060.142345,20592790.98217844,63.68,0.0,65.88,BID
895,1712310063.3122084,20595198.98217844,63.68,8.214096664430459e-07,65.88,BID
896,1712310090.1482146,20595198.98217844,63.68,0.0,65.88,BID
897,1712310120.095688,20595198.98217844,63.68,0.0,65.88,BID
898,1712310150.086224,20595198.98217844,63.68,0.0,65.88,BID
899,1712310154.5729597,20603304.36109878,63.38,-2.7647376908897854e-06,65.88,ASK
900,1712310162.624641,20605496.70759162,63.39,-7.478074794291344e-07,65.88,ASK
901,1712310164.1122322,20607605.62794063,63.39,-7.193508944235731e-07,65.88,ASK
902,1712310164.1320302,20609721.38868497,63.39,-7.216841473139217e-07,65.88,ASK
903,1712310164.15208,20612218.7699931,63.39,-8.51854589275784e-07,65.88,ASK
904,1712310164.2320611,20617794.58036466,63.39,-1.901904061858682e-06,65.88,ASK
905,1712310170.3522272,20620208.8399321,63.39,-8.235018359152956e-07,65.88,ASK
906,1712310170.4121668,20624829.65454134,63.39,-1.576155839021745e-06,65.88,ASK
907,1712310170.4342208,20630100.30329464,63.39,-1.7978136996307609e-06,65.88,ASK
908,1712310173.9023128,20632248.85584252,63.39,-7.328694029431721e-07,65.88,ASK
909,1712310180.1421688,20632248.85584252,63.39,-0.0,65.88,ASK
910,1712310191.0520332,20632448.85584252,63.39,6.816522037862446e-08,65.88,BID
911,1712310197.0323713,20635742.73576359,63.38,-1.122640253602733e-06,65.88,ASK
912,1712310204.142109,20661719.0095533,63.38,-8.853392137454515e-06,65.88,ASK
913,1712310205.081961,20662480.0095533,63.38,-2.5936866354066605e-07,65.88,ASK
914,1712310210.1421025,20662480.0095533,63.38,-0.0,65.88,ASK
915,1712310216.2423038,20662948.2475093,63.39,1.594835680398353e-07,65.88,BID
916,1712310240.0920174,20662948.2475093,63.39,0.0,65.88,BID
917,1712310263.0322022,20662948.24750935,63.39,1.6494851545089583e-17,65.88,BID
918,1712310263.0396974,20663047.2475093,63.66,3.3719422800403944e-08,65.88,BID
919,1712310270.0953045,20663047.2475093,63.66,0.0,65.88,BID
920,1712310300.11194,20663047.2475093,63.66,0.0,65.88,BID
921,1712310330.0970783,20663047.2475093,63.66,0.0,65.88,BID
922,1712310341.472004,20663306.78536313,63.39,-8.85322542244365e-08,65.88,ASK
923,1712310341.4830408,20663815.68062365,63.39,-1.735918052538831e-07,65.88,ASK
924,1712310360.1493478,20663815.68062365,63.39,-0.0,65.88,ASK
925,1712310390.1591654,20663815.68062365,63.39,-0.0,65.88,ASK
926,1712310416.4620593,20666703.5272088,63.39,-9.850714111731414e-07,65.88,ASK
927,1712310420.092539,20666703.5272088,63.39,-0.0,65.88,ASK
928,1712310435.3419788,20669452.9772088,63.39,-9.378044849037536e-07,65.88,ASK
929,1712310450.106915,20669452.9772088,63.39,-0.0,65.88,ASK
930,1712310466.482191,20671876.97720879,63.39,-8.267482373846642e-07,65.88,ASK
931,1712310479.8722515,20673454.51309773,63.39,-5.380466235966529e-07,65.88,ASK
932,1712310480.1755223,20673454.51309773,63.39,-0.0,65.88,ASK
933,1712310510.1504543,20673454.51309773,63.39,-0.0,65.88,ASK
934,1712310540.0987384,20673454.51309773,63.39,-0.0,65.88,ASK
935,1712310556.7622097,20680550.52740106,63.39,-2.4200122999612845e-06,65.88,ASK
936,1712310570.1909738,20680550.52740106,63.39,-0.0,65.88,ASK
937,1712310588.0520742,20680630.52740106,63.66,2.7278875295358826e-08,65.88,BID
938,1712310600.115052,20680630.52740106,63.66,0.0,65.88,BID
939,1712310623.4721353,20680839.84781154,63.66,7.162174684350236e-08,65.88,BID
940,1712310630.0937288,20680839.84781154,63.66,0.0,65.88,BID
941,1712310656.7623987,20680996.932323,63.66,5.374829807929037e-08,65.88,BID
942,1712310660.1660671,20680996.932323,63.66,0.0,65.88,BID
943,1712310675.1920812,20682148.43875503,63.66,3.940000105957182e-07,65.88,BID
944,1712310675.1967933,20691656.7672674,63.66,3.253374388899091e-06,65.88,BID
945,1712310675.2012277,20706015.20299875,63.66,4.912889474977135e-06,65.88,BID
946,1712310675.352039,20719437.73391403,63.66,-4.592659819986026e-06,65.88,ASK
947,1712310690.1368527,20719437.73391403,63.66,-0.0,65.88,ASK
948,1712310720.0972855,20719437.73391403,63.66,-0.0,65.88,ASK
949,1712310749.819361,20721008.5790287,63.59,5.370314771767337e-07,65.88,BID
950,1712310750.0874047,20721008.5790287,63.59,0.0,65.88,BID
951,1712310780.1483605,20721008.5790287,63.59,0.0,65.88,BID
952,1712310791.4922466,20730625.95385086,63.57,3.2878204139408087e-06,65.88,BID
953,1712310791.500082,20738043.72606439,63.58,2.535858626764367e-06,65.88,BID
954,1712310796.3321128,20738413.2242534,63.43,-1.2631759822242498e-07,65.88,ASK
955,1712310800.2223368,20738491.8653355,63.58,2.68844419486318e-08,65.88,BID
956,1712310810.1420116,20738491.8653355,63.58,0.0,65.88,BID
957,1712310840.1022017,20738491.8653355,63.58,0.0,65.88,BID
958,1712310858.5221682,20740064.68697752,63.58,5.374846172480999e-07,65.88,BID
959,1712310867.563658,20742833.49987948,63.43,-9.461939631824438e-07,65.88,ASK
960,1712310870.0957336,20742833.49987948,63.43,-0.0,65.88,ASK
961,1712310900.146042,20742833.49987948,63.43,-0.0,65.88,ASK
962,1712310930.1536324,20742833.49987948,63.43,-0.0,65.88,ASK
963,1712310952.532146,20745130.74394237,63.58,7.86311441093876e-07,65.88,BID
964,1712310952.6121576,20748400.61331037,63.6,1.1192261790888584e-06,65.88,BID
965,1712310952.6182551,20748400.61331066,63.6,9.945856322841215e-17,65.88,BID
966,1712310960.092507,20748400.61331066,63.6,0.0,65.88,BID
967,1712310990.0906386,20748400.61331066,63.6,0.0,65.88,BID
968,1712311020.142731,20748400.61331066,63.6,0.0,65.88,BID
969,1712311040.444005,20748427.21437448,63.66,9.104033330978201e-09,65.88,BID
970,1712311044.6423347,20750417.13992694,63.66,6.810384983059053e-07,65.88,BID
971,1712311045.5022006,20750574.17278661,63.57,-5.374342914527157e-08,65.88,ASK
972,1712311050.162075,20750574.17278661,63.57,-0.0,65.88,ASK
973,1712311063.2522123,20751095.17278661,63.57,-1.7830026699352517e-07,65.88,ASK
974,1712311080.0861754,20751095.17278661,63.57,-0.0,65.88,ASK
975,1712311099.066319,20751203.99365107,63.66,3.724101587058533e-08,65.88,BID
976,1712311110.0956657,20751203.99365107,63.66,0.0,65.88,BID
977,1712311140.1647737,20751203.99365107,63.66,0.0,65.88,BID
978,1712311144.3522422,20751323.58452439,63.55,-4.0926664888307544e-08,65.88,ASK
1178,1712311144.3522422,20751323.58452439,63.55,-4.092666488830754e-08,65.88,ASK
979,1712311144.4519644,20751361.59806399,63.55,1.3009081322743684e-08,65.88,BID
980,1712311170.142174,20751361.59806399,63.55,0.0,65.88,BID
981,1712311189.1122775,20751448.78350048,63.66,2.983669918068195e-08,65.88,BID
982,1712311200.132082,20751448.78350048,63.66,0.0,65.88,BID
983,1712311230.1022055,20751448.78350048,63.66,0.0,65.88,BID
984,1712311249.649148,20751487.22723309,63.66,1.3188453545707717e-08,65.88,BID
985,1712311249.759805,20764978.22723309,63.66,-4.62820373346394e-06,65.88,ASK
986,1712311249.9820786,20768219.2267606,63.66,-1.1118527991533488e-06,65.88,ASK
987,1712311252.1322277,20775711.01912247,63.66,-2.570123888484564e-06,65.88,ASK
988,1712311260.1262412,20775711.01912247,63.66,-0.0,65.88,ASK
989,1712311263.5521796,20775763.47925348,63.66,-1.7987368835900118e-08,65.88,ASK
990,1712311263.5586462,20775834.01912247,63.66,-2.4186493948979643e-08,65.88,ASK
991,1712311290.0984402,20775834.01912247,63.66,-0.0,65.88,ASK
992,1712311320.1423686,20775834.01912247,63.66,-0.0,65.88,ASK
993,1712311324.762391,20775860.11695564,63.66,-8.948320976930459e-09,65.88,ASK
994,1712311324.7689638,20775959.01912247,63.45,-3.391118060569008e-08,65.88,ASK
995,1712311346.1221764,20776274.22794832,63.45,-1.0807754536264825e-07,65.88,ASK
996,1712311350.1588182,20776274.22794832,63.45,-0.0,65.88,ASK
997,1712311380.123254,20776274.22794832,63.45,-0.0,65.88,ASK
998,1712311386.9721577,20777062.25001293,63.45,-2.701912752852048e-07,65.88,ASK
999,1712311410.103912,20777062.25001293,63.45,-0.0,65.88,ASK
1000,1712311437.7230608,20777149.45315236,63.67,2.989906575677438e-08,65.88,BID
1201,1712311440.1520586,20777149.45315236,63.67,0.0,65.88,BID
1202,1712311452.8733623,20778917.4400945,63.45,-6.061829603468593e-07,65.88,ASK
1203,1712311452.87466,20779291.35116644,63.45,-1.282014674943927e-07,65.88,ASK
1204,1712311469.213621,20779369.94616879,63.63,2.6947569611118018e-08,65.88,BID
1205,1712311470.1481414,20779369.94616879,63.63,0.0,65.88,BID
1206,1712311471.3036768,20785605.94616879,63.45,-2.138010318345753e-06,65.88,ASK
1207,1712311481.1267192,20785754.09610855,63.45,-5.0793152639901634e-08,65.88,ASK
1208,1712311484.699927,20786857.53632383,63.45,-3.783140740780755e-07,65.88,ASK
1209,1712311484.7020018,20814972.61172098,63.44,-9.639243313048876e-06,65.88,ASK
1210,1712311484.9738278,20818921.68046942,63.44,-1.3539367755007597e-06,65.88,ASK
1211,1712311486.4838223,20822880.76494256,63.44,-1.3573706630495397e-06,65.88,ASK
1212,1712311487.5440588,20825670.44321746,63.44,-9.564401758499974e-07,65.88,ASK
1213,1712311490.2983842,20829156.67378597,63.44,-1.195252874856606e-06,65.88,ASK
1214,1712311490.2996562,20831785.66615685,63.44,-9.0134907244967e-07,65.88,ASK
1215,1712311491.4037397,20834700.40621416,63.44,-9.993175621906155e-07,65.88,ASK
1216,1712311493.8639736,20838153.20493348,63.44,-1.1837907775943096e-06,65.88,ASK
1217,1712311500.1011186,20838153.20493348,63.44,-0.0,65.88,ASK
1218,1712311518.2645352,20842892.27296358,63.44,-1.6257283047636863e-06,65.88,ASK
1219,1712311518.265781,20847626.97411814,63.44,-1.6242302563869966e-06,65.88,ASK
1220,1712311518.2843795,20852370.4343057,63.44,-1.6272350260554631e-06,65.88,ASK
1221,1712311518.3445797,20856206.50468409,63.44,-1.3159566719874397e-06,65.88,ASK
1222,1712311518.8334894,20870004.27283201,63.44,-4.733298209303075e-06,65.88,ASK
1223,1712311519.2471404,20880317.4179829,63.44,-3.537904895317831e-06,65.88,ASK
1224,1712311519.48442,20888025.98082895,63.44,-2.6444078726608587e-06,65.88,ASK
1225,1712311520.9544675,20892413.87931402,63.44,-1.505260257987936e-06,65.88,ASK
1226,1712311526.194532,21025200.74425939,63.44,-4.555228232036004e-05,65.88,ASK
1227,1712311528.4746387,21025397.25227372,63.44,-6.741170183210888e-08,65.88,ASK
1228,1712311530.10003,21025397.25227372,63.44,-0.0,65.88,ASK
1229,1712311532.6147015,21031610.16457133,63.43,-2.1226779023715067e-06,65.88,ASK
1230,1712311532.757847,21034425.33487321,63.43,-9.618194342632555e-07,65.88,ASK
1231,1712311532.774449,21039504.75771958,63.43,-1.735414587605994e-06,65.88,ASK
1232,1712311560.145043,21039504.75771958,63.43,-0.0,65.88,ASK
1233,1712311560.805169,21041599.0410728,63.43,-7.153054946889413e-07,65.88,ASK
1234,1712311560.8251452,21043691.67522534,63.43,-7.147422078215856e-07,65.88,ASK
1235,1712311560.8850057,21045771.83536941,63.43,-7.104816922693063e-07,65.88,ASK
1236,1712311563.616096,21050692.43536941,63.43,-1.68063801479013e-06,65.88,ASK
1237,1712311590.139508,21050692.43536941,63.43,-0.0,65.88,ASK
1238,1712311620.107923,21050692.43536941,63.43,-0.0,65.88,ASK
1239,1712311650.1014764,21050692.43536941,63.43,-0.0,65.88,ASK
1240,1712311680.1507866,21050692.43536941,63.43,-0.0,65.88,ASK
1241,1712311689.647024,21051709.30435885,63.43,-3.472289072757637e-07,65.88,ASK
1242,1712311700.9870942,21052023.76976766,63.6,1.0738008672770144e-07,65.88,BID
1243,1712311710.1535587,21052023.76976766,63.6,0.0,65.88,BID
1244,1712311740.101329,21052023.76976766,63.6,0.0,65.88,BID
1245,1712311770.0982003,21052023.76976766,63.6,0.0,65.88,BID
1246,1712311770.738,21052050.37083148,63.59,9.083167949764476e-09,65.88,BID
1247,1712311784.7873652,21052076.83114894,63.58,9.035108864982868e-09,65.88,BID
1248,1712311800.132938,21052076.83114894,63.58,0.0,65.88,BID
1249,1712311830.1046574,21052076.83114894,63.58,0.0,65.88,BID
1250,1712311838.208706,21052103.15220157,63.57,9.01713029311576e-09,65.88,BID
1251,1712311860.1732855,21052103.15220157,63.57,0.0,65.88,BID
1252,1712311890.1492918,21052103.15220157,63.57,0.0,65.88,BID
1253,1712311920.12957,21052103.15220157,63.57,0.0,65.88,BID
1254,1712311930.4197214,21055234.15739269,63.57,-1.0726267665153863e-06,65.88,ASK
1255,1712311950.1049187,21055234.15739269,63.57,-0.0,65.88,ASK
1256,1712311980.188403,21055234.15739269,63.57,-0.0,65.88,ASK
1257,1712312010.1632764,21055234.15739269,63.57,-0.0,65.88,ASK
1258,1712312011.9602902,21056021.43498676,63.51,-2.696889310942816e-07,65.88,ASK
1259,1712312016.820428,21062313.71121768,63.58,2.155475100085275e-06,65.88,BID
1260,1712312016.9004118,21066911.30356168,63.58,1.574946085351309e-06,65.88,BID
1261,1712312040.0982742,21066911.30356168,63.58,0.0,65.88,BID
1262,1712312070.1051166,21066911.30356168,63.58,0.0,65.88,BID
1263,1712312072.070864,21067526.77950551,63.61,2.107831462922074e-07,65.88,BID
1264,1712312080.3810167,21067836.77950551,63.61,1.061662539464694e-07,65.88,BID
1265,1712312087.4808967,21068780.49904646,63.61,3.231973175443024e-07,65.88,BID
1266,1712312100.1110933,21068780.49904646,63.61,0.0,65.88,BID
1267,1712312130.1110194,21068780.49904646,63.61,0.0,65.88,BID
1268,1712312160.152388,21068780.49904646,63.61,0.0,65.88,BID
1269,1712312190.15068,21068780.49904646,63.61,0.0,65.88,BID
1270,1712312220.109642,21068780.49904646,63.61,0.0,65.88,BID
1271,1712312250.109471,21068780.49904646,63.61,0.0,65.88,BID
1272,1712312280.1544983,21068780.49904646,63.61,0.0,65.88,BID
1273,1712312283.982382,21069880.49904646,63.6,3.771012942373761e-07,65.88,BID
1274,1712312295.1823523,21070080.49904646,63.6,6.856387167952289e-08,65.88,BID
1275,1712312302.6954556,21070938.67058961,63.6,2.941978178181647e-07,65.88,BID
1276,1712312310.1539955,21070938.67058961,63.6,0.0,65.88,BID
1277,1712312340.111755,21070938.67058961,63.6,0.0,65.88,BID
1278,1712312360.552742,21072513.96989561,63.48,-5.400176866798042e-07,65.88,ASK
1279,1712312360.652682,21072513.96989647,63.48,-2.949965953724898e-16,65.88,ASK
1280,1712312360.6550784,21073458.82596861,63.47,-3.238997112353088e-07,65.88,ASK
1281,1712312367.2725966,21073458.82597008,63.47,-5.044314076715734e-16,65.88,ASK
1282,1712312367.2741327,21078335.82596861,63.45,-1.6718513409581045e-06,65.88,ASK
1283,1712312370.1167698,21078335.82596861,63.45,-0.0,65.88,ASK
1284,1712312373.7167847,21079972.67271359,63.45,-5.61026068672484e-07,65.88,ASK
1285,1712312373.8826227,21082741.92530873,63.45,-9.491559923844188e-07,65.88,ASK
1286,1712312400.1339462,21082741.92530873,63.45,-0.0,65.88,ASK
1287,1712312410.1132276,21086011.79467673,63.45,-1.1219168036385617e-06,65.88,ASK
1288,1712312410.592813,21089203.51469673,63.45,-1.0951031738432347e-06,65.88,ASK
1289,1712312410.6996443,21089203.51469742,63.45,-2.3774057871654223e-16,65.88,ASK
1290,1712312410.832794,21092502.54758708,63.43,-1.1319230275343816e-06,65.88,ASK
1291,1712312410.9353774,21094965.7648201,63.43,-8.451483816999883e-07,65.88,ASK
1292,1712312413.2890928,21097643.59716841,63.43,-9.187844438980172e-07,65.88,ASK
1293,1712312413.2906687,21100335.2231152,63.43,-9.235171314082268e-07,65.88,ASK
1294,1712312413.2995815,21104517.0732906,63.43,-1.4348242862545734e-06,65.88,ASK
1295,1712312413.426581,21106594.31731525,63.43,-7.127180673699503e-07,65.88,ASK
1296,1712312430.1030085,21106594.31731525,63.43,-0.0,65.88,ASK
1297,1712312432.8431358,21110068.69173636,63.43,-1.1914654764494874e-06,65.88,ASK
1298,1712312432.8465638,21111441.22003944,63.43,-4.7068044210590214e-07,65.88,ASK
1299,1712312434.3030462,21111541.22003944,63.42,-3.429294981020915e-08,65.88,ASK
1300,1712312434.6130784,21113906.55345688,63.41,-8.111426016873857e-07,65.88,ASK
1301,1712312437.1830616,21117190.05345687,63.41,-1.126009007014385e-06,65.88,ASK
1302,1712312438.0654092,21120480.59045995,63.41,-1.1284222029530278e-06,65.88,ASK
1303,1712312438.1652718,21124498.21308115,63.41,-1.3777613090520609e-06,65.88,ASK
1304,1712312438.2431386,21132383.4046913,63.41,-2.704064801307576e-06,65.88,ASK
1305,1712312438.2463577,21169857.71741772,63.41,-1.2851047254991832e-05,65.88,ASK
1306,1712312446.3732083,21171992.37453381,63.4,-7.320368934404644e-07,65.88,ASK
1307,1712312451.9759495,21173861.83867747,63.4,-6.410944005051525e-07,65.88,ASK
1308,1712312460.1550603,21173861.83867747,63.4,-0.0,65.88,ASK
1309,1712312472.0134535,21174589.57861645,63.4,-2.4919897302786465e-07,65.88,ASK
1310,1712312472.017039,21179589.57847747,63.4,-1.712142983725918e-06,65.88,ASK
1311,1712312475.8728058,21179589.57861645,63.4,-4.759179965585576e-14,65.88,ASK
1312,1712312475.8757074,21184707.05756671,63.39,-1.7523711845199868e-06,65.88,ASK
1313,1712312476.0931938,21187291.58266069,63.39,-8.85015325784771e-07,65.88,ASK
1314,1712312476.2191195,21194247.99384556,63.39,-2.3820741866310592e-06,65.88,ASK
1315,1712312476.8332057,21340615.58944556,63.39,-5.012045176345449e-05,65.88,ASK
1316,1712312477.3732088,21345669.6563487,63.39,-1.7306570856050696e-06,65.88,ASK
1317,1712312477.5131977,21352096.75807452,63.39,-2.200823486285437e-06,65.88,ASK
1318,1712312477.613265,21358544.9645606,63.39,-2.2080503599291377e-06,65.88,ASK
1319,1712312478.5731723,21362335.65523808,63.39,-1.2980409254653108e-06,65.88,ASK
1320,1712312480.1711843,21365170.6336053,63.39,-9.7077769107465e-07,65.88,ASK
1321,1712312484.2432604,21369703.70715304,63.39,-1.552254057042586e-06,65.88,ASK
1322,1712312484.623222,21370712.70715304,63.39,-3.4551046371991544e-07,65.88,ASK
1323,1712312485.3852675,21378005.26768253,63.39,-2.4971813382054714e-06,65.88,ASK
1324,1712312490.153627,21378005.26768253,63.39,-0.0,65.88,ASK
1325,1712312499.3834364,21382307.72731001,63.39,-1.4667855324396333e-06,65.88,ASK
1326,1712312500.0255191,21384496.22848343,63.39,-7.460992401648289e-07,65.88,ASK
1327,1712312500.2833629,21389396.09602593,63.39,-1.6704525886317306e-06,65.88,ASK
1328,1712312500.5282056,21393754.28069947,63.39,-1.485783198526895e-06,65.88,ASK
1329,1712312500.5432692,21398121.7663997,63.39,-1.4889540850820405e-06,65.88,ASK
1330,1712312500.545158,21401792.20207964,63.39,-1.2513172508810753e-06,65.88,ASK
1331,1712312508.3234878,21403791.20207964,63.39,-6.814948966911424e-07,65.88,ASK
1332,1712312509.1256115,21410334.01346552,63.39,-2.2305615655281184e-06,65.88,ASK
1333,1712312509.2033029,21415916.88829074,63.39,-1.903302002127695e-06,65.88,ASK
1334,1712312509.5035217,21421047.75853442,63.39,-1.7492055460991375e-06,65.88,ASK
1335,1712312509.6872878,21426184.26560443,63.39,-1.7511272411350066e-06,65.88,ASK
1336,1712312510.007071,21431489.66727168,63.39,-1.808706433781412e-06,65.88,ASK
1337,1712312511.3136396,21435085.65843749,63.39,-1.2259377829142031e-06,65.88,ASK
1338,1712312511.35337,21437115.17795914,63.39,-6.918995481438088e-07,65.88,ASK
1339,1712312511.3562124,21440092.94963635,63.39,-1.0151756886096405e-06,65.88,ASK
1340,1712312511.8131564,21445692.57027646,63.39,-1.909010950295901e-06,65.88,ASK
1341,1712312515.3560848,21477238.31160046,63.4,-1.0754508116380654e-05,65.88,ASK
1342,1712312515.3577971,21477238.31160138,63.4,-3.136944886405302e-16,65.88,ASK
1343,1712312516.853681,21482816.58165271,63.39,-1.9017321522481829e-06,65.88,ASK
1344,1712312516.857379,21488396.92855102,63.39,-1.9024401865755043e-06,65.88,ASK
1345,1712312516.933374,21493381.63821639,63.39,-1.6993767876131516e-06,65.88,ASK
1346,1712312516.9864218,21498433.19895645,63.39,-1.722167516095265e-06,65.88,ASK
1347,1712312516.9880738,21502191.82039444,63.39,-1.281381354970528e-06,65.88,ASK
1348,1712312517.0134585,21507176.53005981,63.39,-1.6993767876118815e-06,65.88,ASK
1349,1712312517.0543818,21512182.38105037,63.39,-1.7065842439534148e-06,65.88,ASK
1350,1712312517.056054,21515948.22281923,63.39,-1.2838428950600258e-06,65.88,ASK
1351,1712312517.253401,21521553.12926832,63.39,-1.9108129772306347e-06,65.88,ASK
1352,1712312517.373466,21533035.7769067,63.39,-3.91464020313103e-06,65.88,ASK
1353,1712312517.673485,21538075.19316087,63.39,-1.7180272433813962e-06,65.88,ASK
1354,1712312520.116244,21538075.19316087,63.39,-0.0,65.88,ASK
1355,1712312521.2697003,21540370.18764109,63.39,-7.797074388418782e-07,65.88,ASK
1356,1712312522.7137563,21564322.35326209,63.39,-8.13757151575117e-06,65.88,ASK
1357,1712312522.7337108,21564660.91928406,63.39,-1.150253075312922e-07,65.88,ASK
1358,1712312522.7374308,21564860.91928406,63.39,-6.794852410854583e-08,65.88,ASK
1359,1712312522.7436943,21566617.3477428,63.39,-5.967336073678391e-07,65.88,ASK
1360,1712312522.833294,21566696.25276015,63.38,-2.6807397368414003e-08,65.88,ASK
1361,1712312550.107434,21566696.25276015,63.38,-0.0,65.88,ASK
1362,1712312579.130418,21566789.45546015,63.38,-3.16454235848125e-08,65.88,ASK
1363,1712312579.133643,21567375.25276015,63.37,-1.988977110457143e-07,65.88,ASK
1364,1712312580.0735466,21570285.06385419,63.37,-9.87977865689404e-07,65.88,ASK
1365,1712312580.2146988,21570285.06385419,63.37,-0.0,65.88,ASK
1366,1712312588.383688,21573150.60033964,63.37,-9.72870037096083e-07,65.88,ASK
1367,1712312592.803819,21575562.07018084,63.37,-8.187111787892623e-07,65.88,ASK
1368,1712312593.2868886,21577385.66548094,63.37,-6.191235868977565e-07,65.88,ASK
1369,1712312593.2900124,21579199.10746614,63.37,-6.156764642047254e-07,65.88,ASK
1370,1712312610.1544118,21579199.10746614,63.37,-0.0,65.88,ASK
1371,1712312640.10927,21579199.10746614,63.37,-0.0,65.88,ASK
1372,1712312646.0622108,21580392.69668014,63.37,-4.051543343167637e-07,65.88,ASK
1373,1712312646.3738534,21581346.69668014,63.37,-3.238276874525418e-07,65.88,ASK
1374,1712312646.7777045,21582789.45538014,63.37,-4.897329280646522e-07,65.88,ASK
1375,1712312647.0141847,21582789.45546015,63.37,-2.7158097445692404e-14,65.88,ASK
1376,1712312647.0179229,21582947.30865667,63.35,-5.358200795196986e-08,65.88,ASK
1377,1712312647.0215714,21583870.45784396,63.33,-3.133556252552914e-07,65.88,ASK
1378,1712312647.0242336,21585186.21408014,63.34,-4.466229551505708e-07,65.88,ASK
1379,1712312647.2030478,21588988.81583695,63.33,-1.290762823072458e-06,65.88,ASK
1380,1712312647.2086427,21592827.83293063,63.33,-1.3031237185914303e-06,65.88,ASK
1381,1712312647.2739706,21596059.14593063,63.33,-1.0968434132344478e-06,65.88,ASK
1382,1712312647.5539663,21596105.79345751,63.33,-1.5834130771246358e-08,65.88,ASK
1383,1712312647.564114,21597211.11479021,63.33,-3.751925063513359e-07,65.88,ASK
1384,1712312647.5671198,21597384.80814249,63.33,-5.8958822427017865e-08,65.88,ASK
1385,1712312647.570104,21600385.54470773,63.33,-1.0185760823646374e-06,65.88,ASK
1386,1712312647.874012,21605578.33559203,63.32,-1.7626514292325512e-06,65.88,ASK
1387,1712312648.1243398,21609491.52301883,63.32,-1.32830024631905e-06,65.88,ASK
1388,1712312650.7740855,21612217.96030865,63.32,-9.254673821242154e-07,65.88,ASK
1389,1712312651.7139273,21614944.39759847,63.32,-9.2546738212548e-07,65.88,ASK
1390,1712312653.9490914,21615029.15995438,63.33,2.8771905342725664e-08,65.88,BID
1391,1712312654.4039557,21616058.15995438,63.32,-3.492858389818297e-07,65.88,ASK
1392,1712312658.584058,21616738.15995438,63.32,-2.308205738655434e-07,65.88,ASK
1393,1712312662.8441112,21619903.71602526,63.32,-1.074522748358631e-06,65.88,ASK
1394,1712312670.1052508,21619903.71602526,63.32,-0.0,65.88,ASK
1395,1712312670.7121174,21620767.43989529,63.32,-2.9292786077723853e-07,65.88,ASK
1396,1712312670.7139776,21620950.71602526,63.32,-6.215723166390348e-08,65.88,ASK
1397,1712312670.7603402,21621450.71602526,63.3,-1.6957263249338202e-07,65.88,ASK
1398,1712312670.7621455,21624610.27368718,63.3,-1.0715490204930856e-06,65.88,ASK
1399,1712312670.763941,21625110.27368718,63.3,-1.6957263249338202e-07,65.88,ASK
1400,1712312670.7657044,21625246.54981715,63.32,-4.621740420952556e-08,65.88,ASK
1401,1712312670.767524,21629637.8758003,63.28,-1.4892974141992772e-06,65.88,ASK
1402,1712312670.7692854,21629716.91875671,63.32,-2.6807044396366805e-08,65.88,ASK
1403,1712312670.7710812,21661865.43376459,63.3,-1.0903016641279546e-05,65.88,ASK
1404,1712312670.9383533,21661980.75285097,63.28,-3.9109922107215954e-08,65.88,ASK
1405,1712312670.9414022,21662080.75285097,63.28,-3.3914526498676404e-08,65.88,ASK
1406,1712312674.4641294,21662580.75285097,63.26,-1.6957263249338202e-07,65.88,ASK
1407,1712312674.4674742,21662628.75285097,63.26,-1.6278972719364675e-08,65.88,ASK
1408,1712312674.566837,21662738.83062523,63.26,-3.73323559206264e-08,65.88,ASK
1409,1712312681.374427,21665900.88596119,63.25,-1.0723960948174005e-06,65.88,ASK
1410,1712312681.4939766,21666400.88596119,63.24,-1.6957263249338202e-07,65.88,ASK
1411,1712312681.774005,21667292.7677971,63.24,3.024775015770612e-07,65.88,BID
1412,1712312682.5341692,21668924.19233488,63.22,-5.532899071705952e-07,65.88,ASK
1413,1712312682.538336,21669424.19233488,63.22,-1.6957263249338202e-07,65.88,ASK
1414,1712312683.254198,21672897.11865908,63.22,-1.1778265185002784e-06,65.88,ASK
1415,1712312694.52661,21674926.32601286,63.22,-6.881960657114557e-07,65.88,ASK
1416,1712312694.530964,21676775.83352283,63.22,-6.27251714563506e-07,65.88,ASK
1417,1712312697.8341918,21680842.43562373,63.22,-1.3791688471059048e-06,65.88,ASK
1418,1712312697.8376336,21681000.61341556,63.22,-5.36452491252582e-08,65.88,ASK
1419,1712312700.1572714,21681000.61341556,63.22,-0.0,65.88,ASK
1420,1712312700.1840343,21681137.10122791,63.21,-4.706152593676048e-08,65.88,ASK
1421,1712312726.364688,21689048.49363297,63.2,-2.727878720175189e-06,65.88,ASK
1422,1712312726.3687866,21689262.00582062,63.21,-7.361982864385247e-08,65.88,ASK
1423,1712312726.3728473,21689346.80012441,63.2,-2.923740412018629e-08,65.88,ASK
1424,1712312726.3768942,21689846.80012441,63.2,-1.7240193511516134e-07,65.88,ASK
1425,1712312726.381915,21698778.10122791,63.2,-3.0795471866787336e-06,65.88,ASK
1426,1712312726.5042408,21707848.59285094,63.2,-3.1275406165121594e-06,65.88,ASK
1427,1712312729.6343288,21713390.39031606,63.2,-1.910833214007084e-06,65.88,ASK
1428,1712312730.1597576,21713390.39031606,63.2,-0.0,65.88,ASK
1429,1712312730.4019146,21718745.21655273,63.2,-1.845062516946894e-06,65.88,ASK
1430,1712312731.1588235,21723276.46516151,63.2,-1.5612900575139652e-06,65.88,ASK
1431,1712312732.324921,21723434.41809153,63.31,5.442436742949745e-08,65.88,BID
1432,1712312734.3147547,21725905.12828301,63.2,-8.513095594617832e-07,65.88,ASK
1433,1712312737.890794,21729326.12166272,63.2,-1.178739771686166e-06,65.88,ASK
1434,1712312737.9843204,21729540.12166272,63.2,-7.373598342422627e-08,65.88,ASK
1435,1712312745.9909508,21737024.12166272,63.21,-2.578692055826679e-06,65.88,ASK
1436,1712312750.436778,21742271.79315715,63.2,-1.808141207144545e-06,65.88,ASK
1437,1712312750.4388127,21742279.33405257,63.21,-2.598295980238093e-09,65.88,ASK
1438,1712312751.0996294,21758212.80151188,63.19,-5.490046226495884e-06,65.88,ASK
1439,1712312751.1016316,21762898.11583953,63.2,-1.6143750448638945e-06,65.88,ASK
1440,1712312756.8644934,21764052.80893321,63.19,-3.978618262413346e-07,65.88,ASK
1441,1712312760.1210873,21764052.80893321,63.19,-0.0,65.88,ASK
1442,1712312764.2643845,21766602.05233921,63.19,-8.774010592014473e-07,65.88,ASK
1443,1712312785.854533,21766602.05234005,63.19,-2.8848915342956044e-16,65.88,ASK
1444,1712312785.9445262,21816602.05233921,63.19,1.720904832235996e-05,65.88,BID
1445,1712312785.9744642,21819352.6126431,63.19,-9.46690503679762e-07,65.88,ASK
1446,1712312786.9544923,21819852.6126431,63.18,-1.720904832264845e-07,65.88,ASK
1447,1712312786.964538,21823082.74082153,63.18,-1.1117486382186128e-06,65.88,ASK
1448,1712312790.100774,21823082.74082153,63.18,-0.0,65.88,ASK
1449,1712312820.1569986,21823082.74082153,63.18,-0.0,65.88,ASK
1450,1712312820.3251054,21825941.57917506,63.18,-9.826961453694294e-07,65.88,ASK
1451,1712312850.156879,21825941.57917506,63.18,-0.0,65.88,ASK
1452,1712312880.1149893,21825941.57917506,63.18,-0.0,65.88,ASK
1453,1712312910.1149657,21825941.57917506,63.18,-0.0,65.88,ASK
1454,1712312911.2849956,21833116.67484034,63.19,-2.466211879932275e-06,65.88,ASK
1455,1712312911.2879276,21837865.01292201,63.19,-1.632090822652417e-06,65.88,ASK
1456,1712312922.6652038,21838282.64657998,63.18,-1.4354834232079568e-07,65.88,ASK
1457,1712312922.6696112,21838436.2066517,63.17,-5.278141098335976e-08,65.88,ASK
1458,1712312922.6732345,21839126.15600275,63.18,-2.371482368304599e-07,65.88,ASK
1459,1712312922.676772,21839141.071915,63.19,-5.126872408645006e-09,65.88,ASK
1460,1712312922.6800866,21840723.85127555,63.18,-5.440302742140577e-07,65.88,ASK
1461,1712312940.1658852,21840723.85127555,63.18,-0.0,65.88,ASK
1462,1712312970.1551204,21840723.85127555,63.18,-0.0,65.88,ASK
1463,1712313000.1588228,21840723.85127555,63.18,-0.0,65.88,ASK
1464,1712313030.1107075,21840723.85127555,63.18,-0.0,65.88,ASK
1465,1712313060.1653728,21840723.85127555,63.18,-0.0,65.88,ASK
1466,1712313090.116204,21840723.85127555,63.18,-0.0,65.88,ASK
1467,1712313095.942955,21842306.3801567,63.19,-5.440447118873837e-07,65.88,ASK
1468,1712313095.9497485,21842770.93670555,63.19,-1.597061113917594e-07,65.88,ASK
1469,1712313095.9756474,21845619.48869162,63.19,-9.792804813972903e-07,65.88,ASK
1470,1712313096.015977,21847650.92755214,63.19,-6.983718166235578e-07,65.88,ASK
1471,1712313120.170061,21847650.92755214,63.19,-0.0,65.88,ASK
1472,1712313123.7763608,21847655.67047234,63.17,-1.6302845696098323e-09,65.88,ASK
1473,1712313123.7799883,21848155.67047234,63.16,-1.7186506431767296e-07,65.88,ASK
1474,1712313123.7833407,21848472.27645619,63.17,-1.0882701555534836e-07,65.88,ASK
1475,1712313123.7852576,21848552.27645619,63.16,-2.749841029082768e-08,65.88,ASK
1476,1712313123.7872093,21851120.37346651,63.19,-8.827323157059992e-07,65.88,ASK
1477,1712313123.789145,21851912.37346651,63.2,-2.72234261879194e-07,65.88,ASK
1478,1712313123.7911272,21853025.24745732,63.17,-3.825283200165359e-07,65.88,ASK
1479,1712313123.7930708,21853859.62938197,63.18,-2.868022062902088e-07,65.88,ASK
1480,1712313123.795056,21855137.06989102,63.14,-4.390947905001311e-07,65.88,ASK
1481,1712313123.797018,21855219.37234502,63.15,-2.8289833099900892e-08,65.88,ASK
1482,1712313123.7990055,21856435.05225637,63.17,-4.1786581230866746e-07,65.88,ASK
1483,1712313123.8009784,21859435.05225637,63.16,-1.0311903859060378e-06,65.88,ASK
1484,1712313123.8031578,21862125.92755214,63.15,-9.249349115564984e-07,65.88,ASK
1485,1712313124.0354128,21866053.45476615,63.14,-1.3500094344902435e-06,65.88,ASK
1486,1712313142.339383,21868194.45476615,63.14,-7.359262054082756e-07,65.88,ASK
1487,1712313150.1557026,21868194.45476615,63.14,-0.0,65.88,ASK
1488,1712313154.7657015,21874868.19964708,63.14,-2.292944551349887e-06,65.88,ASK
1489,1712313156.7357657,21879053.67092061,63.14,-1.4380312287478295e-06,65.88,ASK
1490,1712313175.7061422,21894899.02031056,63.11,-5.4440959605359735e-06,65.88,ASK
1491,1712313175.7108388,21926077.47063538,63.11,-1.0712195186861304e-05,65.88,ASK
1492,1712313175.7154868,21926735.89902574,63.12,-2.262207826431541e-07,65.88,ASK
1493,1712313175.7176912,21928715.31311916,63.12,-6.800809502535497e-07,65.88,ASK
1494,1712313175.7198305,21938481.41275742,63.14,-3.3554062004197088e-06,65.88,ASK
1495,1712313180.1157646,21938481.41275742,63.14,-0.0,65.88,ASK
1496,1712313187.789659,21938798.36996819,63.1,-1.087334362602707e-07,65.88,ASK
1497,1712313187.7918315,21938972.66473774,63.1,-5.979251637465104e-08,65.88,ASK
1498,1712313187.7938344,21939131.14334312,63.1,-5.436671812885738e-08,65.88,ASK
1499,1712313187.795903,21940089.54270912,63.1,-3.287827278672104e-07,65.88,ASK
1500,1712313187.7979026,21960614.53478392,63.09,-7.041180454843538e-06,65.88,ASK
1501,1712313187.799963,21965368.89294556,63.1,-1.631001543927064e-06,65.88,ASK
1502,1712313187.9262078,21965868.89294556,63.06,-1.7152699570317772e-07,65.88,ASK
1503,1712313187.9300022,21966368.89294556,63.08,-1.7152699570317772e-07,65.88,ASK
1504,1712313187.9336567,21968113.54005103,63.05,-5.985081531271311e-07,65.88,ASK
1505,1712313187.9372544,21968213.54005056,63.05,-3.4305398978332626e-08,65.88,ASK
1506,1712313192.3911047,21968213.54005103,63.05,-1.62302914666411e-16,65.88,ASK
1507,1712313192.3935225,21968345.85831752,63.03,-4.539230945488804e-08,65.88,ASK
1508,1712313192.395639,21969426.85451041,63.04,-3.708400586663838e-07,65.88,ASK
1509,1712313192.3977394,21969585.50911932,63.03,-5.4427096841260734e-08,65.88,ASK
1510,1712313192.3998914,21971195.91521069,63.04,-5.524562374294796e-07,65.88,ASK
1511,1712313199.1057296,21975635.68941487,63.03,-1.5230822616868025e-06,65.88,ASK
1512,1712313210.118735,21975635.68941487,63.03,-0.0,65.88,ASK
1513,1712313231.7863076,21983662.35129393,63.03,-2.7513663341929296e-06,65.88,ASK
1514,1712313235.415856,21985524.96113134,63.03,-6.384624240575434e-07,65.88,ASK
1515,1712313235.435698,21987393.32643963,63.03,-6.40435275168415e-07,65.88,ASK
1516,1712313240.150808,21987393.32643963,63.03,-0.0,65.88,ASK
1517,1712313261.8560283,21998034.88045998,63.03,-3.6467685047643503e-06,65.88,ASK
1518,1712313261.860613,21999971.42654914,63.03,-6.636375920728565e-07,65.88,ASK
1519,1712313261.869879,22001225.77368542,63.03,-4.298539124911087e-07,65.88,ASK
1520,1712313262.9659564,22017091.23457705,63.03,5.436956198551337e-06,65.88,BID
1521,1712313266.1439438,22017591.23457705,63.02,-1.7134567459747638e-07,65.88,ASK
1522,1712313266.1462448,22031452.37011167,63.02,-4.750091237733638e-06,65.88,ASK
1523,1712313270.1558838,22031452.37011167,63.02,-0.0,65.88,ASK
1524,1712313271.8460088,22048783.0014356,63.02,-5.933411084716821e-06,65.88,ASK
1525,1712313273.8202689,22050617.37889291,63.01,-6.280276428087362e-07,65.88,ASK
1526,1712313273.906087,22050783.0014356,63.01,-5.6703452535038724e-08,65.88,ASK
1527,1712313273.915863,22103367.93919597,63.01,-1.8003271015620502e-05,65.88,ASK
1528,1712313274.005939,22108316.21172763,63.01,-1.6941180353322644e-06,65.88,ASK
1529,1712313274.0859003,22114264.98842179,63.01,-2.036656190873833e-06,65.88,ASK
1530,1712313274.095955,22130135.48516833,63.01,-5.4335113104541e-06,65.88,ASK
1531,1712313300.1088705,22130135.48516833,63.01,-0.0,65.88,ASK
1532,1712313305.167944,22130294.21532706,63.0,-5.4329853051710594e-08,65.88,ASK
1533,1712313305.1706786,22133275.16770801,63.0,-1.0203146403019443e-06,65.88,ASK
1534,1712313305.173397,22143135.48516833,63.0,-3.3749704715482904e-06,65.88,ASK
1535,1712313313.0561285,22146716.6230403,63.0,-1.2257449743455812e-06,65.88,ASK
1536,1712313313.9381635,22179688.0835783,63.02,1.1285408017273704e-05,65.88,BID
1537,1712313313.9559865,22179688.08357895,63.02,2.2313990812400227e-16,65.88,BID
